a2207,20220218,20220218,112003000,11:20:08,6077,35293,67298,2137474180,35293,-315,2137474180
a2207,20220218,20220218,112004500,11:20:09,6077,35293,67298,2137474180,0,0,0
a2207,20220218,20220218,112008000,11:20:10,6077,35297,67301,2137717260,4,3,243080
a2207,20220218,20220218,112011000,11:20:11,6077,35297,67301,2137717260,0,0,0
a2207,20220218,20220218,112011500,11:20:12,6077,35297,67301,2137717260,0,0,0
a2207,20220218,20220218,112012000,11:20:12,6077,35297,67301,2137717260,0,0,0
a2207,20220218,20220218,112012500,11:20:12,6077,35297,67301,2137717260,0,0,0
a2207,20220218,20220218,112020000,11:20:20,6077,35297,67301,2137717260,0,0,0
a2207,20220218,20220218,112020500,11:20:21,6077,35297,67301,2137717260,0,0,0
a2207,20220218,20220218,112023000,11:20:23,6077,35297,67301,2137717260,0,0,0
a2207,20220218,20220218,112023500,11:20:23,6076,35298,67300,2137778020,1,-1,60760
a2207,20220218,20220218,112025500,11:20:25,6076,35298,67300,2137778020,0,0,0
a2207,20220218,20220218,112029000,11:20:29,6076,35298,67300,2137778020,0,0,0
a2207,20220218,20220218,112029500,11:20:31,6077,35300,67299,2137899560,2,-1,121540
a2207,20220218,20220218,112030000,11:20:31,6077,35300,67299,2137899560,0,0,0
a2207,20220218,20220218,112030500,11:20:31,6077,35300,67299,2137899560,0,0,0
a2207,20220218,20220218,112031000,11:20:32,6077,35300,67299,2137899560,0,0,0
a2207,20220218,20220218,112031500,11:20:32,6077,35300,67299,2137899560,0,0,0
a2207,20220218,20220218,112032000,11:20:32,6077,35305,67299,2138203410,5,0,303850
a2207,20220218,20220218,112032500,11:20:32,6078,35307,67298,2138324970,2,-1,121560
a2207,20220218,20220218,112033000,11:20:33,6078,35308,67297,2138385750,1,-1,60780
a2207,20220218,20220218,112033500,11:20:33,6078,35308,67297,2138385750,0,0,0
a2207,20220218,20220218,112037000,11:20:37,6077,35313,67297,2138689600,5,0,303850
a2207,20220218,20220218,112040000,11:20:40,6077,35313,67297,2138689600,0,0,0
a2207,20220218,20220218,112040500,11:20:41,6078,35317,67297,2138932720,4,0,243120
a2207,20220218,20220218,112041000,11:20:41,6078,35317,67297,2138932720,0,0,0
a2207,20220218,20220218,112046500,11:20:46,6078,35317,67297,2138932720,0,0,0
a2207,20220218,20220218,112047000,11:20:48,6078,35317,67297,2138932720,0,0,0
a2207,20220218,20220218,112047500,11:20:48,6078,35317,67297,2138932720,0,0,0
a2207,20220218,20220218,112048000,11:20:48,6078,35317,67297,2138932720,0,0,0
a2207,20220218,20220218,112048500,11:20:50,6078,35317,67297,2138932720,0,0,0
a2207,20220218,20220218,112049000,11:20:50,6078,35317,67297,2138932720,0,0,0
a2207,20220218,20220218,112100000,11:21:00,6078,35317,67297,2138932720,0,0,0
a2207,20220218,20220218,112100500,11:21:01,6078,35317,67297,2138932720,0,0,0
a2207,20220218,20220218,112117000,11:21:17,6078,35317,67297,2138932720,0,0,0
a2207,20220218,20220218,112124000,11:21:24,6078,35318,67297,2138993500,1,0,60780
a2207,20220218,20220218,112328000,11:23:33,6078,35318,67297,2138993500,0,0,0
a2207,20220218,20220218,112336000,11:23:36,6077,35341,67292,2140391490,23,-5,1397990
a2207,20220218,20220218,112337000,11:23:38,6077,35341,67292,2140391490,0,0,0
a2207,20220218,20220218,112339000,11:23:39,6077,35341,67292,2140391490,0,0,0
a2207,20220218,20220218,112350000,11:23:50,6077,35342,67292,2140452260,1,0,60770
a2207,20220218,20220218,112350500,11:23:50,6076,35343,67291,2140513020,1,-1,60760
a2207,20220218,20220218,112351000,11:23:51,6076,35344,67291,2140573780,1,0,60760
a2207,20220218,20220218,112351500,11:23:51,6076,35344,67291,2140573780,0,0,0
a2207,20220218,20220218,112354500,11:23:55,6076,35344,67291,2140573780,0,0,0
a2207,20220218,20220218,112355000,11:23:55,6076,35344,67291,2140573780,0,0,0
a2207,20220218,20220218,112356500,11:23:56,6077,35349,67291,2140877630,5,0,303850
a2207,20220218,20220218,112357000,11:23:57,6077,35349,67291,2140877630,0,0,0
a2207,20220218,20220218,112403500,11:24:04,6077,35349,67291,2140877630,0,0,0
a2207,20220218,20220218,112405500,11:24:05,6077,35349,67291,2140877630,0,0,0
a2207,20220218,20220218,112411000,11:24:12,6077,35349,67291,2140877630,0,0,0
a2207,20220218,20220218,112418500,11:24:19,6077,35349,67291,2140877630,0,0,0
a2207,20220218,20220218,112420000,11:24:20,6077,35349,67291,2140877630,0,0,0
a2207,20220218,20220218,112427500,11:24:28,6076,35353,67295,2141120670,4,4,243040
a2207,20220218,20220218,112428000,11:24:28,6076,35353,67295,2141120670,0,0,0
a2207,20220218,20220218,112434000,11:24:34,6077,35354,67295,2141181440,1,0,60770
a2207,20220218,20220218,112434500,11:24:34,6077,35354,67295,2141181440,0,0,0
a2207,20220218,20220218,112441000,11:24:41,6077,35369,67295,2142092990,15,0,911550
a2207,20220218,20220218,112441500,11:24:41,6077,35369,67295,2142092990,0,0,0
a2207,20220218,20220218,112444000,11:24:44,6077,35369,67295,2142092990,0,0,0
a2207,20220218,20220218,112445000,11:24:45,6077,35369,67295,2142092990,0,0,0
a2207,20220218,20220218,112445500,11:24:45,6077,35369,67295,2142092990,0,0,0
a2207,20220218,20220218,112446000,11:24:46,6077,35372,67295,2142275300,3,0,182310
a2207,20220218,20220218,112451500,11:24:52,6077,35375,67292,2142457610,3,-3,182310
a2207,20220218,20220218,112452000,11:24:52,6077,35375,67292,2142457610,0,0,0
a2207,20220218,20220218,112455000,11:24:55,6077,35375,67292,2142457610,0,0,0
a2207,20220218,20220218,112455500,11:24:56,6078,35377,67292,2142579170,2,0,121560
a2207,20220218,20220218,112456000,11:24:56,6078,35377,67292,2142579170,0,0,0
a2207,20220218,20220218,112456500,11:24:56,6078,35377,67292,2142579170,0,0,0
a2207,20220218,20220218,112500000,11:25:00,6078,35377,67292,2142579170,0,0,0
a2207,20220218,20220218,112502500,11:25:06,6077,35378,67291,2142639940,1,-1,60770
a2207,20220218,20220218,112504500,11:25:06,6077,35378,67291,2142639940,0,0,0
a2207,20220218,20220218,112505500,11:25:06,6077,35378,67291,2142639940,0,0,0
a2207,20220218,20220218,112506000,11:25:06,6077,35378,67291,2142639940,0,0,0
a2207,20220218,20220218,112506500,11:25:07,6077,35378,67291,2142639940,0,0,0
a2207,20220218,20220218,112507000,11:25:07,6077,35378,67291,2142639940,0,0,0
a2207,20220218,20220218,112511500,11:25:11,6077,35378,67291,2142639940,0,0,0
a2207,20220218,20220218,112512000,11:25:12,6077,35382,67291,2142883050,4,0,243110
a2207,20220218,20220218,112512500,11:25:12,6077,35385,67289,2143065360,3,-2,182310
a2207,20220218,20220218,112513000,11:25:13,6077,35385,67289,2143065360,0,0,0
a2207,20220218,20220218,112513500,11:25:15,6077,35385,67289,2143065360,0,0,0
a2207,20220218,20220218,112515000,11:25:16,6077,35385,67289,2143065360,0,0,0
a2207,20220218,20220218,112515500,11:25:16,6077,35385,67289,2143065360,0,0,0
a2207,20220218,20220218,112516500,11:25:16,6077,35385,67289,2143065360,0,0,0
a2207,20220218,20220218,112517000,11:25:18,6077,35393,67285,2143551520,8,-4,486160
a2207,20220218,20220218,112517500,11:25:18,6077,35395,67285,2143673060,2,0,121540
a2207,20220218,20220218,112518000,11:25:19,6077,35395,67285,2143673060,0,0,0
a2207,20220218,20220218,112518500,11:25:19,6077,35395,67285,2143673060,0,0,0
a2207,20220218,20220218,112520500,11:25:21,6077,35395,67285,2143673060,0,0,0
a2207,20220218,20220218,112521000,11:25:22,6077,35395,67285,2143673060,0,0,0
a2207,20220218,20220218,112521500,11:25:22,6077,35395,67285,2143673060,0,0,0
a2207,20220218,20220218,112522000,11:25:22,6077,35395,67285,2143673060,0,0,0
a2207,20220218,20220218,112522500,11:25:23,6077,35395,67285,2143673060,0,0,0
a2207,20220218,20220218,112523000,11:25:23,6077,35395,67285,2143673060,0,0,0
a2207,20220218,20220218,112527000,11:25:28,6077,35395,67285,2143673060,0,0,0
a2207,20220218,20220218,112535000,11:25:36,6077,35395,67285,2143673060,0,0,0
a2207,20220218,20220218,112535500,11:25:37,6077,35395,67285,2143673060,0,0,0
a2207,20220218,20220218,112536500,11:25:37,6077,35395,67285,2143673060,0,0,0
a2207,20220218,20220218,112537500,11:25:38,6076,35455,67300,2147318700,60,15,3645640
a2207,20220218,20220218,112538000,11:25:38,6075,35573,67288,2154486810,118,-12,7168110
a2207,20220218,20220218,112538500,11:25:39,6075,35573,67288,2154486810,0,0,0
a2207,20220218,20220218,112539000,11:25:39,6073,35575,67288,2154608270,2,0,121460
a2207,20220218,20220218,112539500,11:25:40,6073,35575,67288,2154608270,0,0,0
a2207,20220218,20220218,112540000,11:25:40,6073,35575,67288,2154608270,0,0,0
a2207,20220218,20220218,112540500,11:25:41,6073,35575,67288,2154608270,0,0,0
a2207,20220218,20220218,112542500,11:25:43,6073,35575,67288,2154608270,0,0,0
a2207,20220218,20220218,112543000,11:25:43,6073,35575,67288,2154608270,0,0,0
a2207,20220218,20220218,112543500,11:25:43,6072,35576,67288,2154668990,1,0,60720
a2207,20220218,20220218,112544000,11:25:44,6073,35579,67287,2154851180,3,-1,182190
a2207,20220218,20220218,112544500,11:25:44,6073,35579,67287,2154851180,0,0,0
a2207,20220218,20220218,112545000,11:25:45,6073,35579,67287,2154851180,0,0,0
a2207,20220218,20220218,112545500,11:25:46,6073,35579,67287,2154851180,0,0,0
a2207,20220218,20220218,112546000,11:25:47,6071,35580,67287,2154911890,1,0,60710
a2207,20220218,20220218,112546500,11:25:47,6071,35580,67287,2154911890,0,0,0
a2207,20220218,20220218,112547000,11:25:48,6071,35581,67287,2154972600,1,0,60710
a2207,20220218,20220218,112547500,11:25:48,6071,35581,67287,2154972600,0,0,0
a2207,20220218,20220218,112548000,11:25:48,6071,35583,67287,2155094020,2,0,121420
a2207,20220218,20220218,112548500,11:25:48,6071,35583,67287,2155094020,0,0,0
a2207,20220218,20220218,112549000,11:25:49,6071,35585,67287,2155215440,2,0,121420
a2207,20220218,20220218,112549500,11:25:49,6070,35586,67287,2155276140,1,0,60700
a2207,20220218,20220218,112550000,11:25:50,6070,35586,67287,2155276140,0,0,0
a2207,20220218,20220218,112550500,11:25:51,6070,35586,67287,2155276140,0,0,0
a2207,20220218,20220218,112551000,11:25:51,6071,35587,67286,2155336850,1,-1,60710
a2207,20220218,20220218,112551500,11:25:51,6071,35587,67286,2155336850,0,0,0
a2207,20220218,20220218,112552000,11:25:52,6071,35587,67286,2155336850,0,0,0
a2207,20220218,20220218,112552500,11:25:53,6071,35587,67286,2155336850,0,0,0
a2207,20220218,20220218,112553000,11:25:53,6071,35587,67286,2155336850,0,0,0
a2207,20220218,20220218,112553500,11:25:54,6071,35587,67286,2155336850,0,0,0
a2207,20220218,20220218,112554000,11:25:54,6071,35587,67286,2155336850,0,0,0
a2207,20220218,20220218,112554500,11:25:55,6071,35587,67286,2155336850,0,0,0
a2207,20220218,20220218,112555000,11:25:55,6071,35599,67287,2156065370,12,1,728520
a2207,20220218,20220218,112555500,11:25:57,6071,35599,67287,2156065370,0,0,0
a2207,20220218,20220218,112556000,11:25:57,6071,35599,67287,2156065370,0,0,0
a2207,20220218,20220218,112556500,11:25:57,6071,35599,67287,2156065370,0,0,0
a2207,20220218,20220218,112557000,11:25:57,6071,35604,67287,2156368920,5,0,303550
a2207,20220218,20220218,112557500,11:25:57,6071,35605,67286,2156429630,1,-1,60710
a2207,20220218,20220218,112558000,11:25:59,6071,35606,67285,2156490340,1,-1,60710
a2207,20220218,20220218,112558500,11:25:59,6071,35606,67285,2156490340,0,0,0
a2207,20220218,20220218,112602000,11:26:03,6071,35607,67285,2156551050,1,0,60710
a2207,20220218,20220218,112602500,11:26:03,6071,35607,67285,2156551050,0,0,0
a2207,20220218,20220218,112603500,11:26:04,6071,35609,67283,2156672470,2,-2,121420
a2207,20220218,20220218,112604000,11:26:05,6071,35609,67283,2156672470,0,0,0
a2207,20220218,20220218,112609000,11:26:10,6071,35612,67286,2156854580,3,3,182110
a2207,20220218,20220218,112609500,11:26:10,6070,35614,67286,2156975980,2,0,121400
a2207,20220218,20220218,112616500,11:26:17,6070,35616,67288,2157097380,2,2,121400
a2207,20220218,20220218,112620000,11:26:20,6070,35616,67288,2157097380,0,0,0
a2207,20220218,20220218,112620500,11:26:20,6070,35616,67288,2157097380,0,0,0
a2207,20220218,20220218,112621000,11:26:21,6070,35616,67288,2157097380,0,0,0
a2207,20220218,20220218,112623000,11:26:23,6070,35616,67288,2157097380,0,0,0
a2207,20220218,20220218,112626500,11:26:27,6070,35616,67288,2157097380,0,0,0
a2207,20220218,20220218,112632500,11:26:32,6071,35617,67288,2157158090,1,0,60710
a2207,20220218,20220218,112633000,11:26:33,6071,35622,67283,2157461640,5,-5,303550
a2207,20220218,20220218,112650500,11:27:10,6071,35622,67283,2157461640,0,0,0
a2207,20220218,20220218,112709500,11:27:12,6069,35657,67271,2159585950,35,-12,2124310
a2207,20220218,20220218,112714000,11:27:15,6069,35658,67271,2159646640,1,0,60690
a2207,20220218,20220218,112714500,11:27:15,6069,35660,67269,2159768020,2,-2,121380
a2207,20220218,20220218,112715000,11:27:16,6069,35660,67269,2159768020,0,0,0
a2207,20220218,20220218,112715500,11:27:16,6069,35660,67269,2159768020,0,0,0
a2207,20220218,20220218,112716000,11:27:17,6069,35660,67269,2159768020,0,0,0
a2207,20220218,20220218,112716500,11:27:17,6069,35660,67269,2159768020,0,0,0
a2207,20220218,20220218,112729000,11:27:29,6070,35680,67261,2160982020,20,-8,1214000
a2207,20220218,20220218,112729500,11:27:29,6070,35680,67261,2160982020,0,0,0
a2207,20220218,20220218,112735000,11:27:36,6070,35680,67261,2160982020,0,0,0
a2207,20220218,20220218,112736000,11:27:37,6070,35680,67261,2160982020,0,0,0
a2207,20220218,20220218,112736500,11:27:38,6070,35683,67259,2161164120,3,-2,182100
a2207,20220218,20220218,112737000,11:27:38,6070,35688,67254,2161467610,5,-5,303490
a2207,20220218,20220218,112737500,11:27:38,6070,35688,67254,2161467610,0,0,0
a2207,20220218,20220218,112738000,11:27:39,6070,35688,67254,2161467610,0,0,0
a2207,20220218,20220218,112739000,11:27:39,6070,35688,67254,2161467610,0,0,0
a2207,20220218,20220218,112739500,11:27:39,6070,35690,67253,2161589010,2,-1,121400
a2207,20220218,20220218,112740000,11:27:40,6070,35690,67253,2161589010,0,0,0
a2207,20220218,20220218,112740500,11:27:40,6070,35690,67253,2161589010,0,0,0
a2207,20220218,20220218,112741000,11:27:41,6070,35690,67253,2161589010,0,0,0
a2207,20220218,20220218,112743000,11:27:43,6069,35696,67252,2161953150,6,-1,364140
a2207,20220218,20220218,112743500,11:27:43,6068,35700,67250,2162195900,4,-2,242750
a2207,20220218,20220218,112744000,11:27:44,6068,35700,67250,2162195900,0,0,0
a2207,20220218,20220218,112744500,11:27:45,6068,35700,67250,2162195900,0,0,0
a2207,20220218,20220218,112747500,11:27:48,6069,35701,67250,2162256590,1,0,60690
a2207,20220218,20220218,112748000,11:27:53,6069,35703,67248,2162377970,2,-2,121380
a2207,20220218,20220218,112748500,11:27:54,6069,35704,67247,2162438660,1,-1,60690
a2207,20220218,20220218,112752000,11:27:54,6069,35705,67246,2162499350,1,-1,60690
a2207,20220218,20220218,112757500,11:27:57,6068,35721,67250,2163470230,16,4,970880
a2207,20220218,20220218,112758000,11:27:58,6068,35721,67250,2163470230,0,0,0
a2207,20220218,20220218,112759500,11:27:59,6068,35721,67250,2163470230,0,0,0
a2207,20220218,20220218,112801000,11:28:01,6068,35721,67250,2163470230,0,0,0
a2207,20220218,20220218,112802500,11:28:03,6068,35721,67250,2163470230,0,0,0
a2207,20220218,20220218,112803500,11:28:04,6068,35721,67250,2163470230,0,0,0
a2207,20220218,20220218,112809500,11:28:11,6068,35721,67250,2163470230,0,0,0
a2207,20220218,20220218,112816500,11:28:16,6068,35721,67250,2163470230,0,0,0
a2207,20220218,20220218,112821500,11:28:22,6067,35726,67248,2163773620,5,-2,303390
a2207,20220218,20220218,112822000,11:28:22,6067,35726,67248,2163773620,0,0,0
a2207,20220218,20220218,112823500,11:28:24,6067,35726,67248,2163773620,0,0,0
a2207,20220218,20220218,112824000,11:28:24,6068,35729,67247,2163955650,3,-1,182030
a2207,20220218,20220218,112825000,11:28:25,6068,35729,67247,2163955650,0,0,0
a2207,20220218,20220218,112827500,11:28:27,6068,35733,67243,2164198370,4,-4,242720
a2207,20220218,20220218,112828000,11:28:28,6068,35734,67242,2164259050,1,-1,60680
a2207,20220218,20220218,112830000,11:28:30,6068,35734,67242,2164259050,0,0,0
a2207,20220218,20220218,112833500,11:28:34,6069,35737,67241,2164441110,3,-1,182060
a2207,20220218,20220218,112834500,11:28:34,6069,35737,67241,2164441110,0,0,0
a2207,20220218,20220218,112838000,11:28:38,6069,35738,67241,2164501800,1,0,60690
a2207,20220218,20220218,112838500,11:28:38,6069,35748,67241,2165108700,10,0,606900
a2207,20220218,20220218,112839000,11:28:40,6069,35748,67241,2165108700,0,0,0
a2207,20220218,20220218,112839500,11:28:40,6069,35748,67241,2165108700,0,0,0
a2207,20220218,20220218,112845000,11:28:45,6069,35749,67241,2165169390,1,0,60690
a2207,20220218,20220218,112849500,11:28:50,6069,35749,67241,2165169390,0,0,0
a2207,20220218,20220218,112850000,11:28:50,6069,35749,67241,2165169390,0,0,0
a2207,20220218,20220218,112856000,11:28:56,6069,35749,67241,2165169390,0,0,0
a2207,20220218,20220218,112901000,11:29:01,6069,35751,67241,2165290770,2,0,121380
a2207,20220218,20220218,112901500,11:29:02,6069,35751,67241,2165290770,0,0,0
a2207,20220218,20220218,112904000,11:29:04,6069,35753,67241,2165412150,2,0,121380
a2207,20220218,20220218,112906500,11:29:06,6069,35755,67241,2165533530,2,0,121380
a2207,20220218,20220218,112909000,11:29:09,6069,35757,67239,2165654910,2,-2,121380
a2207,20220218,20220218,112910000,11:29:10,6069,35759,67239,2165776290,2,0,121380
a2207,20220218,20220218,112911500,11:29:12,6069,35760,67238,2165836980,1,-1,60690
a2207,20220218,20220218,112912000,11:29:12,6069,35762,67238,2165958360,2,0,121380
a2207,20220218,20220218,112913500,11:29:14,6069,35763,67237,2166019050,1,-1,60690
a2207,20220218,20220218,112919000,11:29:21,6069,35764,67237,2166079740,1,0,60690
a2207,20220218,20220218,112921000,11:29:22,6069,35764,67237,2166079740,0,0,0
a2207,20220218,20220218,112926000,11:29:26,6068,35781,67221,2167111300,17,-16,1031560
a2207,20220218,20220218,112926500,11:29:26,6068,35783,67221,2167232660,2,0,121360
a2207,20220218,20220218,112928000,11:29:28,6069,35793,67221,2167839560,10,0,606900
a2207,20220218,20220218,112933000,11:29:37,6069,35793,67221,2167839560,0,0,0
a2207,20220218,20220218,112936500,11:29:38,6069,35794,67220,2167900250,1,-1,60690
a2207,20220218,20220218,112937500,11:29:38,6068,35809,67205,2168810430,15,-15,910180
a2207,20220218,20220218,112938000,11:29:38,6068,35817,67197,2169295870,8,-8,485440
a2207,20220218,20220218,112938500,11:29:39,6068,35819,67195,2169417230,2,-2,121360
a2207,20220218,20220218,112939000,11:29:39,6068,35819,67195,2169417230,0,0,0
a2207,20220218,20220218,112939500,11:29:40,6068,35819,67195,2169417230,0,0,0
a2207,20220218,20220218,112943000,11:29:45,6068,35819,67195,2169417230,0,0,0
a2207,20220218,20220218,112945000,11:29:46,6069,35842,67172,2170813100,23,-23,1395870
a2207,20220218,20220218,112945500,11:29:46,6069,35842,67172,2170813100,0,0,0
a2207,20220218,20220218,112946000,11:29:47,6069,35842,67172,2170813100,0,0,0
a2207,20220218,20220218,112946500,11:29:47,6069,35842,67172,2170813100,0,0,0
a2207,20220218,20220218,112947000,11:29:47,6069,35842,67172,2170813100,0,0,0
a2207,20220218,20220218,112947500,11:29:48,6069,35842,67172,2170813100,0,0,0
a2207,20220218,20220218,112948000,11:29:49,6070,35859,67162,2171845030,17,-10,1031930
a2207,20220218,20220218,112948500,11:29:50,6069,35867,67163,2172330630,8,1,485600
a2207,20220218,20220218,112949000,11:29:50,6069,35871,67165,2172573380,4,2,242750
a2207,20220218,20220218,112949500,11:29:50,6069,35871,67165,2172573380,0,0,0
a2207,20220218,20220218,112950500,11:29:52,6069,35871,67165,2172573380,0,0,0
a2207,20220218,20220218,112954500,11:29:54,6069,35871,67165,2172573380,0,0,0
a2207,20220218,20220218,112955000,11:29:55,6069,35871,67165,2172573380,0,0,0
a2207,20220218,20220218,112956000,11:30:00,6069,35871,67165,2172573380,0,0,0
a2207,20220218,20220218,112956500,11:30:00,6069,35871,67165,2172573380,0,0,0
a2207,20220218,20220218,112957000,11:30:02,6071,35872,67164,2172634090,1,-1,60710
a2207,20220218,20220218,133002000,13:30:08,6071,35872,67164,2172634090,0,0,0
a2207,20220218,20220218,133002500,13:30:10,6069,35875,67165,2172816180,3,1,182090
a2207,20220218,20220218,133008000,13:30:10,6069,35910,67174,2174940480,35,9,2124300
a2207,20220218,20220218,133009500,13:30:10,6069,35910,67174,2174940480,0,0,0
a2207,20220218,20220218,133012500,13:30:13,6069,35910,67174,2174940480,0,0,0
a2207,20220218,20220218,133014000,13:30:16,6069,35910,67174,2174940480,0,0,0
a2207,20220218,20220218,133020000,13:30:21,6070,35912,67176,2175061880,2,2,121400
a2207,20220218,20220218,133020500,13:30:21,6070,35912,67176,2175061880,0,0,0
a2207,20220218,20220218,133021000,13:30:21,6070,35912,67176,2175061880,0,0,0
a2207,20220218,20220218,133038000,13:30:40,6070,35912,67176,2175061880,0,0,0
a2207,20220218,20220218,133044500,13:30:46,6071,35920,67176,2175547560,8,0,485680
a2207,20220218,20220218,133045000,13:30:46,6071,35920,67176,2175547560,0,0,0
a2207,20220218,20220218,133050000,13:30:51,6071,35921,67176,2175608270,1,0,60710
a2207,20220218,20220218,133054500,13:30:55,6072,35924,67174,2175790410,3,-2,182140
a2207,20220218,20220218,133100000,13:31:00,6072,35924,67174,2175790410,0,0,0
a2207,20220218,20220218,133108500,13:31:09,6072,35924,67174,2175790410,0,0,0
a2207,20220218,20220218,133109000,13:31:10,6072,35924,67174,2175790410,0,0,0
a2207,20220218,20220218,133109500,13:31:10,6072,35924,67174,2175790410,0,0,0
a2207,20220218,20220218,133113000,13:31:13,6072,35925,67174,2175851130,1,0,60720
a2207,20220218,20220218,133113500,13:31:15,6072,35925,67174,2175851130,0,0,0
a2207,20220218,20220218,133114500,13:31:15,6072,35925,67174,2175851130,0,0,0
a2207,20220218,20220218,133115000,13:31:15,6072,35925,67174,2175851130,0,0,0
a2207,20220218,20220218,133115500,13:31:16,6070,35926,67173,2175911830,1,-1,60700
a2207,20220218,20220218,133116000,13:31:16,6070,35926,67173,2175911830,0,0,0
a2207,20220218,20220218,133117500,13:31:18,6070,35926,67173,2175911830,0,0,0
a2207,20220218,20220218,133118000,13:31:19,6070,35932,67173,2176276030,6,0,364200
a2207,20220218,20220218,133119500,13:31:20,6071,35933,67174,2176336740,1,1,60710
a2207,20220218,20220218,133121500,13:31:22,6071,35933,67174,2176336740,0,0,0
a2207,20220218,20220218,133122000,13:31:23,6070,35934,67174,2176397440,1,0,60700
a2207,20220218,20220218,133122500,13:31:23,6070,35938,67178,2176640240,4,4,242800
a2207,20220218,20220218,133123000,13:31:25,6070,35943,67179,2176943740,5,1,303500
a2207,20220218,20220218,133123500,13:31:25,6070,35945,67178,2177065140,2,-1,121400
a2207,20220218,20220218,133124500,13:31:25,6070,35945,67178,2177065140,0,0,0
a2207,20220218,20220218,133157500,13:31:57,6070,35946,67178,2177125840,1,0,60700
a2207,20220218,20220218,133159000,13:31:59,6072,35951,67178,2177429440,5,0,303600
a2207,20220218,20220218,133159500,13:32:00,6072,35951,67178,2177429440,0,0,0
a2207,20220218,20220218,133200000,13:32:01,6072,35951,67178,2177429440,0,0,0
a2207,20220218,20220218,133200500,13:32:01,6074,36006,67164,2180770350,55,-14,3340910
a2207,20220218,20220218,133201000,13:32:01,6074,36012,67163,2181134790,6,-1,364440
a2207,20220218,20220218,133201500,13:32:01,6074,36012,67163,2181134790,0,0,0
a2207,20220218,20220218,133202000,13:32:03,6074,36013,67162,2181195530,1,-1,60740
a2207,20220218,20220218,133202500,13:32:04,6074,36021,67162,2181681450,8,0,485920
a2207,20220218,20220218,133203000,13:32:04,6074,36022,67162,2181742190,1,0,60740
a2207,20220218,20220218,133203500,13:32:05,6074,36022,67162,2181742190,0,0,0
a2207,20220218,20220218,133205000,13:32:06,6074,36022,67162,2181742190,0,0,0
a2207,20220218,20220218,133206000,13:32:07,6074,36022,67162,2181742190,0,0,0
a2207,20220218,20220218,133206500,13:32:07,6074,36022,67162,2181742190,0,0,0
a2207,20220218,20220218,133207000,13:32:07,6073,36029,67168,2182167320,7,6,425130
a2207,20220218,20220218,133207500,13:32:07,6073,36029,67168,2182167320,0,0,0
a2207,20220218,20220218,133208000,13:32:09,6074,36036,67165,2182592500,7,-3,425180
a2207,20220218,20220218,133208500,13:32:10,6074,36036,67165,2182592500,0,0,0
a2207,20220218,20220218,133209000,13:32:10,6074,36036,67165,2182592500,0,0,0
a2207,20220218,20220218,133209500,13:32:10,6074,36036,67165,2182592500,0,0,0
a2207,20220218,20220218,133210000,13:32:12,6074,36036,67165,2182592500,0,0,0
a2207,20220218,20220218,133213000,13:32:15,6074,36036,67165,2182592500,0,0,0
a2207,20220218,20220218,133214000,13:32:15,6074,36040,67166,2182835440,4,1,242940
a2207,20220218,20220218,133215000,13:32:16,6074,36040,67166,2182835440,0,0,0
a2207,20220218,20220218,133217500,13:32:18,6074,36041,67166,2182896180,1,0,60740
a2207,20220218,20220218,133218000,13:32:18,6074,36041,67166,2182896180,0,0,0
a2207,20220218,20220218,133219500,13:32:20,6074,36041,67166,2182896180,0,0,0
a2207,20220218,20220218,133220000,13:32:21,6074,36061,67176,2184110980,20,10,1214800
a2207,20220218,20220218,133220500,13:32:21,6074,36061,67176,2184110980,0,0,0
a2207,20220218,20220218,133221000,13:32:22,6076,36064,67175,2184293240,3,-1,182260
a2207,20220218,20220218,133221500,13:32:22,6076,36064,67175,2184293240,0,0,0
a2207,20220218,20220218,133223500,13:32:24,6076,36064,67175,2184293240,0,0,0
a2207,20220218,20220218,133224000,13:32:24,6076,36064,67175,2184293240,0,0,0
a2207,20220218,20220218,133224500,13:32:25,6076,36064,67175,2184293240,0,0,0
a2207,20220218,20220218,133225000,13:32:25,6076,36064,67175,2184293240,0,0,0
a2207,20220218,20220218,133225500,13:32:26,6076,36064,67175,2184293240,0,0,0
a2207,20220218,20220218,133226000,13:32:27,6076,36064,67175,2184293240,0,0,0
a2207,20220218,20220218,133226500,13:32:27,6076,36064,67175,2184293240,0,0,0
a2207,20220218,20220218,133227000,13:32:27,6076,36064,67175,2184293240,0,0,0
a2207,20220218,20220218,133227500,13:32:32,6076,36064,67175,2184293240,0,0,0
a2207,20220218,20220218,133228000,13:32:32,6076,36064,67175,2184293240,0,0,0
a2207,20220218,20220218,133233500,13:32:35,6074,36066,67176,2184414740,2,1,121500
a2207,20220218,20220218,133235000,13:32:36,6074,36068,67176,2184536220,2,0,121480
a2207,20220218,20220218,133236000,13:32:37,6075,36069,67176,2184596970,1,0,60750
a2207,20220218,20220218,133238000,13:32:38,6075,36069,67176,2184596970,0,0,0
a2207,20220218,20220218,133242000,13:32:42,6075,36069,67176,2184596970,0,0,0
a2207,20220218,20220218,133242500,13:32:42,6075,36069,67176,2184596970,0,0,0
a2207,20220218,20220218,133246500,13:32:47,6075,36069,67176,2184596970,0,0,0
a2207,20220218,20220218,133247000,13:32:47,6075,36069,67176,2184596970,0,0,0
a2207,20220218,20220218,133247500,13:32:48,6075,36069,67176,2184596970,0,0,0
a2207,20220218,20220218,133252000,13:32:53,6075,36069,67176,2184596970,0,0,0
a2207,20220218,20220218,133256000,13:32:56,6075,36070,67176,2184657720,1,0,60750
a2207,20220218,20220218,133256500,13:32:57,6075,36070,67176,2184657720,0,0,0
a2207,20220218,20220218,133257000,13:32:59,6075,36070,67176,2184657720,0,0,0
a2207,20220218,20220218,133257500,13:33:00,6075,36070,67176,2184657720,0,0,0
a2207,20220218,20220218,133259500,13:33:01,6075,36085,67182,2185568970,15,6,911250
a2207,20220218,20220218,133300000,13:33:01,6075,36087,67180,2185690470,2,-2,121500
a2207,20220218,20220218,133300500,13:33:01,6075,36087,67180,2185690470,0,0,0
a2207,20220218,20220218,133301000,13:33:02,6075,36087,67180,2185690470,0,0,0
a2207,20220218,20220218,133301500,13:33:02,6075,36097,67180,2186297970,10,0,607500
a2207,20220218,20220218,133302000,13:33:03,6075,36097,67180,2186297970,0,0,0
a2207,20220218,20220218,133302500,13:33:03,6075,36097,67180,2186297970,0,0,0
a2207,20220218,20220218,133303000,13:33:04,6075,36098,67180,2186358720,1,0,60750
a2207,20220218,20220218,133305500,13:33:06,6075,36102,67184,2186601720,4,4,243000
a2207,20220218,20220218,133306000,13:33:06,6075,36102,67184,2186601720,0,0,0
a2207,20220218,20220218,133308000,13:33:08,6075,36106,67184,2186844720,4,0,243000
a2207,20220218,20220218,133308500,13:33:09,6075,36108,67186,2186966220,2,2,121500
a2207,20220218,20220218,133309000,13:33:09,6074,36110,67188,2187087700,2,2,121480
a2207,20220218,20220218,133309500,13:33:11,6074,36110,67188,2187087700,0,0,0
a2207,20220218,20220218,133310000,13:33:11,6075,36111,67188,2187148450,1,0,60750
a2207,20220218,20220218,133317000,13:33:18,6075,36116,67192,2187452160,5,4,303710
a2207,20220218,20220218,133320000,13:33:21,6075,36116,67192,2187452160,0,0,0
a2207,20220218,20220218,133320500,13:33:22,6075,36116,67192,2187452160,0,0,0
a2207,20220218,20220218,133321000,13:33:22,6075,36116,67192,2187452160,0,0,0
a2207,20220218,20220218,133321500,13:33:22,6075,36116,67192,2187452160,0,0,0
a2207,20220218,20220218,133322500,13:33:22,6075,36116,67192,2187452160,0,0,0
a2207,20220218,20220218,133323000,13:33:23,6075,36116,67192,2187452160,0,0,0
a2207,20220218,20220218,133324000,13:33:24,6075,36117,67192,2187512910,1,0,60750
a2207,20220218,20220218,133328000,13:33:30,6075,36117,67192,2187512910,0,0,0
a2207,20220218,20220218,133331000,13:33:32,6075,36118,67192,2187573660,1,0,60750
a2207,20220218,20220218,133331500,13:33:32,6074,36123,67197,2187877360,5,5,303700
a2207,20220218,20220218,133332000,13:33:32,6074,36123,67197,2187877360,0,0,0
a2207,20220218,20220218,133332500,13:33:33,6075,36124,67196,2187938110,1,-1,60750
a2207,20220218,20220218,133333000,13:33:33,6075,36124,67196,2187938110,0,0,0
a2207,20220218,20220218,133333500,13:33:34,6075,36124,67196,2187938110,0,0,0
a2207,20220218,20220218,133334000,13:33:34,6075,36124,67196,2187938110,0,0,0
a2207,20220218,20220218,133338000,13:33:38,6075,36125,67196,2187998860,1,0,60750
a2207,20220218,20220218,133338500,13:33:39,6075,36126,67196,2188059610,1,0,60750
a2207,20220218,20220218,133345000,13:33:45,6075,36132,67194,2188424110,6,-2,364500
a2207,20220218,20220218,133346500,13:33:48,6075,36132,67194,2188424110,0,0,0
a2207,20220218,20220218,133347000,13:33:48,6075,36132,67194,2188424110,0,0,0
a2207,20220218,20220218,133349500,13:33:50,6075,36133,67194,2188484860,1,0,60750
a2207,20220218,20220218,133350000,13:33:50,6074,36135,67194,2188606340,2,0,121480
a2207,20220218,20220218,133352000,13:33:52,6075,36136,67194,2188667090,1,0,60750
a2207,20220218,20220218,133352500,13:33:52,6075,36137,67194,2188727840,1,0,60750
a2207,20220218,20220218,133353000,13:33:53,6075,36137,67194,2188727840,0,0,0
a2207,20220218,20220218,133356500,13:33:57,6074,36246,67286,2195348500,109,92,6620660
a2207,20220218,20220218,133357000,13:33:58,6074,36300,67288,2198628460,54,2,3279960
a2207,20220218,20220218,133357500,13:33:58,6073,36303,67288,2198810650,3,0,182190
a2207,20220218,20220218,133358000,13:33:58,6073,36303,67288,2198810650,0,0,0
a2207,20220218,20220218,133359000,13:33:59,6073,36305,67289,2198932110,2,1,121460
a2207,20220218,20220218,133359500,13:34:00,6074,36307,67289,2199053590,2,0,121480
a2207,20220218,20220218,133401500,13:34:02,6074,36307,67289,2199053590,0,0,0
a2207,20220218,20220218,133403500,13:34:11,6073,36312,67293,2199357240,5,4,303650
a2207,20220218,20220218,133410000,13:34:12,6073,36312,67293,2199357240,0,0,0
a2207,20220218,20220218,133410500,13:34:12,6073,36319,67299,2199782350,7,6,425110
a2207,20220218,20220218,133411000,13:34:12,6073,36320,67299,2199843080,1,0,60730
a2207,20220218,20220218,133412000,13:34:13,6073,36325,67301,2200146730,5,2,303650
a2207,20220218,20220218,133412500,13:34:13,6073,36326,67300,2200207460,1,-1,60730
a2207,20220218,20220218,133413000,13:34:13,6074,36329,67299,2200389650,3,-1,182190
a2207,20220218,20220218,133413500,13:34:14,6073,36342,67304,2201179140,13,5,789490
a2207,20220218,20220218,133414000,13:34:14,6073,36342,67304,2201179140,0,0,0
a2207,20220218,20220218,133414500,13:34:15,6073,36342,67304,2201179140,0,0,0
a2207,20220218,20220218,133415500,13:34:16,6073,36342,67304,2201179140,0,0,0
a2207,20220218,20220218,133420000,13:34:20,6073,36345,67302,2201361330,3,-2,182190
a2207,20220218,20220218,133420500,13:34:23,6073,36346,67301,2201422060,1,-1,60730
a2207,20220218,20220218,133421500,13:34:23,6073,36346,67301,2201422060,0,0,0
a2207,20220218,20220218,133422000,13:34:24,6073,36346,67301,2201422060,0,0,0
a2207,20220218,20220218,133424000,13:34:24,6073,36346,67301,2201422060,0,0,0
a2207,20220218,20220218,133424500,13:34:24,6073,36347,67300,2201482790,1,-1,60730
a2207,20220218,20220218,133426500,13:34:26,6072,36362,67300,2202393590,15,0,910800
a2207,20220218,20220218,133427000,13:34:27,6072,36366,67302,2202636480,4,2,242890
a2207,20220218,20220218,133427500,13:34:27,6072,36366,67302,2202636480,0,0,0
a2207,20220218,20220218,133428000,13:34:28,6072,36366,67302,2202636480,0,0,0
a2207,20220218,20220218,133430000,13:34:30,6071,36367,67302,2202697190,1,0,60710
a2207,20220218,20220218,133430500,13:34:30,6071,36367,67302,2202697190,0,0,0
a2207,20220218,20220218,133431500,13:34:31,6071,36368,67303,2202757900,1,1,60710
a2207,20220218,20220218,133432000,13:34:32,6072,36370,67303,2202879340,2,0,121440
a2207,20220218,20220218,133432500,13:34:32,6072,36370,67303,2202879340,0,0,0
a2207,20220218,20220218,133433000,13:34:33,6072,36370,67303,2202879340,0,0,0
a2207,20220218,20220218,133433500,13:34:34,6072,36370,67303,2202879340,0,0,0
a2207,20220218,20220218,133434000,13:34:34,6071,36371,67304,2202940050,1,1,60710
a2207,20220218,20220218,133434500,13:34:35,6071,36373,67306,2203061470,2,2,121420
a2207,20220218,20220218,133435000,13:34:35,6071,36373,67306,2203061470,0,0,0
a2207,20220218,20220218,133435500,13:34:36,6071,36373,67306,2203061470,0,0,0
a2207,20220218,20220218,133436000,13:34:36,6071,36373,67306,2203061470,0,0,0
a2207,20220218,20220218,133437500,13:34:38,6071,36373,67306,2203061470,0,0,0
a2207,20220218,20220218,133438000,13:34:38,6070,36374,67306,2203122170,1,0,60700
a2207,20220218,20220218,133440500,13:34:41,6069,36384,67296,2203729070,10,-10,606900
a2207,20220218,20220218,133441000,13:34:41,6070,36385,67297,2203789770,1,1,60700
a2207,20220218,20220218,133441500,13:34:43,6070,36386,67297,2203850470,1,0,60700
a2207,20220218,20220218,133442500,13:34:44,6070,36386,67297,2203850470,0,0,0
a2207,20220218,20220218,133443000,13:34:45,6070,36386,67297,2203850470,0,0,0
a2207,20220218,20220218,133443500,13:34:45,6070,36386,67297,2203850470,0,0,0
a2207,20220218,20220218,133444500,13:34:46,6069,36391,67302,2204153920,5,5,303450
a2207,20220218,20220218,133445000,13:34:46,6069,36391,67302,2204153920,0,0,0
a2207,20220218,20220218,133445500,13:34:46,6069,36399,67302,2204639440,8,0,485520
a2207,20220218,20220218,133446000,13:34:46,6069,36401,67303,2204760810,2,1,121370
a2207,20220218,20220218,133446500,13:34:47,6069,36401,67303,2204760810,0,0,0
a2207,20220218,20220218,133447000,13:34:47,6069,36401,67303,2204760810,0,0,0
a2207,20220218,20220218,133447500,13:34:47,6068,36405,67302,2205003530,4,-1,242720
a2207,20220218,20220218,133448000,13:34:48,6069,36406,67302,2205064220,1,0,60690
a2207,20220218,20220218,133451500,13:34:52,6069,36406,67302,2205064220,0,0,0
a2207,20220218,20220218,133452000,13:34:52,6068,36408,67304,2205185580,2,2,121360
a2207,20220218,20220218,133452500,13:34:53,6068,36409,67304,2205246260,1,0,60680
a2207,20220218,20220218,133453000,13:34:53,6068,36409,67304,2205246260,0,0,0
a2207,20220218,20220218,133453500,13:34:56,6068,36409,67304,2205246260,0,0,0
a2207,20220218,20220218,133455500,13:34:56,6067,36413,67305,2205488960,4,1,242700
a2207,20220218,20220218,133456000,13:34:57,6067,36413,67305,2205488960,0,0,0
a2207,20220218,20220218,133456500,13:34:57,6067,36418,67310,2205792310,5,5,303350
a2207,20220218,20220218,133457000,13:34:57,6067,36418,67310,2205792310,0,0,0
a2207,20220218,20220218,133459500,13:35:00,6067,36422,67314,2206034990,4,4,242680
a2207,20220218,20220218,133500000,13:35:00,6068,36423,67314,2206095670,1,0,60680
a2207,20220218,20220218,133500500,13:35:00,6068,36423,67314,2206095670,0,0,0
a2207,20220218,20220218,133501500,13:35:05,6068,36429,67310,2206459750,6,-4,364080
a2207,20220218,20220218,133502000,13:35:10,6068,36432,67309,2206641790,3,-1,182040
a2207,20220218,20220218,133504500,13:35:10,6068,36442,67319,2207248590,10,10,606800
a2207,20220218,20220218,133509000,13:35:10,6070,36462,67324,2208462420,20,5,1213830
a2207,20220218,20220218,133510500,13:35:11,6070,36462,67324,2208462420,0,0,0
a2207,20220218,20220218,133511000,13:35:11,6070,36462,67324,2208462420,0,0,0
a2207,20220218,20220218,133511500,13:35:12,6070,36462,67324,2208462420,0,0,0
a2207,20220218,20220218,133512000,13:35:13,6070,36504,67286,2211011820,42,-38,2549400
a2207,20220218,20220218,133512500,13:35:13,6070,36504,67286,2211011820,0,0,0
a2207,20220218,20220218,133513000,13:35:13,6070,36504,67286,2211011820,0,0,0
a2207,20220218,20220218,133513500,13:35:14,6070,36506,67286,2211133220,2,0,121400
a2207,20220218,20220218,133514000,13:35:14,6070,36506,67286,2211133220,0,0,0
a2207,20220218,20220218,133514500,13:35:15,6071,36508,67288,2211254640,2,2,121420
a2207,20220218,20220218,133515000,13:35:15,6071,36508,67288,2211254640,0,0,0
a2207,20220218,20220218,133515500,13:35:16,6071,36518,67288,2211861740,10,0,607100
a2207,20220218,20220218,133516000,13:35:16,6071,36518,67288,2211861740,0,0,0
a2207,20220218,20220218,133516500,13:35:17,6071,36519,67288,2211922450,1,0,60710
a2207,20220218,20220218,133517000,13:35:17,6071,36528,67294,2212468840,9,6,546390
a2207,20220218,20220218,133517500,13:35:18,6071,36543,67304,2213379490,15,10,910650
a2207,20220218,20220218,133518000,13:35:19,6071,36547,67308,2213622330,4,4,242840
a2207,20220218,20220218,133518500,13:35:19,6071,36547,67308,2213622330,0,0,0
a2207,20220218,20220218,133519000,13:35:19,6071,36547,67308,2213622330,0,0,0
a2207,20220218,20220218,133519500,13:35:20,6071,36547,67308,2213622330,0,0,0
a2207,20220218,20220218,133520000,13:35:20,6071,36547,67308,2213622330,0,0,0
a2207,20220218,20220218,133521000,13:35:21,6071,36547,67308,2213622330,0,0,0
a2207,20220218,20220218,133523000,13:35:23,6071,36550,67308,2213804460,3,0,182130
a2207,20220218,20220218,133523500,13:35:23,6071,36550,67308,2213804460,0,0,0
a2207,20220218,20220218,133530500,13:35:33,6071,36550,67308,2213804460,0,0,0
a2207,20220218,20220218,133531500,13:35:41,6071,36550,67308,2213804460,0,0,0
a2207,20220218,20220218,133532000,13:35:42,6071,36550,67308,2213804460,0,0,0
a2207,20220218,20220218,133538500,13:35:43,6071,36550,67308,2213804460,0,0,0
a2207,20220218,20220218,133544000,13:35:44,6072,36582,67321,2215747180,32,13,1942720
a2207,20220218,20220218,133544500,13:35:45,6072,36583,67322,2215807900,1,1,60720
a2207,20220218,20220218,133545000,13:35:46,6071,36584,67323,2215868610,1,1,60710
a2207,20220218,20220218,133547500,13:35:48,6071,36584,67323,2215868610,0,0,0
a2207,20220218,20220218,133548000,13:35:48,6071,36584,67323,2215868610,0,0,0
a2207,20220218,20220218,133548500,13:35:48,6071,36584,67323,2215868610,0,0,0
a2207,20220218,20220218,133550500,13:35:51,6071,36586,67325,2215990030,2,2,121420
a2207,20220218,20220218,133551000,13:35:51,6072,36587,67326,2216050750,1,1,60720
a2207,20220218,20220218,133551500,13:35:52,6072,36587,67326,2216050750,0,0,0
a2207,20220218,20220218,133552000,13:35:52,6071,36626,67365,2218418440,39,39,2367690
a2207,20220218,20220218,133552500,13:35:53,6071,36628,67367,2218539860,2,2,121420
a2207,20220218,20220218,133553000,13:35:53,6071,36635,67367,2218964830,7,0,424970
a2207,20220218,20220218,133553500,13:35:55,6071,36636,67367,2219025540,1,0,60710
a2207,20220218,20220218,133602000,13:36:03,6071,36636,67367,2219025540,0,0,0
a2207,20220218,20220218,133603500,13:36:05,6071,36636,67367,2219025540,0,0,0
a2207,20220218,20220218,133605000,13:36:06,6071,36636,67367,2219025540,0,0,0
a2207,20220218,20220218,133605500,13:36:07,6071,36636,67367,2219025540,0,0,0
a2207,20220218,20220218,133606000,13:36:07,6071,36636,67367,2219025540,0,0,0
a2207,20220218,20220218,133609500,13:36:10,6070,36637,67368,2219086240,1,1,60700
a2207,20220218,20220218,133610500,13:36:11,6071,36642,67369,2219389790,5,1,303550
a2207,20220218,20220218,133611000,13:36:11,6071,36644,67369,2219511210,2,0,121420
a2207,20220218,20220218,133611500,13:36:12,6071,36652,67370,2219996890,8,1,485680
a2207,20220218,20220218,133612000,13:36:12,6071,36657,67370,2220300440,5,0,303550
a2207,20220218,20220218,133612500,13:36:12,6071,36658,67371,2220361150,1,1,60710
a2207,20220218,20220218,133613000,13:36:13,6071,36663,67371,2220664700,5,0,303550
a2207,20220218,20220218,133613500,13:36:14,6071,36663,67371,2220664700,0,0,0
a2207,20220218,20220218,133614500,13:36:14,6071,36663,67371,2220664700,0,0,0
a2207,20220218,20220218,133615000,13:36:15,6071,36665,67371,2220786120,2,0,121420
a2207,20220218,20220218,133617000,13:36:19,6071,36665,67371,2220786120,0,0,0
a2207,20220218,20220218,133617500,13:36:19,6071,36665,67371,2220786120,0,0,0
a2207,20220218,20220218,133620000,13:36:20,6071,36665,67371,2220786120,0,0,0
a2207,20220218,20220218,133620500,13:36:20,6071,36665,67371,2220786120,0,0,0
a2207,20220218,20220218,133621500,13:36:21,6070,36669,67375,2221028920,4,4,242800
a2207,20220218,20220218,133622000,13:36:22,6070,36669,67375,2221028920,0,0,0
a2207,20220218,20220218,133625000,13:36:25,6072,36670,67376,2221089640,1,1,60720
a2207,20220218,20220218,133625500,13:36:26,6072,36670,67376,2221089640,0,0,0
a2207,20220218,20220218,133626000,13:36:26,6072,36671,67377,2221150360,1,1,60720
a2207,20220218,20220218,133627000,13:36:28,6072,36671,67377,2221150360,0,0,0
a2207,20220218,20220218,133627500,13:36:28,6072,36671,67377,2221150360,0,0,0
a2207,20220218,20220218,133628000,13:36:28,6072,36671,67377,2221150360,0,0,0
a2207,20220218,20220218,133630500,13:36:31,6072,36671,67377,2221150360,0,0,0
a2207,20220218,20220218,133633000,13:36:33,6070,36674,67380,2221332460,3,3,182100
a2207,20220218,20220218,133636500,13:36:36,6070,36674,67380,2221332460,0,0,0
a2207,20220218,20220218,133639500,13:36:40,6070,36674,67380,2221332460,0,0,0
a2207,20220218,20220218,133640000,13:36:40,6070,36674,67380,2221332460,0,0,0
a2207,20220218,20220218,133642500,13:36:43,6070,36679,67385,2221635960,5,5,303500
a2207,20220218,20220218,133643000,13:36:43,6071,36683,67381,2221878800,4,-4,242840
a2207,20220218,20220218,133643500,13:36:44,6071,36684,67380,2221939510,1,-1,60710
a2207,20220218,20220218,133644000,13:36:44,6071,36686,67378,2222060930,2,-2,121420
a2207,20220218,20220218,133644500,13:36:44,6071,36686,67378,2222060930,0,0,0
a2207,20220218,20220218,133647500,13:36:48,6071,36687,67378,2222121640,1,0,60710
a2207,20220218,20220218,133652000,13:36:52,6071,36687,67378,2222121640,0,0,0
a2207,20220218,20220218,133652500,13:36:53,6071,36687,67378,2222121640,0,0,0
a2207,20220218,20220218,133653000,13:36:53,6071,36687,67378,2222121640,0,0,0
a2207,20220218,20220218,133653500,13:36:54,6071,36687,67378,2222121640,0,0,0
a2207,20220218,20220218,133654500,13:36:54,6071,36693,67383,2222485900,6,5,364260
a2207,20220218,20220218,133655000,13:36:55,6071,36693,67383,2222485900,0,0,0
a2207,20220218,20220218,133657500,13:36:58,6071,36694,67384,2222546610,1,1,60710
a2207,20220218,20220218,133658000,13:36:58,6071,36697,67387,2222728740,3,3,182130
a2207,20220218,20220218,133658500,13:36:59,6071,36697,67387,2222728740,0,0,0
a2207,20220218,20220218,133659000,13:36:59,6071,36697,67387,2222728740,0,0,0
a2207,20220218,20220218,133659500,13:37:00,6070,36698,67387,2222789440,1,0,60700
a2207,20220218,20220218,133700000,13:37:00,6070,36698,67387,2222789440,0,0,0
a2207,20220218,20220218,133700500,13:37:00,6070,36714,67390,2223760640,16,3,971200
a2207,20220218,20220218,133701000,13:37:01,6069,36736,67383,2225095820,22,-7,1335180
a2207,20220218,20220218,133701500,13:37:02,6069,36736,67383,2225095820,0,0,0
a2207,20220218,20220218,133702500,13:37:03,6068,36753,67396,2226127510,17,13,1031690
a2207,20220218,20220218,133703000,13:37:03,6068,36753,67396,2226127510,0,0,0
a2207,20220218,20220218,133703500,13:37:03,6068,36753,67396,2226127510,0,0,0
a2207,20220218,20220218,133704000,13:37:04,6068,36753,67396,2226127510,0,0,0
a2207,20220218,20220218,133704500,13:37:05,6068,36753,67396,2226127510,0,0,0
a2207,20220218,20220218,133705000,13:37:05,6068,36753,67396,2226127510,0,0,0
a2207,20220218,20220218,133705500,13:37:08,6068,36753,67396,2226127510,0,0,0
a2207,20220218,20220218,133706000,13:37:08,6067,36756,67396,2226309520,3,0,182010
a2207,20220218,20220218,133706500,13:37:08,6068,36760,67396,2226552240,4,0,242720
a2207,20220218,20220218,133707500,13:37:08,6068,36766,67396,2226916280,6,0,364040
a2207,20220218,20220218,133708000,13:37:08,6068,36766,67396,2226916280,0,0,0
a2207,20220218,20220218,133708500,13:37:08,6068,36766,67396,2226916280,0,0,0
a2207,20220218,20220218,133709000,13:37:09,6068,36766,67396,2226916280,0,0,0
a2207,20220218,20220218,133709500,13:37:11,6068,36766,67396,2226916280,0,0,0
a2207,20220218,20220218,133710000,13:37:11,6068,36766,67396,2226916280,0,0,0
a2207,20220218,20220218,133710500,13:37:11,6068,36766,67396,2226916280,0,0,0
a2207,20220218,20220218,133712500,13:37:13,6068,36766,67396,2226916280,0,0,0
a2207,20220218,20220218,133713000,13:37:13,6066,36767,67395,2226976940,1,-1,60660
a2207,20220218,20220218,133713500,13:37:14,6067,36768,67395,2227037610,1,0,60670
a2207,20220218,20220218,133714000,13:37:14,6066,36769,67395,2227098270,1,0,60660
a2207,20220218,20220218,133714500,13:37:15,6068,36770,67395,2227158950,1,0,60680
a2207,20220218,20220218,133716000,13:37:16,6068,36770,67395,2227158950,0,0,0
a2207,20220218,20220218,133716500,13:37:17,6068,36770,67395,2227158950,0,0,0
a2207,20220218,20220218,133717500,13:37:18,6068,36771,67395,2227219630,1,0,60680
a2207,20220218,20220218,133718000,13:37:19,6068,36771,67395,2227219630,0,0,0
a2207,20220218,20220218,133719500,13:37:20,6068,36771,67395,2227219630,0,0,0
a2207,20220218,20220218,133720000,13:37:21,6068,36771,67395,2227219630,0,0,0
a2207,20220218,20220218,133720500,13:37:21,6067,36786,67396,2228129700,15,1,910070
a2207,20220218,20220218,133721000,13:37:21,6067,36786,67396,2228129700,0,0,0
a2207,20220218,20220218,133722500,13:37:22,6069,36787,67396,2228190390,1,0,60690
a2207,20220218,20220218,133723000,13:37:23,6069,36787,67396,2228190390,0,0,0
a2207,20220218,20220218,133723500,13:37:23,6069,36787,67396,2228190390,0,0,0
a2207,20220218,20220218,133724000,13:37:24,6069,36787,67396,2228190390,0,0,0
a2207,20220218,20220218,133724500,13:37:25,6069,36787,67396,2228190390,0,0,0
a2207,20220218,20220218,133725000,13:37:25,6069,36787,67396,2228190390,0,0,0
a2207,20220218,20220218,133725500,13:37:26,6069,36787,67396,2228190390,0,0,0
a2207,20220218,20220218,133726000,13:37:26,6069,36787,67396,2228190390,0,0,0
a2207,20220218,20220218,133726500,13:37:27,6069,36787,67396,2228190390,0,0,0
a2207,20220218,20220218,133727000,13:37:27,6069,36787,67396,2228190390,0,0,0
a2207,20220218,20220218,133727500,13:37:27,6069,36787,67396,2228190390,0,0,0
a2207,20220218,20220218,133728000,13:37:28,6069,36787,67396,2228190390,0,0,0
a2207,20220218,20220218,133728500,13:37:29,6069,36787,67396,2228190390,0,0,0
a2207,20220218,20220218,133729000,13:37:29,6069,36787,67396,2228190390,0,0,0
a2207,20220218,20220218,133729500,13:37:30,6069,36787,67396,2228190390,0,0,0
a2207,20220218,20220218,133730000,13:37:30,6069,36787,67396,2228190390,0,0,0
a2207,20220218,20220218,133730500,13:37:31,6069,36787,67396,2228190390,0,0,0
a2207,20220218,20220218,133731000,13:37:31,6069,36788,67396,2228251080,1,0,60690
a2207,20220218,20220218,133732500,13:37:33,6069,36788,67396,2228251080,0,0,0
a2207,20220218,20220218,133733000,13:37:33,6068,36793,67398,2228554480,5,2,303400
a2207,20220218,20220218,133733500,13:37:33,6068,36796,67395,2228736520,3,-3,182040
a2207,20220218,20220218,133734000,13:37:34,6068,36796,67395,2228736520,0,0,0
a2207,20220218,20220218,133735500,13:37:36,6068,36796,67395,2228736520,0,0,0
a2207,20220218,20220218,133736000,13:37:36,6068,36796,67395,2228736520,0,0,0
a2207,20220218,20220218,133736500,13:37:37,6068,36796,67395,2228736520,0,0,0
a2207,20220218,20220218,133737000,13:37:37,6068,36796,67395,2228736520,0,0,0
a2207,20220218,20220218,133737500,13:37:37,6068,36796,67395,2228736520,0,0,0
a2207,20220218,20220218,133738000,13:37:38,6068,36796,67395,2228736520,0,0,0
a2207,20220218,20220218,133738500,13:37:39,6068,36796,67395,2228736520,0,0,0
a2207,20220218,20220218,133739000,13:37:39,6068,36796,67395,2228736520,0,0,0
a2207,20220218,20220218,133739500,13:37:39,6068,36796,67395,2228736520,0,0,0
a2207,20220218,20220218,133740000,13:37:40,6068,36796,67395,2228736520,0,0,0
a2207,20220218,20220218,133740500,13:37:40,6068,36796,67395,2228736520,0,0,0
a2207,20220218,20220218,133742500,13:37:43,6070,36797,67395,2228797220,1,0,60700
a2207,20220218,20220218,133743000,13:37:44,6070,36797,67395,2228797220,0,0,0
a2207,20220218,20220218,133743500,13:37:44,6068,36798,67395,2228857900,1,0,60680
a2207,20220218,20220218,133744000,13:37:45,6068,36798,67395,2228857900,0,0,0
a2207,20220218,20220218,133746500,13:37:47,6068,36798,67395,2228857900,0,0,0
a2207,20220218,20220218,133747000,13:37:47,6068,36799,67394,2228918580,1,-1,60680
a2207,20220218,20220218,133747500,13:37:48,6068,36799,67394,2228918580,0,0,0
a2207,20220218,20220218,133751500,13:37:53,6068,36799,67394,2228918580,0,0,0
a2207,20220218,20220218,133752000,13:37:53,6068,36801,67393,2229039940,2,-1,121360
a2207,20220218,20220218,133752500,13:37:54,6068,36801,67393,2229039940,0,0,0
a2207,20220218,20220218,133754500,13:37:55,6069,36802,67392,2229100630,1,-1,60690
a2207,20220218,20220218,133756000,13:37:56,6068,36803,67393,2229161310,1,1,60680
a2207,20220218,20220218,133802000,13:38:03,6068,36803,67393,2229161310,0,0,0
a2207,20220218,20220218,133802500,13:38:06,6068,36806,67393,2229343370,3,0,182060
a2207,20220218,20220218,133803000,13:38:06,6068,36807,67393,2229404050,1,0,60680
a2207,20220218,20220218,133809000,13:38:09,6068,36808,67393,2229464730,1,0,60680
a2207,20220218,20220218,133811500,13:38:14,6068,36808,67393,2229464730,0,0,0
a2207,20220218,20220218,133838500,13:38:42,6070,36893,67352,2234624110,85,-41,5159380
a2207,20220218,20220218,133842000,13:38:43,6070,36893,67352,2234624110,0,0,0
a2207,20220218,20220218,133842500,13:38:43,6070,36895,67352,2234745510,2,0,121400
a2207,20220218,20220218,133843500,13:38:44,6070,36895,67352,2234745510,0,0,0
a2207,20220218,20220218,133913500,13:39:13,6069,36899,67352,2234988290,4,0,242780
a2207,20220218,20220218,133914000,13:39:15,6071,36900,67352,2235049000,1,0,60710
a2207,20220218,20220218,133914500,13:39:16,6072,36930,67359,2236870090,30,7,1821090
a2207,20220218,20220218,133920500,13:39:20,6072,36930,67359,2236870090,0,0,0
a2207,20220218,20220218,133922500,13:39:23,6071,36932,67359,2236991510,2,0,121420
a2207,20220218,20220218,133923500,13:39:23,6071,36932,67359,2236991510,0,0,0
a2207,20220218,20220218,133924000,13:39:24,6071,36932,67359,2236991510,0,0,0
a2207,20220218,20220218,133925000,13:39:25,6072,36933,67359,2237052230,1,0,60720
a2207,20220218,20220218,133934500,13:39:34,6072,36933,67359,2237052230,0,0,0
a2207,20220218,20220218,133946000,13:39:47,6072,36936,67358,2237234380,3,-1,182150
a2207,20220218,20220218,133946500,13:39:47,6072,36936,67358,2237234380,0,0,0
a2207,20220218,20220218,133947000,13:39:47,6073,36943,67365,2237659490,7,7,425110
a2207,20220218,20220218,133947500,13:39:47,6073,36943,67365,2237659490,0,0,0
a2207,20220218,20220218,133948000,13:39:48,6073,36943,67365,2237659490,0,0,0
a2207,20220218,20220218,133951000,13:39:51,6073,36943,67365,2237659490,0,0,0
a2207,20220218,20220218,133951500,13:39:51,6073,36943,67365,2237659490,0,0,0
a2207,20220218,20220218,133954500,13:39:55,6073,36943,67365,2237659490,0,0,0
a2207,20220218,20220218,134010000,13:40:13,6073,36943,67365,2237659490,0,0,0
a2207,20220218,20220218,134013000,13:40:13,6072,36956,67365,2238448850,13,0,789360
a2207,20220218,20220218,134013500,13:40:14,6072,36956,67365,2238448850,0,0,0
a2207,20220218,20220218,134014000,13:40:14,6073,36957,67365,2238509580,1,0,60730
a2207,20220218,20220218,134014500,13:40:16,6073,36957,67365,2238509580,0,0,0
a2207,20220218,20220218,134015000,13:40:16,6074,36958,67366,2238570320,1,1,60740
a2207,20220218,20220218,134016500,13:40:17,6074,36959,67367,2238631060,1,1,60740
a2207,20220218,20220218,134020000,13:40:20,6074,36959,67367,2238631060,0,0,0
a2207,20220218,20220218,134020500,13:40:21,6075,36980,67351,2239906610,21,-16,1275550
a2207,20220218,20220218,134021000,13:40:22,6075,37073,67366,2245556850,93,15,5650240
a2207,20220218,20220218,134021500,13:40:22,6075,37073,67366,2245556850,0,0,0
a2207,20220218,20220218,134022000,13:40:22,6075,37073,67366,2245556850,0,0,0
a2207,20220218,20220218,134022500,13:40:23,6078,37074,67366,2245617630,1,0,60780
a2207,20220218,20220218,134023000,13:40:23,6078,37074,67366,2245617630,0,0,0
a2207,20220218,20220218,134023500,13:40:24,6078,37074,67366,2245617630,0,0,0
a2207,20220218,20220218,134024500,13:40:25,6079,37092,67365,2246711830,18,-1,1094200
a2207,20220218,20220218,134025000,13:40:25,6079,37092,67365,2246711830,0,0,0
a2207,20220218,20220218,134025500,13:40:26,6079,37092,67365,2246711830,0,0,0
a2207,20220218,20220218,134026500,13:40:27,6079,37092,67365,2246711830,0,0,0
a2207,20220218,20220218,134027000,13:40:27,6078,37095,67362,2246894170,3,-3,182340
a2207,20220218,20220218,134027500,13:40:28,6078,37102,67355,2247319630,7,-7,425460
a2207,20220218,20220218,134028000,13:40:28,6077,37105,67355,2247501940,3,0,182310
a2207,20220218,20220218,134028500,13:40:29,6078,37107,67355,2247623500,2,0,121560
a2207,20220218,20220218,134029000,13:40:30,6078,37109,67355,2247745060,2,0,121560
a2207,20220218,20220218,134029500,13:40:30,6078,37111,67355,2247866620,2,0,121560
a2207,20220218,20220218,134030000,13:40:30,6079,37118,67354,2248292130,7,-1,425510
a2207,20220218,20220218,134030500,13:40:31,6080,37129,67347,2248960850,11,-7,668720
a2207,20220218,20220218,134031000,13:40:31,6080,37129,67347,2248960850,0,0,0
a2207,20220218,20220218,134031500,13:40:32,6080,37129,67347,2248960850,0,0,0
a2207,20220218,20220218,134032000,13:40:32,6079,37137,67347,2249447170,8,0,486320
a2207,20220218,20220218,134032500,13:40:32,6079,37137,67347,2249447170,0,0,0
a2207,20220218,20220218,134033500,13:40:34,6079,37137,67347,2249447170,0,0,0
a2207,20220218,20220218,134034000,13:40:35,6079,37137,67347,2249447170,0,0,0
a2207,20220218,20220218,134034500,13:40:35,6079,37137,67347,2249447170,0,0,0
a2207,20220218,20220218,134035000,13:40:35,6079,37138,67348,2249507960,1,1,60790
a2207,20220218,20220218,134035500,13:40:36,6079,37138,67348,2249507960,0,0,0
a2207,20220218,20220218,134039000,13:40:39,6080,37139,67347,2249568760,1,-1,60800
a2207,20220218,20220218,134042000,13:40:42,6080,37139,67347,2249568760,0,0,0
a2207,20220218,20220218,134042500,13:40:43,6079,37141,67347,2249690340,2,0,121580
a2207,20220218,20220218,134043000,13:40:44,6080,37149,67347,2250176720,8,0,486380
a2207,20220218,20220218,134043500,13:40:44,6079,37150,67347,2250237510,1,0,60790
a2207,20220218,20220218,134044000,13:40:44,6079,37151,67347,2250298300,1,0,60790
a2207,20220218,20220218,134044500,13:40:44,6079,37152,67347,2250359090,1,0,60790
a2207,20220218,20220218,134047500,13:40:47,6079,37154,67349,2250480670,2,2,121580
a2207,20220218,20220218,134048000,13:40:48,6079,37157,67349,2250663040,3,0,182370
a2207,20220218,20220218,134048500,13:40:48,6079,37158,67350,2250723830,1,1,60790
a2207,20220218,20220218,134049000,13:40:49,6079,37158,67350,2250723830,0,0,0
a2207,20220218,20220218,134049500,13:40:49,6079,37158,67350,2250723830,0,0,0
a2207,20220218,20220218,134058000,13:40:58,6079,37158,67350,2250723830,0,0,0
a2207,20220218,20220218,134102000,13:41:02,6079,37164,67355,2251088570,6,5,364740
a2207,20220218,20220218,134102500,13:41:03,6079,37164,67355,2251088570,0,0,0
a2207,20220218,20220218,134109500,13:41:10,6078,37165,67355,2251149350,1,0,60780
a2207,20220218,20220218,134110000,13:41:10,6078,37168,67355,2251331690,3,0,182340
a2207,20220218,20220218,134110500,13:41:10,6078,37169,67354,2251392470,1,-1,60780
a2207,20220218,20220218,134111500,13:41:12,6078,37169,67354,2251392470,0,0,0
a2207,20220218,20220218,134113000,13:41:13,6078,37174,67359,2251696370,5,5,303900
a2207,20220218,20220218,134113500,13:41:13,6078,37175,67359,2251757150,1,0,60780
a2207,20220218,20220218,134114000,13:41:15,6078,37175,67359,2251757150,0,0,0
a2207,20220218,20220218,134114500,13:41:16,6078,37175,67359,2251757150,0,0,0
a2207,20220218,20220218,134117000,13:41:17,6078,37175,67359,2251757150,0,0,0
a2207,20220218,20220218,134119500,13:41:20,6078,37175,67359,2251757150,0,0,0
a2207,20220218,20220218,134120000,13:41:22,6079,37176,67358,2251817940,1,-1,60790
a2207,20220218,20220218,134124000,13:41:24,6079,37176,67358,2251817940,0,0,0
a2207,20220218,20220218,134124500,13:41:26,6079,37176,67358,2251817940,0,0,0
a2207,20220218,20220218,134126000,13:41:27,6079,37176,67358,2251817940,0,0,0
a2207,20220218,20220218,134126500,13:41:27,6079,37176,67358,2251817940,0,0,0
a2207,20220218,20220218,134127500,13:41:27,6078,37177,67358,2251878720,1,0,60780
a2207,20220218,20220218,134128000,13:41:28,6078,37181,67359,2252121840,4,1,243120
a2207,20220218,20220218,134128500,13:41:28,6077,37192,67349,2252790310,11,-10,668470
a2207,20220218,20220218,134129000,13:41:29,6077,37192,67349,2252790310,0,0,0
a2207,20220218,20220218,134129500,13:41:30,6076,37197,67348,2253094110,5,-1,303800
a2207,20220218,20220218,134130000,13:41:30,6075,37200,67347,2253276360,3,-1,182250
a2207,20220218,20220218,134130500,13:41:31,6075,37202,67347,2253397860,2,0,121500
a2207,20220218,20220218,134131000,13:41:31,6075,37202,67347,2253397860,0,0,0
a2207,20220218,20220218,134131500,13:41:32,6074,37203,67347,2253458600,1,0,60740
a2207,20220218,20220218,134132000,13:41:33,6074,37203,67347,2253458600,0,0,0
a2207,20220218,20220218,134133000,13:41:33,6075,37204,67347,2253519350,1,0,60750
a2207,20220218,20220218,134133500,13:41:34,6075,37204,67347,2253519350,0,0,0
a2207,20220218,20220218,134136000,13:41:39,6075,37204,67347,2253519350,0,0,0
a2207,20220218,20220218,134136500,13:41:39,6074,37205,67347,2253580090,1,0,60740
a2207,20220218,20220218,134139000,13:41:41,6074,37205,67347,2253580090,0,0,0
a2207,20220218,20220218,134140000,13:41:42,6074,37210,67352,2253883790,5,5,303700
a2207,20220218,20220218,134140500,13:41:42,6074,37210,67352,2253883790,0,0,0
a2207,20220218,20220218,134141500,13:41:42,6074,37210,67352,2253883790,0,0,0
a2207,20220218,20220218,134142500,13:41:42,6075,37211,67352,2253944540,1,0,60750
a2207,20220218,20220218,134145000,13:41:45,6075,37211,67352,2253944540,0,0,0
a2207,20220218,20220218,134147000,13:41:47,6075,37211,67352,2253944540,0,0,0
a2207,20220218,20220218,134147500,13:41:48,6075,37211,67352,2253944540,0,0,0
a2207,20220218,20220218,134148000,13:41:48,6075,37211,67352,2253944540,0,0,0
a2207,20220218,20220218,134148500,13:41:49,6075,37211,67352,2253944540,0,0,0
a2207,20220218,20220218,134152000,13:41:52,6075,37211,67352,2253944540,0,0,0
a2207,20220218,20220218,134152500,13:41:53,6073,37214,67350,2254126730,3,-2,182190
a2207,20220218,20220218,134153000,13:41:54,6073,37214,67350,2254126730,0,0,0
a2207,20220218,20220218,134154000,13:42:02,6073,37214,67350,2254126730,0,0,0
a2207,20220218,20220218,134202000,13:42:10,6074,37215,67349,2254187470,1,-1,60740
a2207,20220218,20220218,134202500,13:42:11,6075,37216,67349,2254248220,1,0,60750
a2207,20220218,20220218,134210000,13:42:12,6075,37216,67349,2254248220,0,0,0
a2207,20220218,20220218,134215500,13:42:16,6075,37216,67349,2254248220,0,0,0
a2207,20220218,20220218,134216000,13:42:16,6074,37222,67347,2254612710,6,-2,364490
a2207,20220218,20220218,134216500,13:42:17,6074,37222,67347,2254612710,0,0,0
a2207,20220218,20220218,134217000,13:42:19,6074,37222,67347,2254612710,0,0,0
a2207,20220218,20220218,134217500,13:42:19,6074,37222,67347,2254612710,0,0,0
a2207,20220218,20220218,134218000,13:42:20,6074,37222,67347,2254612710,0,0,0
a2207,20220218,20220218,134219500,13:42:20,6074,37222,67347,2254612710,0,0,0
a2207,20220218,20220218,134220000,13:42:21,6074,37222,67347,2254612710,0,0,0
a2207,20220218,20220218,134220500,13:42:21,6074,37222,67347,2254612710,0,0,0
a2207,20220218,20220218,134221000,13:42:21,6074,37222,67347,2254612710,0,0,0
a2207,20220218,20220218,134221500,13:42:22,6074,37222,67347,2254612710,0,0,0
a2207,20220218,20220218,134222000,13:42:22,6074,37222,67347,2254612710,0,0,0
a2207,20220218,20220218,134222500,13:42:22,6074,37222,67347,2254612710,0,0,0
a2207,20220218,20220218,134223000,13:42:24,6074,37222,67347,2254612710,0,0,0
a2207,20220218,20220218,134223500,13:42:24,6074,37222,67347,2254612710,0,0,0
a2207,20220218,20220218,134224000,13:42:25,6074,37222,67347,2254612710,0,0,0
a2207,20220218,20220218,134224500,13:42:25,6074,37222,67347,2254612710,0,0,0
a2207,20220218,20220218,134225000,13:42:25,6074,37222,67347,2254612710,0,0,0
a2207,20220218,20220218,134225500,13:42:26,6074,37222,67347,2254612710,0,0,0
a2207,20220218,20220218,134226000,13:42:27,6074,37222,67347,2254612710,0,0,0
a2207,20220218,20220218,134226500,13:42:28,6074,37222,67347,2254612710,0,0,0
a2207,20220218,20220218,134227000,13:42:28,6074,37222,67347,2254612710,0,0,0
a2207,20220218,20220218,134227500,13:42:29,6074,37222,67347,2254612710,0,0,0
a2207,20220218,20220218,134228000,13:42:29,6074,37222,67347,2254612710,0,0,0
a2207,20220218,20220218,134228500,13:42:29,6074,37222,67347,2254612710,0,0,0
a2207,20220218,20220218,134229000,13:42:29,6074,37222,67347,2254612710,0,0,0
a2207,20220218,20220218,134235500,13:42:35,6074,37222,67347,2254612710,0,0,0
a2207,20220218,20220218,134239500,13:42:39,6074,37222,67347,2254612710,0,0,0
a2207,20220218,20220218,134244000,13:42:44,6074,37222,67347,2254612710,0,0,0
a2207,20220218,20220218,134247000,13:42:47,6074,37222,67347,2254612710,0,0,0
a2207,20220218,20220218,134252000,13:42:52,6074,37222,67347,2254612710,0,0,0
a2207,20220218,20220218,134255000,13:42:55,6074,37222,67347,2254612710,0,0,0
a2207,20220218,20220218,134255500,13:42:56,6074,37222,67347,2254612710,0,0,0
a2207,20220218,20220218,134256000,13:42:56,6074,37222,67347,2254612710,0,0,0
a2207,20220218,20220218,134256500,13:42:57,6073,37225,67347,2254794900,3,0,182190
a2207,20220218,20220218,134257000,13:42:59,6071,37233,67348,2255280690,8,1,485790
a2207,20220218,20220218,134257500,13:42:59,6072,37234,67348,2255341410,1,0,60720
a2207,20220218,20220218,134258000,13:42:59,6072,37234,67348,2255341410,0,0,0
a2207,20220218,20220218,134301000,13:43:02,6072,37234,67348,2255341410,0,0,0
a2207,20220218,20220218,134301500,13:43:02,6072,37234,67348,2255341410,0,0,0
a2207,20220218,20220218,134304500,13:43:11,6072,37234,67348,2255341410,0,0,0
a2207,20220218,20220218,134305000,13:43:12,6072,37234,67348,2255341410,0,0,0
a2207,20220218,20220218,134308500,13:43:12,6072,37234,67348,2255341410,0,0,0
a2207,20220218,20220218,134312500,13:43:14,6072,37234,67348,2255341410,0,0,0
a2207,20220218,20220218,134315000,13:43:15,6072,37234,67348,2255341410,0,0,0
a2207,20220218,20220218,134315500,13:43:15,6072,37234,67348,2255341410,0,0,0
a2207,20220218,20220218,134316000,13:43:16,6072,37234,67348,2255341410,0,0,0
a2207,20220218,20220218,134316500,13:43:17,6072,37234,67348,2255341410,0,0,0
a2207,20220218,20220218,134317000,13:43:17,6072,37251,67350,2256373490,17,2,1032080
a2207,20220218,20220218,134317500,13:43:17,6072,37251,67350,2256373490,0,0,0
a2207,20220218,20220218,134318000,13:43:18,6072,37251,67350,2256373490,0,0,0
a2207,20220218,20220218,134318500,13:43:18,6072,37251,67350,2256373490,0,0,0
a2207,20220218,20220218,134319000,13:43:19,6072,37251,67350,2256373490,0,0,0
a2207,20220218,20220218,134319500,13:43:20,6072,37251,67350,2256373490,0,0,0
a2207,20220218,20220218,134320000,13:43:20,6072,37251,67350,2256373490,0,0,0
a2207,20220218,20220218,134321500,13:43:21,6072,37251,67350,2256373490,0,0,0
a2207,20220218,20220218,134322000,13:43:22,6070,37253,67350,2256494890,2,0,121400
a2207,20220218,20220218,134322500,13:43:23,6070,37253,67350,2256494890,0,0,0
a2207,20220218,20220218,134324500,13:43:25,6070,37253,67350,2256494890,0,0,0
a2207,20220218,20220218,134325000,13:43:25,6070,37253,67350,2256494890,0,0,0
a2207,20220218,20220218,134325500,13:43:26,6070,37253,67350,2256494890,0,0,0
a2207,20220218,20220218,134326000,13:43:26,6070,37253,67350,2256494890,0,0,0
a2207,20220218,20220218,134326500,13:43:27,6070,37253,67350,2256494890,0,0,0
a2207,20220218,20220218,134327000,13:43:27,6070,37253,67350,2256494890,0,0,0
a2207,20220218,20220218,134327500,13:43:27,6070,37254,67350,2256555590,1,0,60700
a2207,20220218,20220218,134328000,13:43:29,6070,37254,67350,2256555590,0,0,0
a2207,20220218,20220218,134328500,13:43:29,6070,37254,67350,2256555590,0,0,0
a2207,20220218,20220218,134329000,13:43:29,6069,37255,67351,2256616280,1,1,60690
a2207,20220218,20220218,134330000,13:43:30,6069,37255,67351,2256616280,0,0,0
a2207,20220218,20220218,134330500,13:43:30,6069,37256,67351,2256676970,1,0,60690
a2207,20220218,20220218,134331000,13:43:31,6069,37256,67351,2256676970,0,0,0
a2207,20220218,20220218,134331500,13:43:31,6069,37256,67351,2256676970,0,0,0
a2207,20220218,20220218,134333500,13:43:34,6069,37256,67351,2256676970,0,0,0
a2207,20220218,20220218,134334000,13:43:34,6069,37257,67351,2256737660,1,0,60690
a2207,20220218,20220218,134334500,13:43:35,6069,37258,67351,2256798350,1,0,60690
a2207,20220218,20220218,134335000,13:43:35,6069,37258,67351,2256798350,0,0,0
a2207,20220218,20220218,134337000,13:43:37,6069,37259,67350,2256859040,1,-1,60690
a2207,20220218,20220218,134337500,13:43:38,6067,37291,67361,2258800480,32,11,1941440
a2207,20220218,20220218,134338000,13:43:38,6067,37291,67361,2258800480,0,0,0
a2207,20220218,20220218,134338500,13:43:39,6066,37307,67377,2259771040,16,16,970560
a2207,20220218,20220218,134339000,13:43:47,6065,37308,67376,2259831690,1,-1,60650
a2207,20220218,20220218,134339500,13:43:57,6067,37310,67377,2259953030,2,1,121340
a2207,20220218,20220218,134340000,13:43:57,6067,37310,67377,2259953030,0,0,0
a2207,20220218,20220218,134340500,13:43:57,6067,37310,67377,2259953030,0,0,0
a2207,20220218,20220218,134354500,13:44:04,6067,37310,67377,2259953030,0,0,0
a2207,20220218,20220218,134356500,13:44:04,6068,37324,67372,2260802390,14,-5,849360
a2207,20220218,20220218,134401000,13:44:04,6068,37324,67372,2260802390,0,0,0
a2207,20220218,20220218,134405500,13:44:06,6068,37330,67369,2261166420,6,-3,364030
a2207,20220218,20220218,134406000,13:44:06,6068,37331,67370,2261227100,1,1,60680
a2207,20220218,20220218,134406500,13:44:07,6068,37331,67370,2261227100,0,0,0
a2207,20220218,20220218,134407000,13:44:07,6068,37333,67368,2261348460,2,-2,121360
a2207,20220218,20220218,134407500,13:44:08,6068,37334,67369,2261409140,1,1,60680
a2207,20220218,20220218,134410500,13:44:17,6068,37334,67369,2261409140,0,0,0
a2207,20220218,20220218,134415500,13:44:17,6068,37334,67369,2261409140,0,0,0
a2207,20220218,20220218,134418500,13:44:19,6068,37335,67368,2261469820,1,-1,60680
a2207,20220218,20220218,134419000,13:44:23,6067,37337,67368,2261591160,2,0,121340
a2207,20220218,20220218,134419500,13:44:23,6067,37339,67368,2261712500,2,0,121340
a2207,20220218,20220218,134420000,13:44:23,6068,37340,67368,2261773180,1,0,60680
a2207,20220218,20220218,134420500,13:44:23,6068,37341,67368,2261833860,1,0,60680
a2207,20220218,20220218,134421500,13:44:23,6068,37341,67368,2261833860,0,0,0
a2207,20220218,20220218,134433000,13:44:37,6069,37343,67368,2261955230,2,0,121370
a2207,20220218,20220218,134438000,13:44:38,6069,37343,67368,2261955230,0,0,0
a2207,20220218,20220218,134445000,13:44:45,6068,37348,67368,2262258630,5,0,303400
a2207,20220218,20220218,134445500,13:44:45,6068,37351,67365,2262440670,3,-3,182040
a2207,20220218,20220218,134451000,13:44:51,6068,37351,67365,2262440670,0,0,0
a2207,20220218,20220218,134451500,13:44:53,6068,37351,67365,2262440670,0,0,0
a2207,20220218,20220218,134456500,13:44:56,6068,37351,67365,2262440670,0,0,0
a2207,20220218,20220218,134458000,13:44:58,6069,37353,67364,2262562050,2,-1,121380
a2207,20220218,20220218,134501000,13:45:01,6069,37353,67364,2262562050,0,0,0
a2207,20220218,20220218,134501500,13:45:02,6068,37355,67366,2262683410,2,2,121360
a2207,20220218,20220218,134502000,13:45:02,6068,37356,67365,2262744090,1,-1,60680
a2207,20220218,20220218,134504000,13:45:08,6068,37359,67365,2262926130,3,0,182040
a2207,20220218,20220218,134504500,13:45:09,6068,37362,67368,2263108150,3,3,182020
a2207,20220218,20220218,134508000,13:45:09,6068,37369,67371,2263532880,7,3,424730
a2207,20220218,20220218,134508500,13:45:09,6068,37374,67374,2263836280,5,3,303400
a2207,20220218,20220218,134509000,13:45:10,6068,37396,67393,2265171440,22,19,1335160
a2207,20220218,20220218,134510000,13:45:10,6069,37399,67396,2265353510,3,3,182070
a2207,20220218,20220218,134510500,13:45:10,6069,37399,67396,2265353510,0,0,0
a2207,20220218,20220218,134512500,13:45:13,6069,37401,67397,2265474890,2,1,121380
a2207,20220218,20220218,134513000,13:45:14,6069,37401,67397,2265474890,0,0,0
a2207,20220218,20220218,134513500,13:45:15,6069,37403,67397,2265596270,2,0,121380
a2207,20220218,20220218,134514000,13:45:15,6069,37404,67397,2265656960,1,0,60690
a2207,20220218,20220218,134514500,13:45:16,6069,37405,67398,2265717650,1,1,60690
a2207,20220218,20220218,134515000,13:45:17,6068,37408,67400,2265899700,3,2,182050
a2207,20220218,20220218,134515500,13:45:17,6067,37411,67401,2266081730,3,1,182030
a2207,20220218,20220218,134516000,13:45:17,6068,37414,67401,2266263770,3,0,182040
a2207,20220218,20220218,134516500,13:45:17,6068,37414,67401,2266263770,0,0,0
a2207,20220218,20220218,134517000,13:45:20,6068,37414,67401,2266263770,0,0,0
a2207,20220218,20220218,134517500,13:45:20,6069,37417,67401,2266445840,3,0,182070
a2207,20220218,20220218,134519500,13:45:23,6069,37417,67401,2266445840,0,0,0
a2207,20220218,20220218,134523000,13:45:24,6069,37445,67393,2268145060,28,-8,1699220
a2207,20220218,20220218,134523500,13:45:24,6068,37454,67397,2268691260,9,4,546200
a2207,20220218,20220218,134524000,13:45:25,6068,37454,67397,2268691260,0,0,0
a2207,20220218,20220218,134524500,13:45:26,6069,37457,67398,2268873330,3,1,182070
a2207,20220218,20220218,134525000,13:45:26,6067,37460,67395,2269055340,3,-3,182010
a2207,20220218,20220218,134527000,13:45:30,6069,37464,67396,2269298100,4,1,242760
a2207,20220218,20220218,134527500,13:45:30,6069,37468,67399,2269540860,4,3,242760
a2207,20220218,20220218,134529500,13:45:30,6068,37478,67401,2270147750,10,2,606890
a2207,20220218,20220218,134530000,13:45:30,6068,37481,67398,2270329810,3,-3,182060
a2207,20220218,20220218,134530500,13:45:31,6070,37485,67398,2270572580,4,0,242770
a2207,20220218,20220218,134531000,13:45:31,6068,37486,67397,2270633260,1,-1,60680
a2207,20220218,20220218,134531500,13:45:32,6070,37487,67398,2270693960,1,1,60700
a2207,20220218,20220218,134532000,13:45:33,6071,37489,67398,2270815360,2,0,121400
a2207,20220218,20220218,134532500,13:45:33,6070,37490,67399,2270876060,1,1,60700
a2207,20220218,20220218,134533000,13:45:33,6069,37519,67398,2272636300,29,-1,1760240
a2207,20220218,20220218,134533500,13:45:34,6069,37524,67398,2272939750,5,0,303450
a2207,20220218,20220218,134534000,13:45:35,6069,37524,67398,2272939750,0,0,0
a2207,20220218,20220218,134534500,13:45:35,6070,37525,67398,2273000450,1,0,60700
a2207,20220218,20220218,134538500,13:45:39,6070,37526,67398,2273061150,1,0,60700
a2207,20220218,20220218,134540500,13:45:41,6070,37527,67397,2273121850,1,-1,60700
a2207,20220218,20220218,134541000,13:45:41,6070,37527,67397,2273121850,0,0,0
a2207,20220218,20220218,134543000,13:45:46,6070,37527,67397,2273121850,0,0,0
a2207,20220218,20220218,134545500,13:45:46,6071,37535,67400,2273607450,8,3,485600
a2207,20220218,20220218,134546000,13:45:47,6069,37537,67400,2273728830,2,0,121380
a2207,20220218,20220218,134546500,13:45:47,6070,37539,67401,2273850220,2,1,121390
a2207,20220218,20220218,134547000,13:45:47,6070,37548,67401,2274396520,9,0,546300
a2207,20220218,20220218,134547500,13:45:47,6070,37550,67400,2274517920,2,-1,121400
a2207,20220218,20220218,134548000,13:45:48,6070,37570,67414,2275732090,20,14,1214170
a2207,20220218,20220218,134548500,13:45:48,6071,37593,67420,2277128420,23,6,1396330
a2207,20220218,20220218,134549000,13:45:53,6071,37607,67421,2277978380,14,1,849960
a2207,20220218,20220218,134549500,13:45:53,6070,37672,67440,2281925520,65,19,3947140
a2207,20220218,20220218,134550000,13:45:53,6073,37696,67440,2283382620,24,0,1457100
a2207,20220218,20220218,134550500,13:45:54,6073,37704,67440,2283868460,8,0,485840
a2207,20220218,20220218,134553500,13:45:54,6072,37718,67442,2284718720,14,2,850260
a2207,20220218,20220218,134554000,13:45:55,6072,37723,67442,2285022320,5,0,303600
a2207,20220218,20220218,134554500,13:45:55,6074,37724,67443,2285083060,1,1,60740
a2207,20220218,20220218,134556000,13:46:00,6073,37742,67445,2286176360,18,2,1093300
a2207,20220218,20220218,134556500,13:46:00,6073,37766,67447,2287634110,24,2,1457750
a2207,20220218,20220218,134557000,13:46:01,6074,37767,67446,2287694850,1,-1,60740
a2207,20220218,20220218,134600000,13:46:01,6074,37767,67446,2287694850,0,0,0
a2207,20220218,20220218,134600500,13:46:01,6076,37790,67450,2289092210,23,4,1397360
a2207,20220218,20220218,134601000,13:46:02,6076,37790,67450,2289092210,0,0,0
a2207,20220218,20220218,134601500,13:46:02,6074,37793,67451,2289274430,3,1,182220
a2207,20220218,20220218,134602000,13:46:03,6076,37797,67455,2289517460,4,4,243030
a2207,20220218,20220218,134602500,13:46:04,6076,37797,67455,2289517460,0,0,0
a2207,20220218,20220218,134603000,13:46:04,6076,37797,67455,2289517460,0,0,0
a2207,20220218,20220218,134604000,13:46:05,6076,37797,67455,2289517460,0,0,0
a2207,20220218,20220218,134604500,13:46:05,6075,37799,67454,2289638960,2,-1,121500
a2207,20220218,20220218,134605000,13:46:05,6074,37802,67452,2289821180,3,-2,182220
a2207,20220218,20220218,134609000,13:46:09,6074,37802,67452,2289821180,0,0,0
a2207,20220218,20220218,134611500,13:46:11,6074,37802,67452,2289821180,0,0,0
a2207,20220218,20220218,134615000,13:46:16,6074,37802,67452,2289821180,0,0,0
a2207,20220218,20220218,134615500,13:46:17,6074,37802,67452,2289821180,0,0,0
a2207,20220218,20220218,134616000,13:46:18,6074,37803,67452,2289881920,1,0,60740
a2207,20220218,20220218,134616500,13:46:18,6074,37803,67452,2289881920,0,0,0
a2207,20220218,20220218,134618500,13:46:19,6074,37803,67452,2289881920,0,0,0
a2207,20220218,20220218,134620000,13:46:20,6074,37803,67452,2289881920,0,0,0
a2207,20220218,20220218,134622500,13:46:30,6074,37803,67452,2289881920,0,0,0
a2207,20220218,20220218,134623000,13:46:30,6074,37803,67452,2289881920,0,0,0
a2207,20220218,20220218,134630000,13:46:31,6075,37809,67455,2290246400,6,3,364480
a2207,20220218,20220218,134630500,13:46:31,6075,37811,67453,2290367900,2,-2,121500
a2207,20220218,20220218,134631000,13:46:31,6075,37811,67453,2290367900,0,0,0
a2207,20220218,20220218,134631500,13:46:32,6075,37814,67453,2290550150,3,0,182250
a2207,20220218,20220218,134632000,13:46:32,6075,37816,67452,2290671650,2,-1,121500
a2207,20220218,20220218,134632500,13:46:33,6075,37816,67452,2290671650,0,0,0
a2207,20220218,20220218,134635500,13:46:36,6075,37819,67455,2290853900,3,3,182250
a2207,20220218,20220218,134636000,13:46:37,6074,37820,67454,2290914640,1,-1,60740
a2207,20220218,20220218,134636500,13:46:37,6074,37820,67454,2290914640,0,0,0
a2207,20220218,20220218,134638000,13:46:38,6073,37832,67459,2291643410,12,5,728770
a2207,20220218,20220218,134638500,13:46:39,6073,37832,67459,2291643410,0,0,0
a2207,20220218,20220218,134639000,13:46:39,6073,37832,67459,2291643410,0,0,0
a2207,20220218,20220218,134639500,13:46:40,6075,37833,67460,2291704160,1,1,60750
a2207,20220218,20220218,134641000,13:46:43,6075,37833,67460,2291704160,0,0,0
a2207,20220218,20220218,134642500,13:46:43,6075,37833,67460,2291704160,0,0,0
a2207,20220218,20220218,134643000,13:46:43,6073,37843,67460,2292311460,10,0,607300
a2207,20220218,20220218,134643500,13:46:45,6073,37843,67460,2292311460,0,0,0
a2207,20220218,20220218,134644000,13:46:46,6073,37843,67460,2292311460,0,0,0
a2207,20220218,20220218,134644500,13:46:47,6073,37843,67460,2292311460,0,0,0
a2207,20220218,20220218,134645000,13:46:47,6072,37844,67460,2292372180,1,0,60720
a2207,20220218,20220218,134645500,13:46:47,6072,37844,67460,2292372180,0,0,0
a2207,20220218,20220218,134649500,13:46:50,6072,37844,67460,2292372180,0,0,0
a2207,20220218,20220218,134650000,13:46:50,6072,37844,67460,2292372180,0,0,0
a2207,20220218,20220218,134652000,13:46:52,6072,37844,67460,2292372180,0,0,0
a2207,20220218,20220218,134652500,13:46:53,6072,37844,67460,2292372180,0,0,0
a2207,20220218,20220218,134654000,13:46:55,6072,37844,67460,2292372180,0,0,0
a2207,20220218,20220218,134654500,13:46:55,6072,37844,67460,2292372180,0,0,0
a2207,20220218,20220218,134655000,13:46:55,6074,37845,67460,2292432920,1,0,60740
a2207,20220218,20220218,134659000,13:46:59,6074,37845,67460,2292432920,0,0,0
a2207,20220218,20220218,134701000,13:47:01,6074,37845,67460,2292432920,0,0,0
a2207,20220218,20220218,134701500,13:47:02,6073,37847,67460,2292554380,2,0,121460
a2207,20220218,20220218,134703000,13:47:03,6073,37847,67460,2292554380,0,0,0
a2207,20220218,20220218,134716500,13:47:16,6073,37847,67460,2292554380,0,0,0
a2207,20220218,20220218,134717000,13:47:17,6071,37853,67460,2292918650,6,0,364270
a2207,20220218,20220218,134718500,13:47:19,6072,37855,67462,2293040090,2,2,121440
a2207,20220218,20220218,134719000,13:47:19,6073,37856,67462,2293100820,1,0,60730
a2207,20220218,20220218,134719500,13:47:19,6073,37856,67462,2293100820,0,0,0
a2207,20220218,20220218,134721000,13:47:22,6073,37856,67462,2293100820,0,0,0
a2207,20220218,20220218,134721500,13:47:23,6073,37856,67462,2293100820,0,0,0
a2207,20220218,20220218,134722000,13:47:26,6073,37856,67462,2293100820,0,0,0
a2207,20220218,20220218,134723000,13:47:26,6073,37856,67462,2293100820,0,0,0
a2207,20220218,20220218,134723500,13:47:27,6073,37856,67462,2293100820,0,0,0
a2207,20220218,20220218,134726500,13:47:27,6073,37856,67462,2293100820,0,0,0
a2207,20220218,20220218,134727000,13:47:27,6073,37856,67462,2293100820,0,0,0
a2207,20220218,20220218,134730000,13:47:30,6073,37856,67462,2293100820,0,0,0
a2207,20220218,20220218,134730500,13:47:30,6073,37856,67462,2293100820,0,0,0
a2207,20220218,20220218,134731000,13:47:31,6073,37856,67462,2293100820,0,0,0
a2207,20220218,20220218,134732500,13:47:34,6073,37856,67462,2293100820,0,0,0
a2207,20220218,20220218,134733000,13:47:34,6071,37871,67467,2294011510,15,5,910690
a2207,20220218,20220218,134733500,13:47:34,6072,37872,67468,2294072230,1,1,60720
a2207,20220218,20220218,134734000,13:47:36,6072,37872,67468,2294072230,0,0,0
a2207,20220218,20220218,134734500,13:47:36,6071,37873,67468,2294132940,1,0,60710
a2207,20220218,20220218,134735000,13:47:36,6072,37879,67468,2294497220,6,0,364280
a2207,20220218,20220218,134735500,13:47:36,6070,37912,67468,2296500330,33,0,2003110
a2207,20220218,20220218,134736000,13:47:36,6070,37918,67468,2296864530,6,0,364200
a2207,20220218,20220218,134736500,13:47:37,6070,37918,67468,2296864530,0,0,0
a2207,20220218,20220218,134737000,13:47:37,6070,37918,67468,2296864530,0,0,0
a2207,20220218,20220218,134739500,13:47:40,6070,37918,67468,2296864530,0,0,0
a2207,20220218,20220218,134740000,13:47:40,6071,37919,67467,2296925240,1,-1,60710
a2207,20220218,20220218,134740500,13:47:41,6071,37919,67467,2296925240,0,0,0
a2207,20220218,20220218,134743500,13:47:44,6071,37920,67467,2296985950,1,0,60710
a2207,20220218,20220218,134745000,13:47:45,6070,37925,67472,2297289450,5,5,303500
a2207,20220218,20220218,134745500,13:47:46,6070,37926,67472,2297350150,1,0,60700
a2207,20220218,20220218,134746000,13:47:47,6070,37926,67472,2297350150,0,0,0
a2207,20220218,20220218,134746500,13:47:47,6070,37926,67472,2297350150,0,0,0
a2207,20220218,20220218,134747500,13:47:47,6070,37926,67472,2297350150,0,0,0
a2207,20220218,20220218,134749500,13:47:50,6070,37926,67472,2297350150,0,0,0
a2207,20220218,20220218,134750500,13:47:50,6070,37926,67472,2297350150,0,0,0
a2207,20220218,20220218,134754000,13:47:54,6070,37926,67472,2297350150,0,0,0
a2207,20220218,20220218,134755500,13:47:55,6070,37926,67472,2297350150,0,0,0
a2207,20220218,20220218,134756000,13:47:56,6070,37926,67472,2297350150,0,0,0
a2207,20220218,20220218,134757000,13:47:57,6070,37926,67472,2297350150,0,0,0
a2207,20220218,20220218,134758500,13:47:58,6070,37926,67472,2297350150,0,0,0
a2207,20220218,20220218,134800000,13:48:00,6070,37926,67472,2297350150,0,0,0
a2207,20220218,20220218,134801500,13:48:01,6069,37933,67476,2297774980,7,4,424830
a2207,20220218,20220218,134804500,13:48:05,6069,37933,67476,2297774980,0,0,0
a2207,20220218,20220218,134806500,13:48:06,6069,37933,67476,2297774980,0,0,0
a2207,20220218,20220218,134807000,13:48:07,6069,37933,67476,2297774980,0,0,0
a2207,20220218,20220218,134809500,13:48:09,6071,37934,67476,2297835690,1,0,60710
a2207,20220218,20220218,134811000,13:48:11,6071,37934,67476,2297835690,0,0,0
a2207,20220218,20220218,134814500,13:48:14,6071,37934,67476,2297835690,0,0,0
a2207,20220218,20220218,134817000,13:48:18,6070,37935,67475,2297896390,1,-1,60700
a2207,20220218,20220218,134817500,13:48:19,6070,37935,67475,2297896390,0,0,0
a2207,20220218,20220218,134818000,13:48:19,6070,37941,67475,2298260590,6,0,364200
a2207,20220218,20220218,134818500,13:48:20,6070,37950,67475,2298806890,9,0,546300
a2207,20220218,20220218,134819500,13:48:21,6069,37957,67480,2299231730,7,5,424840
a2207,20220218,20220218,134820000,13:48:22,6068,37958,67479,2299292410,1,-1,60680
a2207,20220218,20220218,134822500,13:48:23,6071,37959,67480,2299353120,1,1,60710
a2207,20220218,20220218,134823000,13:48:23,6071,37959,67480,2299353120,0,0,0
a2207,20220218,20220218,134823500,13:48:24,6071,37959,67480,2299353120,0,0,0
a2207,20220218,20220218,134824000,13:48:24,6071,37959,67480,2299353120,0,0,0
a2207,20220218,20220218,134824500,13:48:24,6071,37959,67480,2299353120,0,0,0
a2207,20220218,20220218,134833500,13:48:34,6071,37959,67480,2299353120,0,0,0
a2207,20220218,20220218,134834000,13:48:36,6068,37961,67478,2299474480,2,-2,121360
a2207,20220218,20220218,134834500,13:48:36,6068,37961,67478,2299474480,0,0,0
a2207,20220218,20220218,134838500,13:48:38,6068,37961,67478,2299474480,0,0,0
a2207,20220218,20220218,134839500,13:48:39,6068,37961,67478,2299474480,0,0,0
a2207,20220218,20220218,134840000,13:48:40,6068,37961,67478,2299474480,0,0,0
a2207,20220218,20220218,134840500,13:48:40,6068,37961,67478,2299474480,0,0,0
a2207,20220218,20220218,134841500,13:48:42,6070,37962,67477,2299535180,1,-1,60700
a2207,20220218,20220218,134842000,13:48:42,6070,37962,67477,2299535180,0,0,0
a2207,20220218,20220218,134844000,13:48:44,6069,37963,67478,2299595870,1,1,60690
a2207,20220218,20220218,134844500,13:48:44,6069,37967,67482,2299838630,4,4,242760
a2207,20220218,20220218,134845000,13:48:45,6069,37967,67482,2299838630,0,0,0
a2207,20220218,20220218,134845500,13:48:45,6069,37967,67482,2299838630,0,0,0
a2207,20220218,20220218,134850500,13:48:51,6069,37972,67482,2300142080,5,0,303450
a2207,20220218,20220218,134851000,13:48:51,6069,37972,67482,2300142080,0,0,0
a2207,20220218,20220218,134853000,13:48:54,6069,37972,67482,2300142080,0,0,0
a2207,20220218,20220218,134853500,13:48:55,6069,37972,67482,2300142080,0,0,0
a2207,20220218,20220218,134854000,13:48:56,6068,37974,67481,2300263440,2,-1,121360
a2207,20220218,20220218,134854500,13:48:56,6068,37974,67481,2300263440,0,0,0
a2207,20220218,20220218,134855000,13:48:56,6068,37974,67481,2300263440,0,0,0
a2207,20220218,20220218,134855500,13:48:56,6068,37974,67481,2300263440,0,0,0
a2207,20220218,20220218,134858000,13:48:59,6068,37974,67481,2300263440,0,0,0
a2207,20220218,20220218,134900500,13:49:01,6068,37974,67481,2300263440,0,0,0
a2207,20220218,20220218,134901000,13:49:02,6070,37977,67481,2300445540,3,0,182100
a2207,20220218,20220218,134901500,13:49:02,6070,37977,67481,2300445540,0,0,0
a2207,20220218,20220218,134902000,13:49:02,6070,37977,67481,2300445540,0,0,0
a2207,20220218,20220218,134905500,13:49:05,6070,37977,67481,2300445540,0,0,0
a2207,20220218,20220218,134906500,13:49:06,6070,37977,67481,2300445540,0,0,0
a2207,20220218,20220218,134912500,13:49:13,6070,37978,67481,2300506240,1,0,60700
a2207,20220218,20220218,134919000,13:49:20,6069,37979,67482,2300566930,1,1,60690
a2207,20220218,20220218,134919500,13:49:20,6068,37981,67482,2300688300,2,0,121370
a2207,20220218,20220218,134920000,13:49:20,6068,37981,67482,2300688300,0,0,0
a2207,20220218,20220218,134920500,13:49:20,6068,37981,67482,2300688300,0,0,0
a2207,20220218,20220218,134921000,13:49:21,6068,37981,67482,2300688300,0,0,0
a2207,20220218,20220218,134921500,13:49:21,6068,37981,67482,2300688300,0,0,0
a2207,20220218,20220218,134922000,13:49:22,6069,37982,67482,2300748990,1,0,60690
a2207,20220218,20220218,134922500,13:49:23,6069,37982,67482,2300748990,0,0,0
a2207,20220218,20220218,134923000,13:49:24,6069,37982,67482,2300748990,0,0,0
a2207,20220218,20220218,134935000,13:49:35,6069,37982,67482,2300748990,0,0,0
a2207,20220218,20220218,134935500,13:49:36,6069,37982,67482,2300748990,0,0,0
a2207,20220218,20220218,134952500,13:49:54,6069,37982,67482,2300748990,0,0,0
a2207,20220218,20220218,134953000,13:49:54,6068,37984,67482,2300870350,2,0,121360
a2207,20220218,20220218,134953500,13:49:55,6068,37984,67482,2300870350,0,0,0
a2207,20220218,20220218,134954000,13:49:55,6068,37984,67482,2300870350,0,0,0
a2207,20220218,20220218,134954500,13:49:55,6068,37984,67482,2300870350,0,0,0
a2207,20220218,20220218,134955000,13:49:55,6068,37984,67482,2300870350,0,0,0
a2207,20220218,20220218,134955500,13:49:56,6068,37984,67482,2300870350,0,0,0
a2207,20220218,20220218,135001500,13:50:02,6068,37984,67482,2300870350,0,0,0
a2207,20220218,20220218,135004000,13:50:04,6069,37986,67480,2300991730,2,-2,121380
a2207,20220218,20220218,135008000,13:50:17,6069,37987,67480,2301052420,1,0,60690
a2207,20220218,20220218,135023500,13:50:27,6069,37987,67480,2301052420,0,0,0
a2207,20220218,20220218,135027000,13:50:35,6069,37987,67480,2301052420,0,0,0
a2207,20220218,20220218,135029500,13:50:35,6069,37987,67480,2301052420,0,0,0
a2207,20220218,20220218,135032500,13:50:37,6069,37987,67480,2301052420,0,0,0
a2207,20220218,20220218,135038000,13:50:39,6067,38009,67495,2302387260,22,15,1334840
a2207,20220218,20220218,135038500,13:50:39,6067,38009,67495,2302387260,0,0,0
a2207,20220218,20220218,135040500,13:50:41,6067,38009,67495,2302387260,0,0,0
a2207,20220218,20220218,135042000,13:50:43,6067,38010,67496,2302447930,1,1,60670
a2207,20220218,20220218,135043000,13:50:43,6067,38010,67496,2302447930,0,0,0
a2207,20220218,20220218,135043500,13:50:45,6066,38012,67494,2302569250,2,-2,121320
a2207,20220218,20220218,135044000,13:50:45,6068,38013,67494,2302629930,1,0,60680
a2207,20220218,20220218,135045000,13:50:45,6068,38013,67494,2302629930,0,0,0
a2207,20220218,20220218,135046000,13:50:47,6068,38013,67494,2302629930,0,0,0
a2207,20220218,20220218,135046500,13:50:47,6068,38013,67494,2302629930,0,0,0
a2207,20220218,20220218,135048000,13:50:48,6068,38013,67494,2302629930,0,0,0
a2207,20220218,20220218,135050500,13:50:51,6067,38029,67490,2303600540,16,-4,970610
a2207,20220218,20220218,135051000,13:50:51,6067,38029,67490,2303600540,0,0,0
a2207,20220218,20220218,135051500,13:50:52,6066,38034,67490,2303903840,5,0,303300
a2207,20220218,20220218,135052000,13:50:53,6066,38034,67490,2303903840,0,0,0
a2207,20220218,20220218,135052500,13:50:53,6066,38034,67490,2303903840,0,0,0
a2207,20220218,20220218,135053000,13:50:53,6066,38034,67490,2303903840,0,0,0
a2207,20220218,20220218,135053500,13:50:54,6066,38034,67490,2303903840,0,0,0
a2207,20220218,20220218,135054500,13:50:55,6066,38034,67490,2303903840,0,0,0
a2207,20220218,20220218,135055000,13:50:55,6066,38034,67490,2303903840,0,0,0
a2207,20220218,20220218,135055500,13:50:55,6067,38035,67491,2303964510,1,1,60670
a2207,20220218,20220218,135056000,13:50:56,6066,38037,67490,2304085830,2,-1,121320
a2207,20220218,20220218,135056500,13:50:57,6066,38037,67490,2304085830,0,0,0
a2207,20220218,20220218,135057000,13:50:57,6066,38037,67490,2304085830,0,0,0
a2207,20220218,20220218,135057500,13:50:58,6067,38038,67490,2304146500,1,0,60670
a2207,20220218,20220218,135100000,13:51:00,6066,38039,67490,2304207160,1,0,60660
a2207,20220218,20220218,135102000,13:51:02,6066,38040,67490,2304267820,1,0,60660
a2207,20220218,20220218,135102500,13:51:02,6066,38040,67490,2304267820,0,0,0
a2207,20220218,20220218,135103000,13:51:03,6065,38042,67490,2304389120,2,0,121300
a2207,20220218,20220218,135103500,13:51:04,6064,38094,67480,2307542420,52,-10,3153300
a2207,20220218,20220218,135104000,13:51:04,6064,38100,67480,2307906260,6,0,363840
a2207,20220218,20220218,135104500,13:51:04,6065,38101,67481,2307966910,1,1,60650
a2207,20220218,20220218,135105000,13:51:05,6065,38101,67481,2307966910,0,0,0
a2207,20220218,20220218,135105500,13:51:06,6065,38102,67481,2308027560,1,0,60650
a2207,20220218,20220218,135106000,13:51:06,6065,38102,67481,2308027560,0,0,0
a2207,20220218,20220218,135106500,13:51:11,6066,38104,67483,2308148880,2,2,121320
a2207,20220218,20220218,135107000,13:51:20,6066,38105,67484,2308209540,1,1,60660
a2207,20220218,20220218,135120000,13:51:21,6066,38105,67484,2308209540,0,0,0
a2207,20220218,20220218,135124000,13:51:24,6066,38105,67484,2308209540,0,0,0
a2207,20220218,20220218,135124500,13:51:24,6063,38119,67496,2309058700,14,12,849160
a2207,20220218,20220218,135125000,13:51:25,6063,38120,67496,2309119330,1,0,60630
a2207,20220218,20220218,135126000,13:51:27,6063,38120,67496,2309119330,0,0,0
a2207,20220218,20220218,135127000,13:51:27,6063,38120,67496,2309119330,0,0,0
a2207,20220218,20220218,135127500,13:51:27,6063,38120,67496,2309119330,0,0,0
a2207,20220218,20220218,135128000,13:51:28,6063,38120,67496,2309119330,0,0,0
a2207,20220218,20220218,135128500,13:51:29,6063,38120,67496,2309119330,0,0,0
a2207,20220218,20220218,135129000,13:51:29,6063,38120,67496,2309119330,0,0,0
a2207,20220218,20220218,135129500,13:51:30,6063,38120,67496,2309119330,0,0,0
a2207,20220218,20220218,135130000,13:51:30,6065,38123,67497,2309301270,3,1,181940
a2207,20220218,20220218,135130500,13:51:31,6065,38123,67497,2309301270,0,0,0
a2207,20220218,20220218,135131500,13:51:31,6065,38123,67497,2309301270,0,0,0
a2207,20220218,20220218,135132000,13:51:32,6065,38123,67497,2309301270,0,0,0
a2207,20220218,20220218,135132500,13:51:33,6065,38123,67497,2309301270,0,0,0
a2207,20220218,20220218,135136000,13:51:36,6065,38123,67497,2309301270,0,0,0
a2207,20220218,20220218,135144500,13:51:44,6064,38124,67497,2309361910,1,0,60640
a2207,20220218,20220218,135147500,13:51:48,6064,38124,67497,2309361910,0,0,0
a2207,20220218,20220218,135152000,13:51:52,6064,38124,67497,2309361910,0,0,0
a2207,20220218,20220218,135156500,13:51:57,6064,38124,67497,2309361910,0,0,0
a2207,20220218,20220218,135200000,13:52:00,6064,38124,67497,2309361910,0,0,0
a2207,20220218,20220218,135201000,13:52:01,6064,38124,67497,2309361910,0,0,0
a2207,20220218,20220218,135202000,13:52:03,6064,38128,67495,2309604460,4,-2,242550
a2207,20220218,20220218,135202500,13:52:03,6064,38128,67495,2309604460,0,0,0
a2207,20220218,20220218,135203000,13:52:04,6064,38129,67495,2309665100,1,0,60640
a2207,20220218,20220218,135203500,13:52:04,6063,38132,67496,2309847000,3,1,181900
a2207,20220218,20220218,135204000,13:52:05,6063,38132,67496,2309847000,0,0,0
a2207,20220218,20220218,135204500,13:52:05,6063,38132,67496,2309847000,0,0,0
a2207,20220218,20220218,135205000,13:52:05,6063,38132,67496,2309847000,0,0,0
a2207,20220218,20220218,135205500,13:52:06,6063,38132,67496,2309847000,0,0,0
a2207,20220218,20220218,135206000,13:52:06,6064,38133,67496,2309907640,1,0,60640
a2207,20220218,20220218,135215500,13:52:15,6064,38133,67496,2309907640,0,0,0
a2207,20220218,20220218,135216000,13:52:16,6064,38136,67495,2310089560,3,-1,181920
a2207,20220218,20220218,135216500,13:52:17,6065,38137,67496,2310150210,1,1,60650
a2207,20220218,20220218,135217000,13:52:17,6065,38137,67496,2310150210,0,0,0
a2207,20220218,20220218,135217500,13:52:19,6065,38137,67496,2310150210,0,0,0
a2207,20220218,20220218,135218000,13:52:19,6065,38137,67496,2310150210,0,0,0
a2207,20220218,20220218,135218500,13:52:20,6065,38137,67496,2310150210,0,0,0
a2207,20220218,20220218,135219000,13:52:23,6065,38137,67496,2310150210,0,0,0
a2207,20220218,20220218,135219500,13:52:24,6065,38137,67496,2310150210,0,0,0
a2207,20220218,20220218,135220000,13:52:24,6065,38137,67496,2310150210,0,0,0
a2207,20220218,20220218,135220500,13:52:24,6065,38137,67496,2310150210,0,0,0
a2207,20220218,20220218,135221000,13:52:24,6065,38137,67496,2310150210,0,0,0
a2207,20220218,20220218,135223500,13:52:24,6065,38137,67496,2310150210,0,0,0
a2207,20220218,20220218,135224000,13:52:24,6063,38139,67496,2310271470,2,0,121260
a2207,20220218,20220218,135224500,13:52:24,6063,38139,67496,2310271470,0,0,0
a2207,20220218,20220218,135225000,13:52:25,6065,38144,67501,2310574720,5,5,303250
a2207,20220218,20220218,135225500,13:52:25,6063,38149,67505,2310877870,5,4,303150
a2207,20220218,20220218,135226000,13:52:26,6063,38150,67505,2310938500,1,0,60630
a2207,20220218,20220218,135226500,13:52:27,6063,38150,67505,2310938500,0,0,0
a2207,20220218,20220218,135229000,13:52:29,6063,38150,67505,2310938500,0,0,0
a2207,20220218,20220218,135230500,13:52:32,6063,38150,67505,2310938500,0,0,0
a2207,20220218,20220218,135231000,13:52:32,6064,38152,67505,2311059780,2,0,121280
a2207,20220218,20220218,135233000,13:52:33,6064,38152,67505,2311059780,0,0,0
a2207,20220218,20220218,135233500,13:52:33,6064,38153,67506,2311120420,1,1,60640
a2207,20220218,20220218,135234000,13:52:34,6064,38153,67506,2311120420,0,0,0
a2207,20220218,20220218,135236000,13:52:37,6063,38155,67506,2311241680,2,0,121260
a2207,20220218,20220218,135236500,13:52:44,6063,38155,67506,2311241680,0,0,0
a2207,20220218,20220218,135237000,13:52:44,6063,38155,67506,2311241680,0,0,0
a2207,20220218,20220218,135242000,13:52:45,6063,38156,67506,2311302310,1,0,60630
a2207,20220218,20220218,135248500,13:52:49,6062,38158,67508,2311423550,2,2,121240
a2207,20220218,20220218,135249000,13:52:49,6062,38163,67507,2311726680,5,-1,303130
a2207,20220218,20220218,135249500,13:52:50,6062,38163,67507,2311726680,0,0,0
a2207,20220218,20220218,135250000,13:52:50,6062,38163,67507,2311726680,0,0,0
a2207,20220218,20220218,135250500,13:52:51,6062,38163,67507,2311726680,0,0,0
a2207,20220218,20220218,135251000,13:52:51,6062,38163,67507,2311726680,0,0,0
a2207,20220218,20220218,135251500,13:52:51,6062,38163,67507,2311726680,0,0,0
a2207,20220218,20220218,135252000,13:52:52,6062,38163,67507,2311726680,0,0,0
a2207,20220218,20220218,135252500,13:52:53,6062,38163,67507,2311726680,0,0,0
a2207,20220218,20220218,135253000,13:52:53,6062,38163,67507,2311726680,0,0,0
a2207,20220218,20220218,135253500,13:52:54,6062,38163,67507,2311726680,0,0,0
a2207,20220218,20220218,135254000,13:52:54,6062,38163,67507,2311726680,0,0,0
a2207,20220218,20220218,135254500,13:52:54,6062,38163,67507,2311726680,0,0,0
a2207,20220218,20220218,135301000,13:53:01,6062,38163,67507,2311726680,0,0,0
a2207,20220218,20220218,135301500,13:53:02,6063,38164,67508,2311787310,1,1,60630
a2207,20220218,20220218,135303500,13:53:04,6063,38165,67509,2311847940,1,1,60630
a2207,20220218,20220218,135304000,13:53:05,6063,38165,67509,2311847940,0,0,0
a2207,20220218,20220218,135305000,13:53:08,6063,38165,67509,2311847940,0,0,0
a2207,20220218,20220218,135305500,13:53:08,6063,38165,67509,2311847940,0,0,0
a2207,20220218,20220218,135306000,13:53:08,6063,38165,67509,2311847940,0,0,0
a2207,20220218,20220218,135306500,13:53:09,6063,38165,67509,2311847940,0,0,0
a2207,20220218,20220218,135307000,13:53:09,6063,38165,67509,2311847940,0,0,0
a2207,20220218,20220218,135310000,13:53:10,6063,38165,67509,2311847940,0,0,0
a2207,20220218,20220218,135310500,13:53:11,6062,38167,67509,2311969180,2,0,121240
a2207,20220218,20220218,135311000,13:53:11,6063,38168,67509,2312029810,1,0,60630
a2207,20220218,20220218,135315000,13:53:15,6062,38173,67514,2312332910,5,5,303100
a2207,20220218,20220218,135315500,13:53:16,6062,38173,67514,2312332910,0,0,0
a2207,20220218,20220218,135316000,13:53:16,6062,38173,67514,2312332910,0,0,0
a2207,20220218,20220218,135316500,13:53:20,6062,38173,67514,2312332910,0,0,0
a2207,20220218,20220218,135317500,13:53:20,6060,38176,67514,2312514710,3,0,181800
a2207,20220218,20220218,135319500,13:53:20,6058,38184,67515,2312999410,8,1,484700
a2207,20220218,20220218,135320000,13:53:20,6058,38191,67522,2313423470,7,7,424060
a2207,20220218,20220218,135320500,13:53:21,6059,38192,67522,2313484060,1,0,60590
a2207,20220218,20220218,135321000,13:53:21,6059,38192,67522,2313484060,0,0,0
a2207,20220218,20220218,135321500,13:53:22,6059,38192,67522,2313484060,0,0,0
a2207,20220218,20220218,135322000,13:53:22,6059,38193,67522,2313544650,1,0,60590
a2207,20220218,20220218,135322500,13:53:23,6058,38202,67520,2314089860,9,-2,545210
a2207,20220218,20220218,135323500,13:53:23,6058,38202,67520,2314089860,0,0,0
a2207,20220218,20220218,135325500,13:53:26,6058,38203,67521,2314150440,1,1,60580
a2207,20220218,20220218,135326000,13:53:26,6058,38204,67522,2314211020,1,1,60580
a2207,20220218,20220218,135326500,13:53:26,6058,38204,67522,2314211020,0,0,0
a2207,20220218,20220218,135327500,13:53:28,6058,38205,67522,2314271600,1,0,60580
a2207,20220218,20220218,135328000,13:53:29,6058,38206,67522,2314332180,1,0,60580
a2207,20220218,20220218,135329000,13:53:29,6058,38210,67522,2314574500,4,0,242320
a2207,20220218,20220218,135329500,13:53:29,6058,38210,67522,2314574500,0,0,0
a2207,20220218,20220218,135330500,13:53:31,6058,38210,67522,2314574500,0,0,0
a2207,20220218,20220218,135331000,13:53:31,6057,38212,67520,2314695640,2,-2,121140
a2207,20220218,20220218,135332000,13:53:32,6058,38213,67521,2314756220,1,1,60580
a2207,20220218,20220218,135332500,13:53:33,6058,38214,67522,2314816800,1,1,60580
a2207,20220218,20220218,135333000,13:53:33,6058,38215,67523,2314877380,1,1,60580
a2207,20220218,20220218,135335000,13:53:36,6058,38217,67525,2314998540,2,2,121160
a2207,20220218,20220218,135336000,13:53:44,6058,38218,67526,2315059120,1,1,60580
a2207,20220218,20220218,135337000,13:53:45,6058,38218,67526,2315059120,0,0,0
a2207,20220218,20220218,135339500,13:53:45,6058,38219,67527,2315119700,1,1,60580
a2207,20220218,20220218,135345000,13:53:46,6058,38228,67527,2315664920,9,0,545220
a2207,20220218,20220218,135345500,13:53:46,6058,38230,67527,2315786080,2,0,121160
a2207,20220218,20220218,135346000,13:53:47,6058,38230,67527,2315786080,0,0,0
a2207,20220218,20220218,135346500,13:53:47,6059,38231,67527,2315846670,1,0,60590
a2207,20220218,20220218,135347000,13:53:47,6058,38233,67526,2315967830,2,-1,121160
a2207,20220218,20220218,135347500,13:53:47,6058,38235,67524,2316088990,2,-2,121160
a2207,20220218,20220218,135352500,13:53:53,6058,38235,67524,2316088990,0,0,0
a2207,20220218,20220218,135353000,13:53:53,6058,38235,67524,2316088990,0,0,0
a2207,20220218,20220218,135353500,13:53:54,6058,38237,67522,2316210150,2,-2,121160
a2207,20220218,20220218,135358000,13:53:59,6058,38237,67522,2316210150,0,0,0
a2207,20220218,20220218,135407000,13:54:09,6058,38237,67522,2316210150,0,0,0
a2207,20220218,20220218,135409000,13:54:10,6058,38237,67522,2316210150,0,0,0
a2207,20220218,20220218,135413000,13:54:13,6059,38239,67522,2316331340,2,0,121190
a2207,20220218,20220218,135413500,13:54:14,6060,38241,67521,2316452530,2,-1,121190
a2207,20220218,20220218,135414000,13:54:14,6058,38243,67519,2316573690,2,-2,121160
a2207,20220218,20220218,135414500,13:54:14,6060,38244,67520,2316634290,1,1,60600
a2207,20220218,20220218,135415000,13:54:15,6060,38254,67520,2317240290,10,0,606000
a2207,20220218,20220218,135416500,13:54:16,6059,38256,67522,2317361470,2,2,121180
a2207,20220218,20220218,135417000,13:54:17,6059,38256,67522,2317361470,0,0,0
a2207,20220218,20220218,135418500,13:54:18,6059,38256,67522,2317361470,0,0,0
a2207,20220218,20220218,135419000,13:54:19,6060,38258,67523,2317482670,2,1,121200
a2207,20220218,20220218,135419500,13:54:20,6060,38258,67523,2317482670,0,0,0
a2207,20220218,20220218,135420000,13:54:20,6059,38259,67522,2317543260,1,-1,60590
a2207,20220218,20220218,135421000,13:54:21,6059,38259,67522,2317543260,0,0,0
a2207,20220218,20220218,135421500,13:54:21,6059,38260,67522,2317603850,1,0,60590
a2207,20220218,20220218,135422000,13:54:22,6059,38260,67522,2317603850,0,0,0
a2207,20220218,20220218,135426000,13:54:26,6059,38260,67522,2317603850,0,0,0
a2207,20220218,20220218,135426500,13:54:27,6059,38260,67522,2317603850,0,0,0
a2207,20220218,20220218,135431500,13:54:32,6059,38260,67522,2317603850,0,0,0
a2207,20220218,20220218,135432000,13:54:32,6059,38260,67522,2317603850,0,0,0
a2207,20220218,20220218,135433000,13:54:33,6059,38261,67522,2317664440,1,0,60590
a2207,20220218,20220218,135433500,13:54:34,6059,38261,67522,2317664440,0,0,0
a2207,20220218,20220218,135447000,13:54:47,6059,38261,67522,2317664440,0,0,0
a2207,20220218,20220218,135450000,13:54:50,6059,38261,67522,2317664440,0,0,0
a2207,20220218,20220218,135451500,13:54:51,6059,38261,67522,2317664440,0,0,0
a2207,20220218,20220218,135452000,13:54:52,6059,38261,67522,2317664440,0,0,0
a2207,20220218,20220218,135452500,13:54:53,6059,38262,67522,2317725030,1,0,60590
a2207,20220218,20220218,135453000,13:54:53,6059,38262,67522,2317725030,0,0,0
a2207,20220218,20220218,135453500,13:54:54,6059,38262,67522,2317725030,0,0,0
a2207,20220218,20220218,135455000,13:54:55,6061,38263,67522,2317785640,1,0,60610
