a2203,20220218,20220218,112003000,11:20:05,6108,64148,42951,3909982200,64148,-7245,3909982200
a2203,20220218,20220218,112004500,11:20:09,6108,64148,42951,3909982200,0,0,0
a2203,20220218,20220218,112009500,11:20:10,6109,64149,42951,3910043290,1,0,61090
a2203,20220218,20220218,112010000,11:20:10,6108,64151,42953,3910165450,2,2,122160
a2203,20220218,20220218,112010500,11:20:10,6108,64152,42953,3910226530,1,0,61080
a2203,20220218,20220218,112011000,11:20:11,6108,64154,42955,3910348690,2,2,122160
a2203,20220218,20220218,112012000,11:20:12,6109,64155,42956,3910409780,1,1,61090
a2203,20220218,20220218,112012500,11:20:12,6109,64155,42956,3910409780,0,0,0
a2203,20220218,20220218,112016500,11:20:16,6109,64155,42956,3910409780,0,0,0
a2203,20220218,20220218,112017000,11:20:17,6109,64156,42955,3910470870,1,-1,61090
a2203,20220218,20220218,112017500,11:20:17,6109,64157,42954,3910531960,1,-1,61090
a2203,20220218,20220218,112019500,11:20:20,6109,64158,42954,3910593050,1,0,61090
a2203,20220218,20220218,112020000,11:20:20,6109,64158,42954,3910593050,0,0,0
a2203,20220218,20220218,112021500,11:20:21,6109,64158,42954,3910593050,0,0,0
a2203,20220218,20220218,112022000,11:20:22,6109,64159,42954,3910654140,1,0,61090
a2203,20220218,20220218,112022500,11:20:23,6109,64160,42954,3910715230,1,0,61090
a2203,20220218,20220218,112023000,11:20:23,6109,64160,42954,3910715230,0,0,0
a2203,20220218,20220218,112025500,11:20:25,6109,64161,42954,3910776320,1,0,61090
a2203,20220218,20220218,112026000,11:20:26,6109,64161,42954,3910776320,0,0,0
a2203,20220218,20220218,112028500,11:20:28,6110,64162,42954,3910837420,1,0,61100
a2203,20220218,20220218,112029000,11:20:29,6110,64162,42954,3910837420,0,0,0
a2203,20220218,20220218,112035000,11:20:35,6110,64162,42954,3910837420,0,0,0
a2203,20220218,20220218,112035500,11:20:35,6110,64169,42957,3911265120,7,3,427700
a2203,20220218,20220218,112045000,11:20:45,6111,64170,42957,3911326230,1,0,61110
a2203,20220218,20220218,112045500,11:20:46,6111,64170,42957,3911326230,0,0,0
a2203,20220218,20220218,112046000,11:20:46,6111,64170,42957,3911326230,0,0,0
a2203,20220218,20220218,112050500,11:20:50,6111,64170,42957,3911326230,0,0,0
a2203,20220218,20220218,112101000,11:21:01,6111,64171,42957,3911387340,1,0,61110
a2203,20220218,20220218,112101500,11:21:02,6111,64175,42959,3911631780,4,2,244440
a2203,20220218,20220218,112102000,11:21:02,6111,64175,42959,3911631780,0,0,0
a2203,20220218,20220218,112102500,11:21:03,6110,64176,42960,3911692880,1,1,61100
a2203,20220218,20220218,112103000,11:21:03,6110,64176,42960,3911692880,0,0,0
a2203,20220218,20220218,112108500,11:21:10,6110,64176,42960,3911692880,0,0,0
a2203,20220218,20220218,112109500,11:21:10,6111,64180,42961,3911937320,4,1,244440
a2203,20220218,20220218,112113500,11:21:13,6110,64181,42961,3911998420,1,0,61100
a2203,20220218,20220218,112114000,11:21:14,6112,64182,42962,3912059540,1,1,61120
a2203,20220218,20220218,112114500,11:21:14,6112,64183,42962,3912120660,1,0,61120
a2203,20220218,20220218,112115000,11:21:15,6112,64184,42963,3912181780,1,1,61120
a2203,20220218,20220218,112117500,11:21:18,6112,64185,42964,3912242900,1,1,61120
a2203,20220218,20220218,112118500,11:21:18,6112,64185,42964,3912242900,0,0,0
a2203,20220218,20220218,112332500,11:23:33,6111,64266,42956,3917192620,81,-8,4949720
a2203,20220218,20220218,112333000,11:23:33,6111,64266,42956,3917192620,0,0,0
a2203,20220218,20220218,112333500,11:23:33,6111,64266,42956,3917192620,0,0,0
a2203,20220218,20220218,112334000,11:23:34,6112,64269,42956,3917375980,3,0,183360
a2203,20220218,20220218,112334500,11:23:34,6112,64272,42959,3917559340,3,3,183360
a2203,20220218,20220218,112335000,11:23:35,6112,64272,42959,3917559340,0,0,0
a2203,20220218,20220218,112336500,11:23:38,6111,64273,42959,3917620450,1,0,61110
a2203,20220218,20220218,112337000,11:23:38,6111,64274,42960,3917681560,1,1,61110
a2203,20220218,20220218,112345500,11:23:48,6112,64275,42961,3917742680,1,1,61120
a2203,20220218,20220218,112346500,11:23:48,6111,64276,42962,3917803790,1,1,61110
a2203,20220218,20220218,112354000,11:23:54,6111,64276,42962,3917803790,0,0,0
a2203,20220218,20220218,112354500,11:23:55,6111,64277,42963,3917864900,1,1,61110
a2203,20220218,20220218,112355000,11:23:55,6111,64277,42963,3917864900,0,0,0
a2203,20220218,20220218,112356000,11:23:56,6111,64277,42963,3917864900,0,0,0
a2203,20220218,20220218,112356500,11:23:56,6111,64277,42963,3917864900,0,0,0
a2203,20220218,20220218,112400500,11:24:00,6112,64278,42963,3917926020,1,0,61120
a2203,20220218,20220218,112401500,11:24:01,6112,64279,42964,3917987140,1,1,61120
a2203,20220218,20220218,112407000,11:24:07,6112,64280,42965,3918048260,1,1,61120
a2203,20220218,20220218,112407500,11:24:07,6112,64280,42965,3918048260,0,0,0
a2203,20220218,20220218,112410000,11:24:12,6111,64281,42966,3918109370,1,1,61110
a2203,20220218,20220218,112410500,11:24:12,6111,64281,42966,3918109370,0,0,0
a2203,20220218,20220218,112411000,11:24:12,6112,64288,42971,3918537150,7,5,427780
a2203,20220218,20220218,112411500,11:24:12,6111,64289,42971,3918598260,1,0,61110
a2203,20220218,20220218,112412000,11:24:12,6111,64289,42971,3918598260,0,0,0
a2203,20220218,20220218,112418000,11:24:18,6112,64290,42972,3918659380,1,1,61120
a2203,20220218,20220218,112418500,11:24:18,6112,64290,42972,3918659380,0,0,0
a2203,20220218,20220218,112419000,11:24:19,6111,64291,42972,3918720490,1,0,61110
a2203,20220218,20220218,112421500,11:24:22,6111,64292,42972,3918781600,1,0,61110
a2203,20220218,20220218,112424500,11:24:24,6111,64293,42972,3918842710,1,0,61110
a2203,20220218,20220218,112425000,11:24:25,6111,64293,42972,3918842710,0,0,0
a2203,20220218,20220218,112430000,11:24:30,6111,64293,42972,3918842710,0,0,0
a2203,20220218,20220218,112430500,11:24:30,6111,64294,42972,3918903820,1,0,61110
a2203,20220218,20220218,112431000,11:24:31,6111,64296,42972,3919026040,2,0,122220
a2203,20220218,20220218,112431500,11:24:31,6111,64296,42972,3919026040,0,0,0
a2203,20220218,20220218,112432000,11:24:32,6111,64296,42972,3919026040,0,0,0
a2203,20220218,20220218,112434500,11:24:34,6112,64297,42973,3919087160,1,1,61120
a2203,20220218,20220218,112445000,11:24:45,6111,64298,42974,3919148270,1,1,61110
a2203,20220218,20220218,112445500,11:24:45,6111,64300,42975,3919270490,2,1,122220
a2203,20220218,20220218,112451000,11:24:51,6112,64301,42976,3919331610,1,1,61120
a2203,20220218,20220218,112451500,11:24:51,6112,64318,42984,3920370650,17,8,1039040
a2203,20220218,20220218,112452000,11:24:52,6112,64318,42984,3920370650,0,0,0
a2203,20220218,20220218,112454500,11:24:54,6112,64318,42984,3920370650,0,0,0
a2203,20220218,20220218,112455000,11:24:55,6112,64319,42985,3920431770,1,1,61120
a2203,20220218,20220218,112457000,11:24:57,6112,64324,42980,3920737370,5,-5,305600
a2203,20220218,20220218,112458000,11:24:58,6113,64325,42980,3920798500,1,0,61130
a2203,20220218,20220218,112459000,11:24:59,6113,64326,42981,3920859630,1,1,61130
a2203,20220218,20220218,112459500,11:24:59,6112,64327,42980,3920920750,1,-1,61120
a2203,20220218,20220218,112500000,11:25:00,6112,64327,42980,3920920750,0,0,0
a2203,20220218,20220218,112505000,11:25:06,6112,64327,42980,3920920750,0,0,0
a2203,20220218,20220218,112505500,11:25:06,6112,64330,42980,3921104130,3,0,183380
a2203,20220218,20220218,112506000,11:25:06,6112,64332,42980,3921226380,2,0,122250
a2203,20220218,20220218,112507500,11:25:07,6113,64333,42980,3921287510,1,0,61130
a2203,20220218,20220218,112510500,11:25:10,6112,64335,42978,3921409750,2,-2,122240
a2203,20220218,20220218,112511000,11:25:11,6112,64347,42983,3922143190,12,5,733440
a2203,20220218,20220218,112511500,11:25:11,6111,64348,42984,3922204300,1,1,61110
a2203,20220218,20220218,112516000,11:25:16,6111,64348,42984,3922204300,0,0,0
a2203,20220218,20220218,112516500,11:25:16,6112,64349,42984,3922265420,1,0,61120
a2203,20220218,20220218,112517000,11:25:17,6112,64352,42986,3922448780,3,2,183360
a2203,20220218,20220218,112517500,11:25:18,6112,64353,42986,3922509900,1,0,61120
a2203,20220218,20220218,112521000,11:25:21,6113,64356,42987,3922693270,3,1,183370
a2203,20220218,20220218,112521500,11:25:22,6113,64356,42987,3922693270,0,0,0
a2203,20220218,20220218,112522000,11:25:22,6113,64357,42987,3922754400,1,0,61130
a2203,20220218,20220218,112522500,11:25:22,6112,64359,42989,3922876640,2,2,122240
a2203,20220218,20220218,112523500,11:25:24,6113,64360,42989,3922937770,1,0,61130
a2203,20220218,20220218,112526000,11:25:26,6112,64377,42991,3923976810,17,2,1039040
a2203,20220218,20220218,112526500,11:25:27,6112,64377,42991,3923976810,0,0,0
a2203,20220218,20220218,112528000,11:25:28,6112,64378,42991,3924037930,1,0,61120
a2203,20220218,20220218,112534000,11:25:34,6112,64379,42992,3924099050,1,1,61120
a2203,20220218,20220218,112537500,11:25:38,6112,64385,42992,3924465770,6,0,366720
a2203,20220218,20220218,112538000,11:25:38,6111,64387,42990,3924587990,2,-2,122220
a2203,20220218,20220218,112538500,11:25:39,6111,64389,42990,3924710210,2,0,122220
a2203,20220218,20220218,112539000,11:25:39,6111,64389,42990,3924710210,0,0,0
a2203,20220218,20220218,112539500,11:25:40,6111,64389,42990,3924710210,0,0,0
a2203,20220218,20220218,112540000,11:25:40,6112,64390,42991,3924771330,1,1,61120
a2203,20220218,20220218,112540500,11:25:40,6110,64391,42990,3924832430,1,-1,61100
a2203,20220218,20220218,112544000,11:25:44,6110,64392,42989,3924893530,1,-1,61100
a2203,20220218,20220218,112544500,11:25:44,6111,64395,42989,3925076860,3,0,183330
a2203,20220218,20220218,112545000,11:25:45,6111,64395,42989,3925076860,0,0,0
a2203,20220218,20220218,112545500,11:25:46,6111,64395,42989,3925076860,0,0,0
a2203,20220218,20220218,112546000,11:25:47,6110,64399,42985,3925321260,4,-4,244400
a2203,20220218,20220218,112546500,11:25:47,6110,64399,42985,3925321260,0,0,0
a2203,20220218,20220218,112547500,11:25:48,6110,64399,42985,3925321260,0,0,0
a2203,20220218,20220218,112548500,11:25:48,6110,64399,42985,3925321260,0,0,0
a2203,20220218,20220218,112549500,11:25:49,6110,64399,42985,3925321260,0,0,0
a2203,20220218,20220218,112550500,11:25:50,6110,64399,42985,3925321260,0,0,0
a2203,20220218,20220218,112551000,11:25:51,6110,64399,42985,3925321260,0,0,0
a2203,20220218,20220218,112551500,11:25:51,6110,64399,42985,3925321260,0,0,0
a2203,20220218,20220218,112552500,11:25:52,6110,64399,42985,3925321260,0,0,0
a2203,20220218,20220218,112553000,11:25:53,6110,64399,42985,3925321260,0,0,0
a2203,20220218,20220218,112553500,11:25:54,6110,64399,42985,3925321260,0,0,0
a2203,20220218,20220218,112555000,11:25:55,6110,64400,42985,3925382360,1,0,61100
a2203,20220218,20220218,112555500,11:25:56,6110,64400,42985,3925382360,0,0,0
a2203,20220218,20220218,112556500,11:25:57,6111,64401,42986,3925443470,1,1,61110
a2203,20220218,20220218,112557000,11:25:57,6111,64401,42986,3925443470,0,0,0
a2203,20220218,20220218,112557500,11:25:57,6110,64402,42987,3925504570,1,1,61100
a2203,20220218,20220218,112558000,11:25:58,6110,64403,42987,3925565670,1,0,61100
a2203,20220218,20220218,112558500,11:25:59,6110,64403,42987,3925565670,0,0,0
a2203,20220218,20220218,112603500,11:26:03,6110,64405,42985,3925687870,2,-2,122200
a2203,20220218,20220218,112604000,11:26:04,6110,64405,42985,3925687870,0,0,0
a2203,20220218,20220218,112604500,11:26:05,6109,64406,42985,3925748960,1,0,61090
a2203,20220218,20220218,112607500,11:26:09,6109,64406,42985,3925748960,0,0,0
a2203,20220218,20220218,112608500,11:26:10,6109,64406,42985,3925748960,0,0,0
a2203,20220218,20220218,112611000,11:26:11,6111,64408,42985,3925871180,2,0,122220
a2203,20220218,20220218,112612500,11:26:14,6111,64408,42985,3925871180,0,0,0
a2203,20220218,20220218,112613000,11:26:15,6111,64409,42985,3925932290,1,0,61110
a2203,20220218,20220218,112618000,11:26:18,6109,64419,42981,3926543190,10,-4,610900
a2203,20220218,20220218,112618500,11:26:18,6109,64419,42981,3926543190,0,0,0
a2203,20220218,20220218,112619000,11:26:19,6109,64419,42981,3926543190,0,0,0
a2203,20220218,20220218,112623000,11:26:23,6109,64419,42981,3926543190,0,0,0
a2203,20220218,20220218,112624000,11:26:24,6109,64419,42981,3926543190,0,0,0
a2203,20220218,20220218,112629500,11:26:30,6110,64420,42981,3926604290,1,0,61100
a2203,20220218,20220218,112633500,11:26:34,6110,64420,42981,3926604290,0,0,0
a2203,20220218,20220218,112634000,11:26:34,6109,64422,42979,3926726470,2,-2,122180
a2203,20220218,20220218,112637500,11:26:54,6109,64423,42978,3926787560,1,-1,61090
a2203,20220218,20220218,112638500,11:27:10,6109,64425,42978,3926909740,2,0,122180
a2203,20220218,20220218,112652000,11:27:10,6109,64425,42978,3926909740,0,0,0
a2203,20220218,20220218,112708500,11:27:12,6109,64425,42978,3926909740,0,0,0
a2203,20220218,20220218,112710500,11:27:12,6109,64425,42978,3926909740,0,0,0
a2203,20220218,20220218,112711500,11:27:12,6109,64425,42978,3926909740,0,0,0
a2203,20220218,20220218,112712500,11:27:13,6109,64425,42978,3926909740,0,0,0
a2203,20220218,20220218,112713000,11:27:13,6109,64472,42976,3929780860,47,-2,2871120
a2203,20220218,20220218,112713500,11:27:14,6109,64472,42976,3929780860,0,0,0
a2203,20220218,20220218,112714500,11:27:15,6109,64472,42976,3929780860,0,0,0
a2203,20220218,20220218,112715000,11:27:15,6109,64473,42975,3929841950,1,-1,61090
a2203,20220218,20220218,112715500,11:27:16,6109,64480,42978,3930269580,7,3,427630
a2203,20220218,20220218,112716000,11:27:16,6109,64480,42978,3930269580,0,0,0
a2203,20220218,20220218,112716500,11:27:17,6109,64480,42978,3930269580,0,0,0
a2203,20220218,20220218,112718500,11:27:19,6110,64481,42978,3930330680,1,0,61100
a2203,20220218,20220218,112719000,11:27:19,6108,64482,42978,3930391760,1,0,61080
a2203,20220218,20220218,112720500,11:27:20,6108,64482,42978,3930391760,0,0,0
a2203,20220218,20220218,112721000,11:27:21,6108,64483,42979,3930452840,1,1,61080
a2203,20220218,20220218,112722500,11:27:22,6108,64483,42979,3930452840,0,0,0
a2203,20220218,20220218,112724500,11:27:27,6109,64484,42979,3930513930,1,0,61090
a2203,20220218,20220218,112725000,11:27:27,6110,64485,42979,3930575030,1,0,61100
a2203,20220218,20220218,112729500,11:27:29,6110,64485,42979,3930575030,0,0,0
a2203,20220218,20220218,112732000,11:27:35,6110,64486,42978,3930636130,1,-1,61100
a2203,20220218,20220218,112735500,11:27:36,6110,64486,42978,3930636130,0,0,0
a2203,20220218,20220218,112736000,11:27:36,6108,64492,42974,3931002630,6,-4,366500
a2203,20220218,20220218,112736500,11:27:37,6109,64496,42975,3931246960,4,1,244330
a2203,20220218,20220218,112737000,11:27:38,6109,64496,42975,3931246960,0,0,0
a2203,20220218,20220218,112737500,11:27:38,6109,64496,42975,3931246960,0,0,0
a2203,20220218,20220218,112742500,11:27:42,6108,64498,42974,3931369120,2,-1,122160
a2203,20220218,20220218,112743000,11:27:43,6108,64498,42974,3931369120,0,0,0
a2203,20220218,20220218,112743500,11:27:43,6109,64501,42975,3931552370,3,1,183250
a2203,20220218,20220218,112751500,11:27:54,6109,64502,42975,3931613460,1,0,61090
a2203,20220218,20220218,112756000,11:27:56,6109,64502,42975,3931613460,0,0,0
a2203,20220218,20220218,112756500,11:27:56,6109,64502,42975,3931613460,0,0,0
a2203,20220218,20220218,112757000,11:27:57,6108,64503,42975,3931674540,1,0,61080
a2203,20220218,20220218,112757500,11:27:57,6108,64524,42983,3932957220,21,8,1282680
a2203,20220218,20220218,112758000,11:27:58,6108,64524,42983,3932957220,0,0,0
a2203,20220218,20220218,112759000,11:27:59,6108,64525,42982,3933018300,1,-1,61080
a2203,20220218,20220218,112759500,11:27:59,6108,64528,42979,3933201540,3,-3,183240
a2203,20220218,20220218,112802000,11:28:03,6108,64528,42979,3933201540,0,0,0
a2203,20220218,20220218,112802500,11:28:03,6108,64529,42978,3933262620,1,-1,61080
a2203,20220218,20220218,112807500,11:28:10,6108,64530,42978,3933323700,1,0,61080
a2203,20220218,20220218,112808000,11:28:11,6109,64531,42978,3933384790,1,0,61090
a2203,20220218,20220218,112815000,11:28:15,6109,64531,42978,3933384790,0,0,0
a2203,20220218,20220218,112815500,11:28:15,6109,64532,42977,3933445880,1,-1,61090
a2203,20220218,20220218,112817500,11:28:17,6108,64533,42977,3933506960,1,0,61080
a2203,20220218,20220218,112821000,11:28:21,6108,64534,42977,3933568040,1,0,61080
a2203,20220218,20220218,112821500,11:28:22,6108,64534,42977,3933568040,0,0,0
a2203,20220218,20220218,112822000,11:28:22,6108,64538,42979,3933812360,4,2,244320
a2203,20220218,20220218,112822500,11:28:22,6108,64539,42979,3933873440,1,0,61080
a2203,20220218,20220218,112823000,11:28:23,6108,64539,42979,3933873440,0,0,0
a2203,20220218,20220218,112823500,11:28:23,6108,64539,42979,3933873440,0,0,0
a2203,20220218,20220218,112824000,11:28:24,6108,64540,42980,3933934520,1,1,61080
a2203,20220218,20220218,112824500,11:28:24,6108,64540,42980,3933934520,0,0,0
a2203,20220218,20220218,112828500,11:28:28,6107,64549,42981,3934484150,9,1,549630
a2203,20220218,20220218,112829000,11:28:29,6107,64552,42979,3934667360,3,-2,183210
a2203,20220218,20220218,112829500,11:28:29,6107,64552,42979,3934667360,0,0,0
a2203,20220218,20220218,112830000,11:28:30,6107,64552,42979,3934667360,0,0,0
a2203,20220218,20220218,112830500,11:28:31,6107,64556,42979,3934911640,4,0,244280
a2203,20220218,20220218,112834000,11:28:34,6108,64559,42979,3935094860,3,0,183220
a2203,20220218,20220218,112838000,11:28:38,6106,64560,42980,3935155920,1,1,61060
a2203,20220218,20220218,112839500,11:28:40,6106,64560,42980,3935155920,0,0,0
a2203,20220218,20220218,112840500,11:28:40,6108,64561,42980,3935217000,1,0,61080
a2203,20220218,20220218,112841000,11:28:41,6108,64561,42980,3935217000,0,0,0
a2203,20220218,20220218,112847500,11:28:47,6108,64561,42980,3935217000,0,0,0
a2203,20220218,20220218,112848000,11:28:48,6108,64561,42980,3935217000,0,0,0
a2203,20220218,20220218,112850000,11:28:50,6108,64561,42980,3935217000,0,0,0
a2203,20220218,20220218,112852000,11:28:52,6107,64563,42982,3935339140,2,2,122140
a2203,20220218,20220218,112852500,11:28:53,6107,64563,42982,3935339140,0,0,0
a2203,20220218,20220218,112857000,11:28:57,6108,64564,42982,3935400220,1,0,61080
a2203,20220218,20220218,112857500,11:28:58,6108,64564,42982,3935400220,0,0,0
a2203,20220218,20220218,112858500,11:28:59,6108,64564,42982,3935400220,0,0,0
a2203,20220218,20220218,112859000,11:28:59,6108,64564,42982,3935400220,0,0,0
a2203,20220218,20220218,112900500,11:29:01,6107,64567,42981,3935583430,3,-1,183210
a2203,20220218,20220218,112901000,11:29:01,6108,64568,42980,3935644510,1,-1,61080
a2203,20220218,20220218,112901500,11:29:01,6107,64569,42980,3935705580,1,0,61070
a2203,20220218,20220218,112902000,11:29:02,6108,64576,42973,3936133140,7,-7,427560
a2203,20220218,20220218,112904500,11:29:04,6108,64576,42973,3936133140,0,0,0
a2203,20220218,20220218,112906000,11:29:06,6108,64577,42973,3936194220,1,0,61080
a2203,20220218,20220218,112906500,11:29:06,6108,64577,42973,3936194220,0,0,0
a2203,20220218,20220218,112912000,11:29:12,6108,64579,42971,3936316380,2,-2,122160
a2203,20220218,20220218,112912500,11:29:12,6108,64579,42971,3936316380,0,0,0
a2203,20220218,20220218,112913500,11:29:13,6108,64580,42971,3936377460,1,0,61080
a2203,20220218,20220218,112918500,11:29:21,6107,64581,42971,3936438530,1,0,61070
a2203,20220218,20220218,112919000,11:29:21,6108,64582,42971,3936499610,1,0,61080
a2203,20220218,20220218,112925500,11:29:25,6108,64582,42971,3936499610,0,0,0
a2203,20220218,20220218,112926000,11:29:26,6108,64582,42971,3936499610,0,0,0
a2203,20220218,20220218,112926500,11:29:26,6108,64582,42971,3936499610,0,0,0
a2203,20220218,20220218,112927500,11:29:27,6108,64583,42972,3936560690,1,1,61080
a2203,20220218,20220218,112928000,11:29:28,6106,64584,42972,3936621750,1,0,61060
a2203,20220218,20220218,112932500,11:29:36,6106,64587,42973,3936804940,3,1,183190
a2203,20220218,20220218,112933000,11:29:37,6106,64587,42973,3936804940,0,0,0
a2203,20220218,20220218,112933500,11:29:37,6106,64589,42971,3936927060,2,-2,122120
a2203,20220218,20220218,112936500,11:29:38,6102,64632,42966,3939551370,43,-5,2624310
a2203,20220218,20220218,112937000,11:29:38,6101,64641,42964,3940100540,9,-2,549170
a2203,20220218,20220218,112937500,11:29:38,6101,64641,42964,3940100540,0,0,0
a2203,20220218,20220218,112939000,11:29:39,6102,64642,42963,3940161560,1,-1,61020
a2203,20220218,20220218,112939500,11:29:39,6102,64642,42963,3940161560,0,0,0
a2203,20220218,20220218,112940000,11:29:40,6102,64645,42960,3940344620,3,-3,183060
a2203,20220218,20220218,112940500,11:29:40,6102,64645,42960,3940344620,0,0,0
a2203,20220218,20220218,112941500,11:29:42,6104,64655,42953,3940955020,10,-7,610400
a2203,20220218,20220218,112942000,11:29:42,6102,64657,42951,3941077060,2,-2,122040
a2203,20220218,20220218,112943000,11:29:45,6102,64657,42951,3941077060,0,0,0
a2203,20220218,20220218,112945000,11:29:46,6104,64660,42950,3941260180,3,-1,183120
a2203,20220218,20220218,112945500,11:29:46,6104,64660,42950,3941260180,0,0,0
a2203,20220218,20220218,112946000,11:29:46,6104,64661,42950,3941321220,1,0,61040
a2203,20220218,20220218,112946500,11:29:47,6104,64661,42950,3941321220,0,0,0
a2203,20220218,20220218,112947500,11:29:48,6104,64662,42950,3941382260,1,0,61040
a2203,20220218,20220218,112948000,11:29:48,6104,64668,42949,3941748500,6,-1,366240
a2203,20220218,20220218,112948500,11:29:49,6104,64670,42951,3941870580,2,2,122080
a2203,20220218,20220218,112949500,11:29:50,6105,64676,42945,3942236880,6,-6,366300
a2203,20220218,20220218,112950000,11:29:51,6105,64680,42941,3942481080,4,-4,244200
a2203,20220218,20220218,112950500,11:29:51,6105,64680,42941,3942481080,0,0,0
a2203,20220218,20220218,112951500,11:29:52,6105,64680,42941,3942481080,0,0,0
a2203,20220218,20220218,112956000,11:29:56,6105,64680,42941,3942481080,0,0,0
a2203,20220218,20220218,112956500,11:30:00,6105,64680,42941,3942481080,0,0,0
a2203,20220218,20220218,112957500,11:30:02,6105,64688,42944,3942969470,8,3,488390
a2203,20220218,20220218,112959500,11:30:02,6105,64688,42944,3942969470,0,0,0
a2203,20220218,20220218,113001000,11:30:03,6104,64694,42940,3943335800,6,-4,366330
a2203,20220218,20220218,113001500,11:30:03,6104,64694,42940,3943335800,0,0,0
a2203,20220218,20220218,133001500,13:30:01,6106,64697,42940,3943518940,3,0,183140
a2203,20220218,20220218,133002000,13:30:04,6106,64731,42940,3945594980,34,0,2076040
a2203,20220218,20220218,133002500,13:30:09,6106,64734,42940,3945778160,3,0,183180
a2203,20220218,20220218,133008500,13:30:10,6103,64783,42932,3948768750,49,-8,2990590
a2203,20220218,20220218,133009500,13:30:10,6103,64783,42932,3948768750,0,0,0
a2203,20220218,20220218,133013000,13:30:13,6103,64783,42932,3948768750,0,0,0
a2203,20220218,20220218,133013500,13:30:14,6103,64783,42932,3948768750,0,0,0
a2203,20220218,20220218,133014000,13:30:15,6104,64789,42936,3949134980,6,4,366230
a2203,20220218,20220218,133019500,13:30:20,6104,64789,42936,3949134980,0,0,0
a2203,20220218,20220218,133020000,13:30:21,6103,64792,42938,3949318070,3,2,183090
a2203,20220218,20220218,133020500,13:30:21,6103,64806,42937,3950172470,14,-1,854400
a2203,20220218,20220218,133021000,13:30:21,6103,64806,42937,3950172470,0,0,0
a2203,20220218,20220218,133038000,13:30:40,6101,64826,42936,3951392700,20,-1,1220230
a2203,20220218,20220218,133039500,13:30:42,6101,64828,42937,3951514710,2,1,122010
a2203,20220218,20220218,133041000,13:30:43,6101,64829,42938,3951575720,1,1,61010
a2203,20220218,20220218,133042500,13:30:44,6100,64832,42938,3951758720,3,0,183000
a2203,20220218,20220218,133043000,13:30:44,6100,64833,42939,3951819720,1,1,61000
a2203,20220218,20220218,133043500,13:30:44,6100,64838,42942,3952124720,5,3,305000
a2203,20220218,20220218,133044500,13:30:46,6102,64866,42968,3953833270,28,26,1708550
a2203,20220218,20220218,133045000,13:30:46,6103,64869,42968,3954016360,3,0,183090
a2203,20220218,20220218,133045500,13:30:46,6103,64872,42968,3954199450,3,0,183090
a2203,20220218,20220218,133046000,13:30:47,6103,64874,42968,3954321510,2,0,122060
a2203,20220218,20220218,133051000,13:30:52,6103,64874,42968,3954321510,0,0,0
a2203,20220218,20220218,133051500,13:30:52,6103,64874,42968,3954321510,0,0,0
a2203,20220218,20220218,133054500,13:30:55,6103,64874,42968,3954321510,0,0,0
a2203,20220218,20220218,133055000,13:30:55,6102,64875,42969,3954382530,1,1,61020
a2203,20220218,20220218,133055500,13:30:56,6102,64875,42969,3954382530,0,0,0
a2203,20220218,20220218,133059500,13:30:59,6104,64876,42969,3954443570,1,0,61040
a2203,20220218,20220218,133100000,13:31:00,6104,64876,42969,3954443570,0,0,0
a2203,20220218,20220218,133100500,13:31:00,6104,64876,42969,3954443570,0,0,0
a2203,20220218,20220218,133101000,13:31:01,6104,64876,42969,3954443570,0,0,0
a2203,20220218,20220218,133101500,13:31:01,6104,64876,42969,3954443570,0,0,0
a2203,20220218,20220218,133102000,13:31:02,6104,64878,42967,3954565650,2,-2,122080
a2203,20220218,20220218,133102500,13:31:02,6103,64879,42967,3954626680,1,0,61030
a2203,20220218,20220218,133103000,13:31:03,6103,64879,42967,3954626680,0,0,0
a2203,20220218,20220218,133103500,13:31:04,6103,64879,42967,3954626680,0,0,0
a2203,20220218,20220218,133104000,13:31:06,6103,64879,42967,3954626680,0,0,0
a2203,20220218,20220218,133104500,13:31:06,6103,64879,42967,3954626680,0,0,0
a2203,20220218,20220218,133107500,13:31:08,6102,64887,42973,3955114840,8,6,488160
a2203,20220218,20220218,133108500,13:31:09,6102,64887,42973,3955114840,0,0,0
a2203,20220218,20220218,133109000,13:31:09,6101,64894,42968,3955541910,7,-5,427070
a2203,20220218,20220218,133109500,13:31:10,6101,64894,42968,3955541910,0,0,0
a2203,20220218,20220218,133110500,13:31:11,6102,64895,42969,3955602930,1,1,61020
a2203,20220218,20220218,133112500,13:31:13,6102,64895,42969,3955602930,0,0,0
a2203,20220218,20220218,133113000,13:31:13,6102,64900,42968,3955908030,5,-1,305100
a2203,20220218,20220218,133113500,13:31:14,6103,64921,42970,3957189510,21,2,1281480
a2203,20220218,20220218,133114000,13:31:15,6102,64922,42970,3957250530,1,0,61020
a2203,20220218,20220218,133114500,13:31:15,6102,64922,42970,3957250530,0,0,0
a2203,20220218,20220218,133115500,13:31:15,6101,64923,42971,3957311540,1,1,61010
a2203,20220218,20220218,133116000,13:31:16,6101,64923,42971,3957311540,0,0,0
a2203,20220218,20220218,133116500,13:31:17,6101,64923,42971,3957311540,0,0,0
a2203,20220218,20220218,133120000,13:31:20,6101,64923,42971,3957311540,0,0,0
a2203,20220218,20220218,133120500,13:31:21,6102,64924,42971,3957372560,1,0,61020
a2203,20220218,20220218,133121000,13:31:21,6102,64924,42971,3957372560,0,0,0
a2203,20220218,20220218,133122500,13:31:23,6102,64924,42971,3957372560,0,0,0
a2203,20220218,20220218,133123000,13:31:25,6102,64926,42970,3957494600,2,-1,122040
a2203,20220218,20220218,133123500,13:31:25,6105,64942,42979,3958471180,16,9,976580
a2203,20220218,20220218,133124000,13:31:25,6105,64946,42981,3958715380,4,2,244200
a2203,20220218,20220218,133124500,13:31:25,6105,64947,42981,3958776430,1,0,61050
a2203,20220218,20220218,133157500,13:31:57,6105,64948,42980,3958837480,1,-1,61050
a2203,20220218,20220218,133158500,13:31:58,6106,64949,42981,3958898540,1,1,61060
a2203,20220218,20220218,133159000,13:31:59,6106,64952,42982,3959081720,3,1,183180
a2203,20220218,20220218,133159500,13:32:00,6107,64955,42985,3959264930,3,3,183210
a2203,20220218,20220218,133200000,13:32:00,6104,65117,42983,3969159550,162,-2,9894620
a2203,20220218,20220218,133200500,13:32:01,6104,65117,42983,3969159550,0,0,0
a2203,20220218,20220218,133201000,13:32:01,6103,65120,42983,3969342640,3,0,183090
a2203,20220218,20220218,133201500,13:32:01,6103,65120,42983,3969342640,0,0,0
a2203,20220218,20220218,133202000,13:32:03,6103,65120,42983,3969342640,0,0,0
a2203,20220218,20220218,133202500,13:32:03,6105,65128,42980,3969830970,8,-3,488330
a2203,20220218,20220218,133203000,13:32:04,6105,65136,42985,3970319370,8,5,488400
a2203,20220218,20220218,133203500,13:32:05,6103,65148,42993,3971051840,12,8,732470
a2203,20220218,20220218,133204000,13:32:05,6103,65148,42993,3971051840,0,0,0
a2203,20220218,20220218,133205000,13:32:06,6103,65148,42993,3971051840,0,0,0
a2203,20220218,20220218,133205500,13:32:06,6103,65148,42993,3971051840,0,0,0
a2203,20220218,20220218,133206000,13:32:06,6103,65148,42993,3971051840,0,0,0
a2203,20220218,20220218,133206500,13:32:07,6103,65271,43059,3978558530,123,66,7506690
a2203,20220218,20220218,133207000,13:32:07,6102,65276,43059,3978863630,5,0,305100
a2203,20220218,20220218,133207500,13:32:07,6102,65276,43059,3978863630,0,0,0
a2203,20220218,20220218,133208000,13:32:08,6103,65329,43078,3982098220,53,19,3234590
a2203,20220218,20220218,133208500,13:32:09,6103,65329,43078,3982098220,0,0,0
a2203,20220218,20220218,133209000,13:32:10,6103,65329,43078,3982098220,0,0,0
a2203,20220218,20220218,133209500,13:32:10,6103,65329,43078,3982098220,0,0,0
a2203,20220218,20220218,133211000,13:32:14,6103,65329,43078,3982098220,0,0,0
a2203,20220218,20220218,133213000,13:32:15,6103,65329,43078,3982098220,0,0,0
a2203,20220218,20220218,133213500,13:32:15,6103,65329,43078,3982098220,0,0,0
a2203,20220218,20220218,133214000,13:32:15,6103,65329,43078,3982098220,0,0,0
a2203,20220218,20220218,133214500,13:32:15,6105,65372,43070,3984723090,43,-8,2624870
a2203,20220218,20220218,133215000,13:32:16,6105,65372,43070,3984723090,0,0,0
a2203,20220218,20220218,133218000,13:32:18,6105,65372,43070,3984723090,0,0,0
a2203,20220218,20220218,133219000,13:32:20,6105,65372,43070,3984723090,0,0,0
a2203,20220218,20220218,133219500,13:32:20,6105,65374,43069,3984845190,2,-1,122100
a2203,20220218,20220218,133220000,13:32:20,6106,65381,43064,3985272610,7,-5,427420
a2203,20220218,20220218,133220500,13:32:21,6107,65382,43064,3985333680,1,0,61070
a2203,20220218,20220218,133221000,13:32:21,6106,65384,43062,3985455800,2,-2,122120
a2203,20220218,20220218,133221500,13:32:22,6106,65384,43062,3985455800,0,0,0
a2203,20220218,20220218,133223000,13:32:24,6106,65384,43062,3985455800,0,0,0
a2203,20220218,20220218,133223500,13:32:24,6106,65384,43062,3985455800,0,0,0
a2203,20220218,20220218,133224000,13:32:24,6106,65384,43062,3985455800,0,0,0
a2203,20220218,20220218,133224500,13:32:24,6106,65384,43062,3985455800,0,0,0
a2203,20220218,20220218,133225000,13:32:25,6106,65384,43062,3985455800,0,0,0
a2203,20220218,20220218,133225500,13:32:25,6106,65384,43062,3985455800,0,0,0
a2203,20220218,20220218,133226000,13:32:26,6106,65384,43062,3985455800,0,0,0
a2203,20220218,20220218,133226500,13:32:27,6106,65384,43062,3985455800,0,0,0
a2203,20220218,20220218,133227000,13:32:27,6106,65390,43059,3985822160,6,-3,366360
a2203,20220218,20220218,133228000,13:32:32,6106,65390,43059,3985822160,0,0,0
a2203,20220218,20220218,133232000,13:32:34,6106,65390,43059,3985822160,0,0,0
a2203,20220218,20220218,133232500,13:32:35,6106,65401,43054,3986493820,11,-5,671660
a2203,20220218,20220218,133234500,13:32:35,6106,65404,43056,3986676990,3,2,183170
a2203,20220218,20220218,133235000,13:32:36,6106,65404,43056,3986676990,0,0,0
a2203,20220218,20220218,133237000,13:32:37,6106,65409,43056,3986982290,5,0,305300
a2203,20220218,20220218,133238500,13:32:39,6106,65409,43056,3986982290,0,0,0
a2203,20220218,20220218,133242000,13:32:42,6106,65409,43056,3986982290,0,0,0
a2203,20220218,20220218,133243500,13:32:43,6106,65412,43054,3987165470,3,-2,183180
a2203,20220218,20220218,133244000,13:32:44,6106,65412,43054,3987165470,0,0,0
a2203,20220218,20220218,133245000,13:32:45,6106,65412,43054,3987165470,0,0,0
a2203,20220218,20220218,133245500,13:32:45,6106,65412,43054,3987165470,0,0,0
a2203,20220218,20220218,133247500,13:32:48,6106,65414,43055,3987287590,2,1,122120
a2203,20220218,20220218,133248000,13:32:48,6106,65420,43053,3987653950,6,-2,366360
a2203,20220218,20220218,133248500,13:32:49,6106,65423,43053,3987837130,3,0,183180
a2203,20220218,20220218,133249000,13:32:49,6105,65424,43054,3987898180,1,1,61050
a2203,20220218,20220218,133249500,13:32:49,6106,65425,43053,3987959240,1,-1,61060
a2203,20220218,20220218,133250000,13:32:50,6106,65425,43053,3987959240,0,0,0
a2203,20220218,20220218,133251000,13:32:52,6106,65425,43053,3987959240,0,0,0
a2203,20220218,20220218,133251500,13:32:53,6107,65427,43053,3988081380,2,0,122140
a2203,20220218,20220218,133252000,13:32:53,6106,65428,43052,3988142440,1,-1,61060
a2203,20220218,20220218,133253000,13:32:53,6107,65429,43053,3988203510,1,1,61070
a2203,20220218,20220218,133253500,13:32:53,6107,65434,43053,3988508860,5,0,305350
a2203,20220218,20220218,133254000,13:32:54,6107,65434,43053,3988508860,0,0,0
a2203,20220218,20220218,133254500,13:32:55,6107,65434,43053,3988508860,0,0,0
a2203,20220218,20220218,133256000,13:32:56,6106,65435,43053,3988569920,1,0,61060
a2203,20220218,20220218,133256500,13:32:56,6107,65436,43053,3988630990,1,0,61070
a2203,20220218,20220218,133257000,13:32:59,6107,65449,43049,3989424900,13,-4,793910
a2203,20220218,20220218,133257500,13:32:59,6108,65452,43050,3989608120,3,1,183220
a2203,20220218,20220218,133258500,13:33:00,6108,65452,43050,3989608120,0,0,0
a2203,20220218,20220218,133259500,13:33:01,6108,65452,43050,3989608120,0,0,0
a2203,20220218,20220218,133302500,13:33:03,6107,65453,43051,3989669190,1,1,61070
a2203,20220218,20220218,133303000,13:33:03,6107,65454,43051,3989730260,1,0,61070
a2203,20220218,20220218,133303500,13:33:04,6107,65454,43051,3989730260,0,0,0
a2203,20220218,20220218,133304000,13:33:04,6107,65454,43051,3989730260,0,0,0
a2203,20220218,20220218,133304500,13:33:04,6107,65454,43051,3989730260,0,0,0
a2203,20220218,20220218,133305500,13:33:05,6108,65455,43052,3989791340,1,1,61080
a2203,20220218,20220218,133306000,13:33:06,6108,65455,43052,3989791340,0,0,0
a2203,20220218,20220218,133307500,13:33:07,6108,65455,43052,3989791340,0,0,0
a2203,20220218,20220218,133308000,13:33:08,6108,65506,43064,3992906440,51,12,3115100
a2203,20220218,20220218,133308500,13:33:09,6108,65517,43061,3993578320,11,-3,671880
a2203,20220218,20220218,133309000,13:33:09,6108,65518,43062,3993639400,1,1,61080
a2203,20220218,20220218,133309500,13:33:10,6108,65528,43060,3994250200,10,-2,610800
a2203,20220218,20220218,133310000,13:33:11,6108,65531,43057,3994433440,3,-3,183240
a2203,20220218,20220218,133312000,13:33:14,6108,65531,43057,3994433440,0,0,0
a2203,20220218,20220218,133312500,13:33:14,6108,65533,43058,3994555600,2,1,122160
a2203,20220218,20220218,133313500,13:33:15,6108,65533,43058,3994555600,0,0,0
a2203,20220218,20220218,133317500,13:33:18,6108,65538,43058,3994861010,5,0,305410
a2203,20220218,20220218,133318000,13:33:19,6108,65540,43058,3994983170,2,0,122160
a2203,20220218,20220218,133318500,13:33:19,6108,65540,43058,3994983170,0,0,0
a2203,20220218,20220218,133321500,13:33:22,6108,65541,43058,3995044250,1,0,61080
a2203,20220218,20220218,133322000,13:33:22,6107,65542,43058,3995105320,1,0,61070
a2203,20220218,20220218,133322500,13:33:22,6107,65647,43135,4001517670,105,77,6412350
a2203,20220218,20220218,133323000,13:33:23,6107,65650,43138,4001700880,3,3,183210
a2203,20220218,20220218,133324000,13:33:24,6106,65651,43137,4001761940,1,-1,61060
a2203,20220218,20220218,133324500,13:33:24,6107,65652,43138,4001823010,1,1,61070
a2203,20220218,20220218,133325000,13:33:26,6107,65652,43138,4001823010,0,0,0
a2203,20220218,20220218,133327500,13:33:29,6106,65653,43138,4001884070,1,0,61060
a2203,20220218,20220218,133331000,13:33:32,6106,65654,43138,4001945130,1,0,61060
a2203,20220218,20220218,133331500,13:33:32,6106,65666,43134,4002677850,12,-4,732720
a2203,20220218,20220218,133332000,13:33:32,6106,65668,43134,4002799970,2,0,122120
a2203,20220218,20220218,133332500,13:33:32,6106,65678,43141,4003410570,10,7,610600
a2203,20220218,20220218,133333000,13:33:33,6106,65678,43141,4003410570,0,0,0
a2203,20220218,20220218,133333500,13:33:33,6106,65688,43151,4004021170,10,10,610600
a2203,20220218,20220218,133334000,13:33:34,6106,65688,43151,4004021170,0,0,0
a2203,20220218,20220218,133334500,13:33:34,6106,65698,43158,4004631770,10,7,610600
a2203,20220218,20220218,133335000,13:33:35,6106,65698,43158,4004631770,0,0,0
a2203,20220218,20220218,133335500,13:33:35,6106,65698,43158,4004631770,0,0,0
a2203,20220218,20220218,133336000,13:33:36,6106,65698,43158,4004631770,0,0,0
a2203,20220218,20220218,133336500,13:33:36,6105,65702,43158,4004875970,4,0,244200
a2203,20220218,20220218,133338000,13:33:38,6106,65707,43158,4005181270,5,0,305300
a2203,20220218,20220218,133338500,13:33:39,6106,65707,43158,4005181270,0,0,0
a2203,20220218,20220218,133339000,13:33:39,6106,65707,43158,4005181270,0,0,0
a2203,20220218,20220218,133339500,13:33:40,6106,65707,43158,4005181270,0,0,0
a2203,20220218,20220218,133340500,13:33:41,6105,65712,43154,4005486520,5,-4,305250
a2203,20220218,20220218,133341000,13:33:41,6105,65712,43154,4005486520,0,0,0
a2203,20220218,20220218,133341500,13:33:41,6105,65712,43154,4005486520,0,0,0
a2203,20220218,20220218,133342000,13:33:42,6105,65716,43151,4005730720,4,-3,244200
a2203,20220218,20220218,133342500,13:33:42,6106,65721,43154,4006035980,5,3,305260
a2203,20220218,20220218,133344000,13:33:44,6106,65721,43154,4006035980,0,0,0
a2203,20220218,20220218,133345000,13:33:45,6105,65722,43154,4006097030,1,0,61050
a2203,20220218,20220218,133345500,13:33:46,6105,65722,43154,4006097030,0,0,0
a2203,20220218,20220218,133349500,13:33:50,6105,65726,43158,4006341230,4,4,244200
a2203,20220218,20220218,133350500,13:33:50,6105,65726,43158,4006341230,0,0,0
a2203,20220218,20220218,133352000,13:33:52,6105,65726,43158,4006341230,0,0,0
a2203,20220218,20220218,133354000,13:33:54,6105,65726,43158,4006341230,0,0,0
a2203,20220218,20220218,133354500,13:33:54,6105,65726,43158,4006341230,0,0,0
a2203,20220218,20220218,133356000,13:33:56,6105,65726,43158,4006341230,0,0,0
a2203,20220218,20220218,133356500,13:33:57,6104,65733,43151,4006768510,7,-7,427280
a2203,20220218,20220218,133357000,13:33:57,6104,65733,43151,4006768510,0,0,0
a2203,20220218,20220218,133359000,13:33:59,6103,65734,43150,4006829540,1,-1,61030
a2203,20220218,20220218,133359500,13:33:59,6103,65734,43150,4006829540,0,0,0
a2203,20220218,20220218,133401500,13:34:02,6103,65739,43150,4007134690,5,0,305150
a2203,20220218,20220218,133402000,13:34:02,6103,65739,43150,4007134690,0,0,0
a2203,20220218,20220218,133402500,13:34:10,6103,65739,43150,4007134690,0,0,0
a2203,20220218,20220218,133403000,13:34:10,6103,65739,43150,4007134690,0,0,0
a2203,20220218,20220218,133403500,13:34:11,6103,65739,43150,4007134690,0,0,0
a2203,20220218,20220218,133410000,13:34:12,6101,65746,43144,4007561800,7,-6,427110
a2203,20220218,20220218,133410500,13:34:12,6103,65748,43144,4007683850,2,0,122050
a2203,20220218,20220218,133411000,13:34:12,6102,65749,43144,4007744870,1,0,61020
a2203,20220218,20220218,133411500,13:34:12,6102,65749,43144,4007744870,0,0,0
a2203,20220218,20220218,133412500,13:34:13,6102,65749,43144,4007744870,0,0,0
a2203,20220218,20220218,133413000,13:34:13,6102,65756,43140,4008172000,7,-4,427130
a2203,20220218,20220218,133413500,13:34:14,6103,65758,43142,4008294060,2,2,122060
a2203,20220218,20220218,133414000,13:34:14,6103,65758,43142,4008294060,0,0,0
a2203,20220218,20220218,133415500,13:34:16,6103,65758,43142,4008294060,0,0,0
a2203,20220218,20220218,133416000,13:34:16,6103,65774,43149,4009270540,16,7,976480
a2203,20220218,20220218,133416500,13:34:16,6103,65774,43149,4009270540,0,0,0
a2203,20220218,20220218,133417000,13:34:17,6103,65774,43149,4009270540,0,0,0
a2203,20220218,20220218,133418000,13:34:18,6103,65774,43149,4009270540,0,0,0
a2203,20220218,20220218,133418500,13:34:18,6103,65774,43149,4009270540,0,0,0
a2203,20220218,20220218,133419000,13:34:19,6103,65774,43149,4009270540,0,0,0
a2203,20220218,20220218,133420000,13:34:20,6103,65774,43149,4009270540,0,0,0
a2203,20220218,20220218,133420500,13:34:21,6103,65774,43149,4009270540,0,0,0
a2203,20220218,20220218,133421000,13:34:23,6103,65779,43149,4009575690,5,0,305150
a2203,20220218,20220218,133421500,13:34:23,6102,65780,43149,4009636710,1,0,61020
a2203,20220218,20220218,133423500,13:34:24,6102,65780,43149,4009636710,0,0,0
a2203,20220218,20220218,133424000,13:34:24,6102,65794,43138,4010490990,14,-11,854280
a2203,20220218,20220218,133424500,13:34:24,6101,65798,43138,4010735030,4,0,244040
a2203,20220218,20220218,133425000,13:34:25,6101,65798,43138,4010735030,0,0,0
a2203,20220218,20220218,133426000,13:34:26,6100,65844,43180,4013541030,46,42,2806000
a2203,20220218,20220218,133426500,13:34:26,6099,65855,43186,4014212040,11,6,671010
a2203,20220218,20220218,133427000,13:34:27,6100,65868,43195,4015005010,13,9,792970
a2203,20220218,20220218,133429000,13:34:29,6099,65869,43195,4015066000,1,0,60990
a2203,20220218,20220218,133430500,13:34:30,6100,65870,43196,4015127000,1,1,61000
a2203,20220218,20220218,133432000,13:34:32,6099,65874,43192,4015370960,4,-4,243960
a2203,20220218,20220218,133432500,13:34:32,6099,65874,43192,4015370960,0,0,0
a2203,20220218,20220218,133433000,13:34:33,6099,65874,43192,4015370960,0,0,0
a2203,20220218,20220218,133433500,13:34:34,6099,65875,43192,4015431950,1,0,60990
a2203,20220218,20220218,133434000,13:34:34,6100,65885,43200,4016041900,10,8,609950
a2203,20220218,20220218,133434500,13:34:34,6100,65885,43200,4016041900,0,0,0
a2203,20220218,20220218,133435500,13:34:36,6098,65887,43198,4016163860,2,-2,121960
a2203,20220218,20220218,133436000,13:34:36,6098,65887,43198,4016163860,0,0,0
a2203,20220218,20220218,133437000,13:34:37,6098,65917,43170,4017993280,30,-28,1829420
a2203,20220218,20220218,133437500,13:34:38,6098,65922,43173,4018298180,5,3,304900
a2203,20220218,20220218,133438500,13:34:38,6098,65922,43173,4018298180,0,0,0
a2203,20220218,20220218,133439500,13:34:39,6097,65924,43174,4018420120,2,1,121940
a2203,20220218,20220218,133440000,13:34:40,6096,65947,43153,4019822310,23,-21,1402190
a2203,20220218,20220218,133440500,13:34:40,6097,65950,43150,4020005200,3,-3,182890
a2203,20220218,20220218,133441000,13:34:41,6096,65956,43150,4020370980,6,0,365780
a2203,20220218,20220218,133441500,13:34:41,6096,65956,43150,4020370980,0,0,0
a2203,20220218,20220218,133442000,13:34:43,6096,65956,43150,4020370980,0,0,0
a2203,20220218,20220218,133442500,13:34:44,6096,65956,43150,4020370980,0,0,0
a2203,20220218,20220218,133443000,13:34:44,6096,65978,43152,4021712100,22,2,1341120
a2203,20220218,20220218,133443500,13:34:45,6096,65978,43152,4021712100,0,0,0
a2203,20220218,20220218,133445000,13:34:46,6095,66018,43153,4024150140,40,1,2438040
a2203,20220218,20220218,133445500,13:34:46,6095,66064,43152,4026953850,46,-1,2803710
a2203,20220218,20220218,133446000,13:34:46,6094,66066,43152,4027075740,2,0,121890
a2203,20220218,20220218,133446500,13:34:47,6094,66071,43152,4027380440,5,0,304700
a2203,20220218,20220218,133447000,13:34:47,6094,66096,43174,4028904180,25,22,1523740
a2203,20220218,20220218,133447500,13:34:47,6095,66098,43172,4029026080,2,-2,121900
a2203,20220218,20220218,133448000,13:34:48,6096,66103,43173,4029330850,5,1,304770
a2203,20220218,20220218,133448500,13:34:49,6096,66103,43173,4029330850,0,0,0
a2203,20220218,20220218,133449000,13:34:49,6095,66104,43173,4029391800,1,0,60950
a2203,20220218,20220218,133449500,13:34:49,6095,66107,43170,4029574650,3,-3,182850
a2203,20220218,20220218,133451000,13:34:51,6095,66112,43170,4029879400,5,0,304750
a2203,20220218,20220218,133451500,13:34:51,6095,66113,43170,4029940350,1,0,60950
a2203,20220218,20220218,133452000,13:34:52,6093,66137,43169,4031402710,24,-1,1462360
a2203,20220218,20220218,133452500,13:34:52,6094,66144,43168,4031829220,7,-1,426510
a2203,20220218,20220218,133453500,13:34:53,6094,66147,43168,4032012040,3,0,182820
a2203,20220218,20220218,133454000,13:34:56,6094,66148,43168,4032072980,1,0,60940
a2203,20220218,20220218,133454500,13:34:56,6094,66153,43163,4032377680,5,-5,304700
a2203,20220218,20220218,133455000,13:34:56,6093,66202,43121,4035362850,49,-42,2985170
a2203,20220218,20220218,133455500,13:34:56,6093,66202,43121,4035362850,0,0,0
a2203,20220218,20220218,133456000,13:34:56,6093,66203,43122,4035423780,1,1,60930
a2203,20220218,20220218,133456500,13:34:57,6093,66207,43120,4035667500,4,-2,243720
a2203,20220218,20220218,133457000,13:34:57,6093,66207,43120,4035667500,0,0,0
a2203,20220218,20220218,133458000,13:34:58,6094,66208,43121,4035728440,1,1,60940
a2203,20220218,20220218,133458500,13:34:59,6093,66218,43122,4036337740,10,1,609300
a2203,20220218,20220218,133459000,13:34:59,6093,66221,43122,4036520530,3,0,182790
a2203,20220218,20220218,133459500,13:34:59,6093,66221,43122,4036520530,0,0,0
a2203,20220218,20220218,133500000,13:35:00,6093,66223,43122,4036642390,2,0,121860
a2203,20220218,20220218,133500500,13:35:00,6094,66226,43124,4036825210,3,2,182820
a2203,20220218,20220218,133501000,13:35:04,6094,66226,43124,4036825210,0,0,0
a2203,20220218,20220218,133501500,13:35:04,6095,66236,43130,4037434700,10,6,609490
a2203,20220218,20220218,133502000,13:35:10,6096,66238,43131,4037556610,2,1,121910
a2203,20220218,20220218,133504500,13:35:10,6096,66254,43131,4038531960,16,0,975350
a2203,20220218,20220218,133509500,13:35:10,6097,66275,43142,4039812290,21,11,1280330
a2203,20220218,20220218,133511000,13:35:11,6096,66276,43141,4039873250,1,-1,60960
a2203,20220218,20220218,133512500,13:35:13,6097,66281,43146,4040178100,5,5,304850
a2203,20220218,20220218,133513000,13:35:13,6097,66311,43154,4042007270,30,8,1829170
a2203,20220218,20220218,133513500,13:35:13,6097,66311,43154,4042007270,0,0,0
a2203,20220218,20220218,133514000,13:35:14,6098,66319,43154,4042495110,8,0,487840
a2203,20220218,20220218,133514500,13:35:14,6097,66322,43154,4042678030,3,0,182920
a2203,20220218,20220218,133515000,13:35:15,6098,66323,43155,4042739010,1,1,60980
a2203,20220218,20220218,133515500,13:35:16,6098,66327,43157,4042982930,4,2,243920
a2203,20220218,20220218,133516000,13:35:16,6098,66327,43157,4042982930,0,0,0
a2203,20220218,20220218,133516500,13:35:16,6098,66328,43156,4043043910,1,-1,60980
a2203,20220218,20220218,133517000,13:35:17,6098,66328,43156,4043043910,0,0,0
a2203,20220218,20220218,133517500,13:35:18,6098,66328,43156,4043043910,0,0,0
a2203,20220218,20220218,133518000,13:35:18,6098,66331,43154,4043226850,3,-2,182940
a2203,20220218,20220218,133518500,13:35:19,6098,66331,43154,4043226850,0,0,0
a2203,20220218,20220218,133519000,13:35:19,6097,66351,43171,4044446270,20,17,1219420
a2203,20220218,20220218,133519500,13:35:19,6097,66351,43171,4044446270,0,0,0
a2203,20220218,20220218,133520000,13:35:20,6097,66351,43171,4044446270,0,0,0
a2203,20220218,20220218,133520500,13:35:20,6098,66360,43166,4044995090,9,-5,548820
a2203,20220218,20220218,133522000,13:35:22,6098,66362,43168,4045117050,2,2,121960
a2203,20220218,20220218,133523000,13:35:23,6097,66363,43168,4045178020,1,0,60970
a2203,20220218,20220218,133523500,13:35:23,6097,66364,43168,4045238990,1,0,60970
a2203,20220218,20220218,133524500,13:35:25,6097,66367,43169,4045421900,3,1,182910
a2203,20220218,20220218,133525000,13:35:25,6097,66367,43169,4045421900,0,0,0
a2203,20220218,20220218,133525500,13:35:26,6097,66367,43169,4045421900,0,0,0
a2203,20220218,20220218,133527000,13:35:27,6097,66368,43169,4045482870,1,0,60970
a2203,20220218,20220218,133528500,13:35:32,6097,66380,43169,4046214510,12,0,731640
a2203,20220218,20220218,133531000,13:35:33,6098,66407,43172,4047860870,27,3,1646360
a2203,20220218,20220218,133531500,13:35:37,6098,66407,43172,4047860870,0,0,0
a2203,20220218,20220218,133540500,13:35:43,6098,66437,43176,4049690280,30,4,1829410
a2203,20220218,20220218,133544000,13:35:44,6098,66437,43176,4049690280,0,0,0
a2203,20220218,20220218,133544500,13:35:45,6098,66437,43176,4049690280,0,0,0
a2203,20220218,20220218,133545000,13:35:45,6098,66437,43176,4049690280,0,0,0
a2203,20220218,20220218,133545500,13:35:46,6098,66437,43176,4049690280,0,0,0
a2203,20220218,20220218,133546500,13:35:46,6098,66438,43176,4049751260,1,0,60980
a2203,20220218,20220218,133548000,13:35:48,6098,66443,43181,4050056160,5,5,304900
a2203,20220218,20220218,133548500,13:35:48,6098,66443,43181,4050056160,0,0,0
a2203,20220218,20220218,133551000,13:35:51,6098,66443,43181,4050056160,0,0,0
a2203,20220218,20220218,133551500,13:35:51,6098,66443,43181,4050056160,0,0,0
a2203,20220218,20220218,133552000,13:35:52,6097,66563,43152,4057372560,120,-29,7316400
a2203,20220218,20220218,133552500,13:35:52,6097,66589,43151,4058957580,26,-1,1585020
a2203,20220218,20220218,133553000,13:35:53,6096,66592,43151,4059140460,3,0,182880
a2203,20220218,20220218,133554000,13:35:55,6096,66592,43151,4059140460,0,0,0
a2203,20220218,20220218,133558000,13:36:01,6096,66592,43151,4059140460,0,0,0
a2203,20220218,20220218,133558500,13:36:02,6096,66593,43150,4059201420,1,-1,60960
a2203,20220218,20220218,133559500,13:36:03,6096,66593,43150,4059201420,0,0,0
a2203,20220218,20220218,133600000,13:36:03,6096,66593,43150,4059201420,0,0,0
a2203,20220218,20220218,133600500,13:36:03,6095,66594,43149,4059262370,1,-1,60950
a2203,20220218,20220218,133602000,13:36:03,6096,66597,43152,4059445250,3,3,182880
a2203,20220218,20220218,133602500,13:36:03,6095,66617,43158,4060664250,20,6,1219000
a2203,20220218,20220218,133603000,13:36:04,6095,66617,43158,4060664250,0,0,0
a2203,20220218,20220218,133603500,13:36:05,6096,66629,43154,4061395770,12,-4,731520
a2203,20220218,20220218,133604000,13:36:05,6096,66629,43154,4061395770,0,0,0
a2203,20220218,20220218,133605000,13:36:06,6095,66645,43148,4062371020,16,-6,975250
a2203,20220218,20220218,133606000,13:36:07,6095,66645,43148,4062371020,0,0,0
a2203,20220218,20220218,133606500,13:36:07,6095,66646,43147,4062431970,1,-1,60950
a2203,20220218,20220218,133608500,13:36:08,6095,66648,43149,4062553870,2,2,121900
a2203,20220218,20220218,133609000,13:36:09,6095,66648,43149,4062553870,0,0,0
a2203,20220218,20220218,133609500,13:36:10,6095,66649,43150,4062614820,1,1,60950
a2203,20220218,20220218,133610000,13:36:10,6095,66659,43149,4063224320,10,-1,609500
a2203,20220218,20220218,133610500,13:36:11,6095,66661,43149,4063346220,2,0,121900
a2203,20220218,20220218,133611000,13:36:11,6095,66661,43149,4063346220,0,0,0
a2203,20220218,20220218,133611500,13:36:12,6095,66671,43159,4063955720,10,10,609500
a2203,20220218,20220218,133612000,13:36:12,6095,66671,43159,4063955720,0,0,0
a2203,20220218,20220218,133613500,13:36:13,6095,66671,43159,4063955720,0,0,0
a2203,20220218,20220218,133614000,13:36:14,6095,66672,43160,4064016670,1,1,60950
a2203,20220218,20220218,133614500,13:36:14,6095,66672,43160,4064016670,0,0,0
a2203,20220218,20220218,133617000,13:36:17,6095,66677,43159,4064321420,5,-1,304750
a2203,20220218,20220218,133617500,13:36:19,6095,66677,43159,4064321420,0,0,0
a2203,20220218,20220218,133618000,13:36:19,6095,66677,43159,4064321420,0,0,0
a2203,20220218,20220218,133619000,13:36:19,6095,66680,43157,4064504270,3,-2,182850
a2203,20220218,20220218,133619500,13:36:19,6095,66682,43157,4064626160,2,0,121890
a2203,20220218,20220218,133620500,13:36:20,6095,66682,43157,4064626160,0,0,0
a2203,20220218,20220218,133621000,13:36:21,6095,66682,43157,4064626160,0,0,0
a2203,20220218,20220218,133624500,13:36:24,6095,66683,43158,4064687110,1,1,60950
a2203,20220218,20220218,133625500,13:36:25,6095,66684,43157,4064748060,1,-1,60950
a2203,20220218,20220218,133626000,13:36:26,6095,66687,43159,4064930910,3,2,182850
a2203,20220218,20220218,133626500,13:36:26,6095,66689,43159,4065052810,2,0,121900
a2203,20220218,20220218,133627500,13:36:28,6095,66689,43159,4065052810,0,0,0
a2203,20220218,20220218,133628000,13:36:28,6095,66694,43154,4065357560,5,-5,304750
a2203,20220218,20220218,133632000,13:36:32,6096,66695,43153,4065418520,1,-1,60960
a2203,20220218,20220218,133632500,13:36:32,6096,66695,43153,4065418520,0,0,0
a2203,20220218,20220218,133633000,13:36:33,6095,66696,43152,4065479470,1,-1,60950
a2203,20220218,20220218,133634000,13:36:34,6096,66697,43153,4065540430,1,1,60960
a2203,20220218,20220218,133634500,13:36:35,6096,66697,43153,4065540430,0,0,0
a2203,20220218,20220218,133636000,13:36:36,6096,66718,43150,4066820590,21,-3,1280160
a2203,20220218,20220218,133636500,13:36:36,6096,66724,43144,4067186350,6,-6,365760
a2203,20220218,20220218,133637000,13:36:38,6096,66725,43144,4067247310,1,0,60960
a2203,20220218,20220218,133637500,13:36:38,6096,66727,43144,4067369230,2,0,121920
a2203,20220218,20220218,133638000,13:36:38,6096,66727,43144,4067369230,0,0,0
a2203,20220218,20220218,133638500,13:36:39,6097,66729,43144,4067491170,2,0,121940
a2203,20220218,20220218,133639500,13:36:39,6097,66729,43144,4067491170,0,0,0
a2203,20220218,20220218,133640000,13:36:40,6096,66730,43143,4067552130,1,-1,60960
a2203,20220218,20220218,133641000,13:36:41,6096,66730,43143,4067552130,0,0,0
a2203,20220218,20220218,133643000,13:36:43,6097,66753,43157,4068954440,23,14,1402310
a2203,20220218,20220218,133643500,13:36:43,6097,66756,43157,4069137350,3,0,182910
a2203,20220218,20220218,133644000,13:36:44,6097,66756,43157,4069137350,0,0,0
a2203,20220218,20220218,133644500,13:36:44,6097,66763,43152,4069564140,7,-5,426790
a2203,20220218,20220218,133645000,13:36:45,6097,66763,43152,4069564140,0,0,0
a2203,20220218,20220218,133645500,13:36:45,6097,66763,43152,4069564140,0,0,0
a2203,20220218,20220218,133647500,13:36:47,6097,66763,43152,4069564140,0,0,0
a2203,20220218,20220218,133648000,13:36:48,6097,66767,43148,4069808020,4,-4,243880
a2203,20220218,20220218,133650500,13:36:50,6096,66768,43147,4069868980,1,-1,60960
a2203,20220218,20220218,133651000,13:36:51,6096,66768,43147,4069868980,0,0,0
a2203,20220218,20220218,133651500,13:36:51,6096,66773,43143,4070173780,5,-4,304800
a2203,20220218,20220218,133652000,13:36:52,6096,66777,43142,4070417620,4,-1,243840
a2203,20220218,20220218,133652500,13:36:53,6095,66781,43143,4070661420,4,1,243800
a2203,20220218,20220218,133653000,13:36:53,6095,66783,43145,4070783320,2,2,121900
a2203,20220218,20220218,133654500,13:36:54,6096,66784,43145,4070844280,1,0,60960
a2203,20220218,20220218,133655500,13:36:56,6096,66784,43145,4070844280,0,0,0
a2203,20220218,20220218,133656500,13:36:56,6095,66787,43147,4071027130,3,2,182850
a2203,20220218,20220218,133657000,13:36:58,6095,66787,43147,4071027130,0,0,0
a2203,20220218,20220218,133658500,13:36:59,6094,66809,43149,4072367810,22,2,1340680
a2203,20220218,20220218,133659000,13:36:59,6093,66839,43157,4074195810,30,8,1828000
a2203,20220218,20220218,133659500,13:36:59,6093,66840,43157,4074256740,1,0,60930
a2203,20220218,20220218,133700000,13:37:00,6093,66844,43159,4074500460,4,2,243720
a2203,20220218,20220218,133700500,13:37:00,6093,66860,43162,4075475340,16,3,974880
a2203,20220218,20220218,133701000,13:37:01,6093,66869,43153,4076023710,9,-9,548370
a2203,20220218,20220218,133701500,13:37:02,6092,66872,43150,4076206470,3,-3,182760
a2203,20220218,20220218,133702000,13:37:02,6092,66887,43142,4077120270,15,-8,913800
a2203,20220218,20220218,133702500,13:37:03,6091,66948,43169,4080835840,61,27,3715570
a2203,20220218,20220218,133703000,13:37:03,6092,66965,43166,4081871320,17,-3,1035480
a2203,20220218,20220218,133703500,13:37:03,6092,66969,43166,4082114980,4,0,243660
a2203,20220218,20220218,133704500,13:37:04,6090,66989,43167,4083333000,20,1,1218020
a2203,20220218,20220218,133705000,13:37:05,6090,67012,43180,4084733870,23,13,1400870
a2203,20220218,20220218,133705500,13:37:07,6090,67025,43182,4085525570,13,2,791700
a2203,20220218,20220218,133706000,13:37:08,6090,67031,43185,4085890970,6,3,365400
a2203,20220218,20220218,133706500,13:37:08,6090,67033,43185,4086012770,2,0,121800
a2203,20220218,20220218,133707000,13:37:08,6090,67036,43184,4086195470,3,-1,182700
a2203,20220218,20220218,133707500,13:37:08,6089,67037,43184,4086256360,1,0,60890
a2203,20220218,20220218,133708000,13:37:08,6090,67041,43180,4086499950,4,-4,243590
a2203,20220218,20220218,133708500,13:37:08,6090,67044,43178,4086682640,3,-2,182690
a2203,20220218,20220218,133709000,13:37:09,6090,67044,43178,4086682640,0,0,0
a2203,20220218,20220218,133709500,13:37:10,6090,67058,43181,4087535240,14,3,852600
a2203,20220218,20220218,133710000,13:37:11,6090,67068,43176,4088144240,10,-5,609000
a2203,20220218,20220218,133710500,13:37:11,6090,67069,43177,4088205140,1,1,60900
a2203,20220218,20220218,133711500,13:37:13,6090,67075,43177,4088570590,6,0,365450
a2203,20220218,20220218,133712000,13:37:13,6090,67080,43176,4088875090,5,-1,304500
a2203,20220218,20220218,133712500,13:37:13,6089,67095,43164,4089788440,15,-12,913350
a2203,20220218,20220218,133713000,13:37:13,6089,67097,43164,4089910220,2,0,121780
a2203,20220218,20220218,133713500,13:37:14,6089,67098,43164,4089971110,1,0,60890
a2203,20220218,20220218,133714000,13:37:14,6089,67098,43164,4089971110,0,0,0
a2203,20220218,20220218,133714500,13:37:14,6089,67098,43164,4089971110,0,0,0
a2203,20220218,20220218,133715500,13:37:16,6089,67098,43164,4089971110,0,0,0
a2203,20220218,20220218,133716000,13:37:16,6089,67099,43164,4090032000,1,0,60890
a2203,20220218,20220218,133716500,13:37:17,6090,67101,43164,4090153800,2,0,121800
a2203,20220218,20220218,133717000,13:37:17,6090,67102,43164,4090214700,1,0,60900
a2203,20220218,20220218,133717500,13:37:18,6089,67103,43163,4090275590,1,-1,60890
a2203,20220218,20220218,133719000,13:37:19,6089,67103,43163,4090275590,0,0,0
a2203,20220218,20220218,133719500,13:37:19,6089,67103,43163,4090275590,0,0,0
a2203,20220218,20220218,133720000,13:37:20,6091,67119,43171,4091250040,16,8,974450
a2203,20220218,20220218,133720500,13:37:21,6091,67130,43177,4091920060,11,6,670020
a2203,20220218,20220218,133721000,13:37:21,6091,67130,43177,4091920060,0,0,0
a2203,20220218,20220218,133722500,13:37:22,6091,67132,43175,4092041880,2,-2,121820
a2203,20220218,20220218,133723000,13:37:23,6091,67165,43168,4094052210,33,-7,2010330
a2203,20220218,20220218,133723500,13:37:23,6093,67176,43168,4094722440,11,0,670230
a2203,20220218,20220218,133724000,13:37:24,6093,67177,43168,4094783370,1,0,60930
a2203,20220218,20220218,133724500,13:37:25,6093,67179,43169,4094905210,2,1,121840
a2203,20220218,20220218,133725000,13:37:25,6092,67181,43167,4095027050,2,-2,121840
a2203,20220218,20220218,133725500,13:37:25,6093,67196,43160,4095941000,15,-7,913950
a2203,20220218,20220218,133726000,13:37:26,6092,67198,43160,4096062840,2,0,121840
a2203,20220218,20220218,133726500,13:37:26,6092,67198,43160,4096062840,0,0,0
a2203,20220218,20220218,133727500,13:37:27,6092,67199,43160,4096123760,1,0,60920
a2203,20220218,20220218,133728000,13:37:28,6092,67199,43160,4096123760,0,0,0
a2203,20220218,20220218,133728500,13:37:28,6092,67200,43161,4096184680,1,1,60920
a2203,20220218,20220218,133729000,13:37:29,6092,67200,43161,4096184680,0,0,0
a2203,20220218,20220218,133730000,13:37:30,6093,67201,43160,4096245610,1,-1,60930
a2203,20220218,20220218,133730500,13:37:31,6093,67201,43160,4096245610,0,0,0
a2203,20220218,20220218,133731500,13:37:31,6092,67204,43160,4096428380,3,0,182770
a2203,20220218,20220218,133734500,13:37:34,6092,67205,43161,4096489300,1,1,60920
a2203,20220218,20220218,133735000,13:37:35,6092,67205,43161,4096489300,0,0,0
a2203,20220218,20220218,133735500,13:37:35,6092,67205,43161,4096489300,0,0,0
a2203,20220218,20220218,133736000,13:37:36,6092,67205,43161,4096489300,0,0,0
a2203,20220218,20220218,133736500,13:37:37,6092,67205,43161,4096489300,0,0,0
a2203,20220218,20220218,133739000,13:37:39,6092,67206,43162,4096550220,1,1,60920
a2203,20220218,20220218,133740000,13:37:40,6092,67207,43162,4096611140,1,0,60920
a2203,20220218,20220218,133740500,13:37:40,6092,67207,43162,4096611140,0,0,0
a2203,20220218,20220218,133741000,13:37:41,6092,67207,43162,4096611140,0,0,0
a2203,20220218,20220218,133742500,13:37:43,6092,67207,43162,4096611140,0,0,0
a2203,20220218,20220218,133744500,13:37:45,6093,67208,43162,4096672070,1,0,60930
a2203,20220218,20220218,133746500,13:37:46,6093,67208,43162,4096672070,0,0,0
a2203,20220218,20220218,133747000,13:37:47,6093,67209,43162,4096733000,1,0,60930
a2203,20220218,20220218,133748500,13:37:48,6092,67210,43162,4096793920,1,0,60920
a2203,20220218,20220218,133749500,13:37:49,6093,67211,43162,4096854850,1,0,60930
a2203,20220218,20220218,133750000,13:37:50,6093,67211,43162,4096854850,0,0,0
a2203,20220218,20220218,133750500,13:37:50,6092,67212,43162,4096915770,1,0,60920
a2203,20220218,20220218,133751000,13:37:51,6092,67213,43162,4096976690,1,0,60920
a2203,20220218,20220218,133751500,13:37:53,6092,67214,43162,4097037610,1,0,60920
a2203,20220218,20220218,133753000,13:37:54,6092,67214,43162,4097037610,0,0,0
a2203,20220218,20220218,133756000,13:37:56,6093,67215,43163,4097098540,1,1,60930
a2203,20220218,20220218,133759000,13:37:59,6093,67217,43162,4097220400,2,-1,121860
a2203,20220218,20220218,133759500,13:38:00,6093,67217,43162,4097220400,0,0,0
a2203,20220218,20220218,133802500,13:38:05,6093,67219,43160,4097342260,2,-2,121860
a2203,20220218,20220218,133803500,13:38:06,6093,67219,43160,4097342260,0,0,0
a2203,20220218,20220218,133804500,13:38:06,6093,67219,43160,4097342260,0,0,0
a2203,20220218,20220218,133805500,13:38:07,6093,67219,43160,4097342260,0,0,0
a2203,20220218,20220218,133806000,13:38:07,6093,67219,43160,4097342260,0,0,0
a2203,20220218,20220218,133810500,13:38:10,6093,67220,43160,4097403190,1,0,60930
a2203,20220218,20220218,133811000,13:38:11,6093,67220,43160,4097403190,0,0,0
a2203,20220218,20220218,133821000,13:38:22,6093,67220,43160,4097403190,0,0,0
a2203,20220218,20220218,133826000,13:38:42,6095,67260,43153,4099840880,40,-7,2437690
a2203,20220218,20220218,133840000,13:38:42,6097,67292,43158,4101791600,32,5,1950720
a2203,20220218,20220218,133842000,13:38:43,6097,67292,43158,4101791600,0,0,0
a2203,20220218,20220218,133846000,13:38:46,6098,67295,43158,4101974520,3,0,182920
a2203,20220218,20220218,133847000,13:38:47,6098,67300,43157,4102279400,5,-1,304880
a2203,20220218,20220218,133857000,13:38:57,6098,67300,43157,4102279400,0,0,0
a2203,20220218,20220218,133901500,13:39:01,6096,67302,43155,4102401320,2,-2,121920
a2203,20220218,20220218,133906000,13:39:06,6096,67303,43155,4102462280,1,0,60960
a2203,20220218,20220218,133907500,13:39:07,6096,67303,43155,4102462280,0,0,0
a2203,20220218,20220218,133909000,13:39:09,6096,67303,43155,4102462280,0,0,0
a2203,20220218,20220218,133910500,13:39:10,6097,67304,43156,4102523250,1,1,60970
a2203,20220218,20220218,133913500,13:39:13,6097,67305,43156,4102584220,1,0,60970
a2203,20220218,20220218,133914000,13:39:14,6098,67308,43157,4102767150,3,1,182930
a2203,20220218,20220218,133914500,13:39:15,6098,67322,43154,4103620800,14,-3,853650
a2203,20220218,20220218,133917000,13:39:19,6098,67322,43154,4103620800,0,0,0
a2203,20220218,20220218,133920500,13:39:20,6098,67322,43154,4103620800,0,0,0
a2203,20220218,20220218,133924000,13:39:24,6098,67322,43154,4103620800,0,0,0
a2203,20220218,20220218,133927500,13:39:27,6098,67322,43154,4103620800,0,0,0
a2203,20220218,20220218,133933500,13:39:33,6098,67322,43154,4103620800,0,0,0
a2203,20220218,20220218,133945500,13:39:46,6097,67325,43154,4103803720,3,0,182920
a2203,20220218,20220218,133946000,13:39:46,6098,67328,43152,4103986640,3,-2,182920
a2203,20220218,20220218,133946500,13:39:47,6098,67332,43152,4104230560,4,0,243920
a2203,20220218,20220218,133947000,13:39:47,6098,67351,43162,4105389360,19,10,1158800
a2203,20220218,20220218,133947500,13:39:47,6098,67351,43162,4105389360,0,0,0
a2203,20220218,20220218,133948000,13:39:48,6098,67351,43162,4105389360,0,0,0
a2203,20220218,20220218,133950500,13:39:50,6098,67352,43163,4105450340,1,1,60980
a2203,20220218,20220218,133952000,13:39:52,6098,67358,43159,4105816220,6,-4,365880
a2203,20220218,20220218,133952500,13:39:53,6099,67359,43159,4105877210,1,0,60990
a2203,20220218,20220218,133954500,13:39:55,6099,67360,43159,4105938200,1,0,60990
a2203,20220218,20220218,133955000,13:39:55,6097,67362,43158,4106060140,2,-1,121940
a2203,20220218,20220218,133955500,13:39:55,6097,67362,43158,4106060140,0,0,0
a2203,20220218,20220218,133957000,13:39:57,6097,67362,43158,4106060140,0,0,0
a2203,20220218,20220218,133958000,13:40:13,6097,67362,43158,4106060140,0,0,0
a2203,20220218,20220218,134010000,13:40:13,6097,67362,43158,4106060140,0,0,0
a2203,20220218,20220218,134013000,13:40:13,6097,67362,43158,4106060140,0,0,0
a2203,20220218,20220218,134015000,13:40:16,6099,67395,43157,4108072790,33,-1,2012650
a2203,20220218,20220218,134015500,13:40:16,6100,67397,43159,4108194790,2,2,122000
a2203,20220218,20220218,134016000,13:40:16,6100,67444,43200,4111061790,47,41,2867000
a2203,20220218,20220218,134016500,13:40:16,6100,67447,43200,4111244790,3,0,183000
a2203,20220218,20220218,134017500,13:40:18,6100,67447,43200,4111244790,0,0,0
a2203,20220218,20220218,134018000,13:40:18,6099,67463,43201,4112220640,16,1,975850
a2203,20220218,20220218,134018500,13:40:19,6099,67463,43201,4112220640,0,0,0
a2203,20220218,20220218,134020500,13:40:21,6100,67473,43198,4112830640,10,-3,610000
a2203,20220218,20220218,134021000,13:40:21,6102,67518,43238,4115576120,45,40,2745480
a2203,20220218,20220218,134021500,13:40:22,6102,67537,43237,4116735500,19,-1,1159380
a2203,20220218,20220218,134022000,13:40:22,6102,67545,43244,4117223660,8,7,488160
a2203,20220218,20220218,134023000,13:40:23,6102,67563,43242,4118322020,18,-2,1098360
a2203,20220218,20220218,134024500,13:40:25,6102,67563,43242,4118322020,0,0,0
a2203,20220218,20220218,134025000,13:40:25,6102,67605,43273,4120885270,42,31,2563250
a2203,20220218,20220218,134025500,13:40:25,6102,67605,43273,4120885270,0,0,0
a2203,20220218,20220218,134026000,13:40:26,6103,67614,43269,4121434540,9,-4,549270
a2203,20220218,20220218,134026500,13:40:27,6104,67615,43268,4121495580,1,-1,61040
a2203,20220218,20220218,134027000,13:40:27,6104,67617,43268,4121617660,2,0,122080
a2203,20220218,20220218,134027500,13:40:27,6104,67624,43272,4122044940,7,4,427280
a2203,20220218,20220218,134028500,13:40:28,6104,67627,43275,4122228060,3,3,183120
a2203,20220218,20220218,134029000,13:40:30,6104,67629,43276,4122350140,2,1,122080
a2203,20220218,20220218,134029500,13:40:30,6104,67629,43276,4122350140,0,0,0
a2203,20220218,20220218,134030000,13:40:30,6104,67643,43290,4123204700,14,14,854560
a2203,20220218,20220218,134030500,13:40:30,6104,67643,43290,4123204700,0,0,0
a2203,20220218,20220218,134031000,13:40:31,6104,67643,43290,4123204700,0,0,0
a2203,20220218,20220218,134031500,13:40:31,6104,67644,43291,4123265740,1,1,61040
a2203,20220218,20220218,134032000,13:40:32,6104,67644,43291,4123265740,0,0,0
a2203,20220218,20220218,134033000,13:40:33,6104,67646,43290,4123387820,2,-1,122080
a2203,20220218,20220218,134033500,13:40:34,6104,67649,43287,4123570940,3,-3,183120
a2203,20220218,20220218,134034000,13:40:34,6103,67650,43286,4123631970,1,-1,61030
a2203,20220218,20220218,134035000,13:40:35,6105,67655,43286,4123937220,5,0,305250
a2203,20220218,20220218,134035500,13:40:36,6105,67655,43286,4123937220,0,0,0
a2203,20220218,20220218,134038000,13:40:38,6105,67660,43286,4124242470,5,0,305250
a2203,20220218,20220218,134038500,13:40:38,6105,67660,43286,4124242470,0,0,0
a2203,20220218,20220218,134039000,13:40:39,6105,67660,43286,4124242470,0,0,0
a2203,20220218,20220218,134042500,13:40:42,6104,67670,43282,4124852890,10,-4,610420
a2203,20220218,20220218,134043000,13:40:43,6105,67672,43282,4124974990,2,0,122100
a2203,20220218,20220218,134043500,13:40:44,6105,67673,43281,4125036040,1,-1,61050
a2203,20220218,20220218,134044000,13:40:44,6105,67676,43278,4125219190,3,-3,183150
a2203,20220218,20220218,134044500,13:40:44,6106,67677,43278,4125280250,1,0,61060
a2203,20220218,20220218,134045000,13:40:45,6104,67678,43279,4125341290,1,1,61040
a2203,20220218,20220218,134047500,13:40:47,6104,67678,43279,4125341290,0,0,0
a2203,20220218,20220218,134048000,13:40:48,6104,67688,43270,4125951700,10,-9,610410
a2203,20220218,20220218,134048500,13:40:48,6104,67691,43267,4126134820,3,-3,183120
a2203,20220218,20220218,134049000,13:40:49,6104,67691,43267,4126134820,0,0,0
a2203,20220218,20220218,134049500,13:40:49,6104,67692,43266,4126195860,1,-1,61040
a2203,20220218,20220218,134050000,13:40:50,6104,67696,43262,4126440020,4,-4,244160
a2203,20220218,20220218,134050500,13:40:50,6104,67699,43259,4126623140,3,-3,183120
a2203,20220218,20220218,134051000,13:40:51,6104,67702,43256,4126806260,3,-3,183120
a2203,20220218,20220218,134051500,13:40:55,6104,67705,43254,4126989380,3,-2,183120
a2203,20220218,20220218,134052000,13:40:55,6104,67708,43251,4127172500,3,-3,183120
a2203,20220218,20220218,134052500,13:40:55,6104,67709,43250,4127233540,1,-1,61040
a2203,20220218,20220218,134053500,13:40:55,6104,67709,43250,4127233540,0,0,0
a2203,20220218,20220218,134057500,13:40:58,6104,67709,43250,4127233540,0,0,0
a2203,20220218,20220218,134058000,13:40:58,6104,67709,43250,4127233540,0,0,0
a2203,20220218,20220218,134102500,13:41:02,6104,67709,43250,4127233540,0,0,0
a2203,20220218,20220218,134104000,13:41:05,6104,67709,43250,4127233540,0,0,0
a2203,20220218,20220218,134106500,13:41:07,6104,67712,43249,4127416650,3,-1,183110
a2203,20220218,20220218,134111000,13:41:11,6105,67717,43247,4127721900,5,-2,305250
a2203,20220218,20220218,134111500,13:41:11,6105,67717,43247,4127721900,0,0,0
a2203,20220218,20220218,134113500,13:41:13,6105,67718,43247,4127782950,1,0,61050
a2203,20220218,20220218,134114500,13:41:15,6104,67720,43249,4127905030,2,2,122080
a2203,20220218,20220218,134115000,13:41:16,6104,67720,43249,4127905030,0,0,0
a2203,20220218,20220218,134115500,13:41:16,6104,67720,43249,4127905030,0,0,0
a2203,20220218,20220218,134116000,13:41:16,6104,67720,43249,4127905030,0,0,0
a2203,20220218,20220218,134116500,13:41:17,6104,67720,43249,4127905030,0,0,0
a2203,20220218,20220218,134119000,13:41:19,6104,67720,43249,4127905030,0,0,0
a2203,20220218,20220218,134119500,13:41:19,6103,67730,43246,4128515330,10,-3,610300
a2203,20220218,20220218,134120000,13:41:20,6103,67730,43246,4128515330,0,0,0
a2203,20220218,20220218,134120500,13:41:23,6103,67730,43246,4128515330,0,0,0
a2203,20220218,20220218,134122000,13:41:24,6102,67731,43247,4128576350,1,1,61020
a2203,20220218,20220218,134123000,13:41:24,6103,67734,43247,4128759430,3,0,183080
a2203,20220218,20220218,134123500,13:41:24,6103,67736,43246,4128881480,2,-1,122050
a2203,20220218,20220218,134125500,13:41:27,6103,67736,43246,4128881480,0,0,0
a2203,20220218,20220218,134126000,13:41:27,6103,67739,43244,4129064550,3,-2,183070
a2203,20220218,20220218,134126500,13:41:27,6102,67740,43243,4129125570,1,-1,61020
a2203,20220218,20220218,134127500,13:41:27,6101,67741,43242,4129186580,1,-1,61010
a2203,20220218,20220218,134128000,13:41:28,6101,67745,43241,4129430620,4,-1,244040
a2203,20220218,20220218,134128500,13:41:28,6101,67745,43241,4129430620,0,0,0
a2203,20220218,20220218,134129000,13:41:29,6101,67745,43241,4129430620,0,0,0
a2203,20220218,20220218,134129500,13:41:30,6100,67752,43245,4129857660,7,4,427040
a2203,20220218,20220218,134130000,13:41:30,6100,67755,43246,4130040660,3,1,183000
a2203,20220218,20220218,134130500,13:41:30,6100,67765,43236,4130650660,10,-10,610000
a2203,20220218,20220218,134131000,13:41:31,6100,67767,43236,4130772660,2,0,122000
a2203,20220218,20220218,134131500,13:41:31,6100,67768,43236,4130833660,1,0,61000
a2203,20220218,20220218,134132000,13:41:32,6100,67769,43236,4130894660,1,0,61000
a2203,20220218,20220218,134132500,13:41:33,6100,67769,43236,4130894660,0,0,0
a2203,20220218,20220218,134135000,13:41:35,6099,67771,43236,4131016640,2,0,121980
a2203,20220218,20220218,134135500,13:41:35,6099,67771,43236,4131016640,0,0,0
a2203,20220218,20220218,134136000,13:41:39,6099,67771,43236,4131016640,0,0,0
a2203,20220218,20220218,134138500,13:41:41,6099,67773,43236,4131138620,2,0,121980
a2203,20220218,20220218,134140000,13:41:42,6099,67773,43236,4131138620,0,0,0
a2203,20220218,20220218,134140500,13:41:42,6099,67773,43236,4131138620,0,0,0
a2203,20220218,20220218,134141000,13:41:42,6099,67773,43236,4131138620,0,0,0
a2203,20220218,20220218,134146000,13:41:46,6101,67776,43236,4131321650,3,0,183030
a2203,20220218,20220218,134146500,13:41:47,6101,67776,43236,4131321650,0,0,0
a2203,20220218,20220218,134147000,13:41:47,6101,67776,43236,4131321650,0,0,0
a2203,20220218,20220218,134147500,13:41:48,6101,67776,43236,4131321650,0,0,0
a2203,20220218,20220218,134148000,13:41:48,6101,67776,43236,4131321650,0,0,0
a2203,20220218,20220218,134148500,13:41:48,6101,67783,43237,4131748720,7,1,427070
a2203,20220218,20220218,134149000,13:41:49,6101,67783,43237,4131748720,0,0,0
a2203,20220218,20220218,134149500,13:41:50,6101,67783,43237,4131748720,0,0,0
a2203,20220218,20220218,134150000,13:41:50,6101,67783,43237,4131748720,0,0,0
a2203,20220218,20220218,134151500,13:41:52,6102,67784,43237,4131809740,1,0,61020
a2203,20220218,20220218,134152500,13:41:52,6100,67785,43236,4131870740,1,-1,61000
a2203,20220218,20220218,134153000,13:41:53,6100,67785,43236,4131870740,0,0,0
a2203,20220218,20220218,134153500,13:41:54,6100,67785,43236,4131870740,0,0,0
a2203,20220218,20220218,134154000,13:42:01,6100,67785,43236,4131870740,0,0,0
a2203,20220218,20220218,134202000,13:42:10,6100,67785,43236,4131870740,0,0,0
a2203,20220218,20220218,134202500,13:42:11,6100,67785,43236,4131870740,0,0,0
a2203,20220218,20220218,134203000,13:42:11,6100,67785,43236,4131870740,0,0,0
a2203,20220218,20220218,134209500,13:42:12,6100,67785,43236,4131870740,0,0,0
a2203,20220218,20220218,134211500,13:42:12,6100,67785,43236,4131870740,0,0,0
a2203,20220218,20220218,134214000,13:42:14,6100,67785,43236,4131870740,0,0,0
a2203,20220218,20220218,134214500,13:42:15,6100,67785,43236,4131870740,0,0,0
a2203,20220218,20220218,134215000,13:42:15,6103,67798,43234,4132664020,13,-2,793280
a2203,20220218,20220218,134215500,13:42:16,6103,67798,43234,4132664020,0,0,0
a2203,20220218,20220218,134216000,13:42:16,6103,67798,43234,4132664020,0,0,0
a2203,20220218,20220218,134216500,13:42:16,6103,67798,43234,4132664020,0,0,0
a2203,20220218,20220218,134217000,13:42:18,6103,67798,43234,4132664020,0,0,0
a2203,20220218,20220218,134217500,13:42:19,6103,67800,43232,4132786080,2,-2,122060
a2203,20220218,20220218,134224500,13:42:25,6103,67800,43232,4132786080,0,0,0
a2203,20220218,20220218,134255500,13:42:55,6102,67801,43232,4132847100,1,0,61020
a2203,20220218,20220218,134256000,13:42:56,6102,67801,43232,4132847100,0,0,0
a2203,20220218,20220218,134256500,13:42:57,6102,67801,43232,4132847100,0,0,0
a2203,20220218,20220218,134257000,13:42:57,6099,67831,43216,4134677100,30,-16,1830000
a2203,20220218,20220218,134301000,13:43:02,6100,67832,43216,4134738100,1,0,61000
a2203,20220218,20220218,134303500,13:43:11,6100,67832,43216,4134738100,0,0,0
a2203,20220218,20220218,134304000,13:43:11,6099,67840,43212,4135226020,8,-4,487920
a2203,20220218,20220218,134304500,13:43:11,6099,67842,43210,4135348000,2,-2,121980
a2203,20220218,20220218,134306000,13:43:12,6099,67842,43210,4135348000,0,0,0
a2203,20220218,20220218,134316500,13:43:16,6100,67853,43216,4136019000,11,6,671000
a2203,20220218,20220218,134317000,13:43:17,6100,67853,43216,4136019000,0,0,0
a2203,20220218,20220218,134319000,13:43:19,6099,67855,43214,4136140980,2,-2,121980
a2203,20220218,20220218,134321000,13:43:21,6100,67856,43214,4136201980,1,0,61000
a2203,20220218,20220218,134322000,13:43:22,6099,67857,43214,4136262970,1,0,60990
a2203,20220218,20220218,134322500,13:43:23,6099,67857,43214,4136262970,0,0,0
a2203,20220218,20220218,134323500,13:43:23,6099,67859,43216,4136384950,2,2,121980
a2203,20220218,20220218,134324000,13:43:24,6099,67859,43216,4136384950,0,0,0
a2203,20220218,20220218,134325500,13:43:25,6099,67859,43216,4136384950,0,0,0
a2203,20220218,20220218,134326000,13:43:26,6099,67859,43216,4136384950,0,0,0
a2203,20220218,20220218,134326500,13:43:26,6098,67861,43217,4136506910,2,1,121960
a2203,20220218,20220218,134327000,13:43:27,6098,67861,43217,4136506910,0,0,0
a2203,20220218,20220218,134327500,13:43:27,6098,67861,43217,4136506910,0,0,0
a2203,20220218,20220218,134328000,13:43:29,6097,67863,43216,4136628850,2,-1,121940
a2203,20220218,20220218,134328500,13:43:29,6097,67863,43216,4136628850,0,0,0
a2203,20220218,20220218,134329000,13:43:29,6096,67864,43217,4136689810,1,1,60960
a2203,20220218,20220218,134329500,13:43:29,6096,67869,43219,4136994610,5,2,304800
a2203,20220218,20220218,134330000,13:43:30,6096,67869,43219,4136994610,0,0,0
a2203,20220218,20220218,134332500,13:43:32,6095,67877,43211,4137482210,8,-8,487600
a2203,20220218,20220218,134333000,13:43:33,6095,67882,43213,4137786980,5,2,304770
a2203,20220218,20220218,134333500,13:43:34,6095,67884,43212,4137908880,2,-1,121900
a2203,20220218,20220218,134339000,13:43:39,6097,67885,43213,4137969850,1,1,60970
a2203,20220218,20220218,134339500,13:43:55,6096,67886,43212,4138030810,1,-1,60960
a2203,20220218,20220218,134340000,13:43:57,6096,67889,43211,4138213690,3,-1,182880
a2203,20220218,20220218,134340500,13:43:57,6096,67890,43210,4138274650,1,-1,60960
a2203,20220218,20220218,134354500,13:44:04,6097,67914,43206,4139737930,24,-4,1463280
a2203,20220218,20220218,134355000,13:44:04,6097,67914,43206,4139737930,0,0,0
a2203,20220218,20220218,134400000,13:44:04,6097,67914,43206,4139737930,0,0,0
a2203,20220218,20220218,134406000,13:44:06,6098,67917,43205,4139920850,3,-1,182920
a2203,20220218,20220218,134415500,13:44:17,6098,67917,43205,4139920850,0,0,0
a2203,20220218,20220218,134419000,13:44:19,6098,67917,43205,4139920850,0,0,0
a2203,20220218,20220218,134419500,13:44:23,6098,67917,43205,4139920850,0,0,0
a2203,20220218,20220218,134422000,13:44:23,6098,67917,43205,4139920850,0,0,0
a2203,20220218,20220218,134424000,13:44:24,6098,67917,43205,4139920850,0,0,0
a2203,20220218,20220218,134429000,13:44:29,6098,67917,43205,4139920850,0,0,0
a2203,20220218,20220218,134429500,13:44:31,6098,67917,43205,4139920850,0,0,0
a2203,20220218,20220218,134443500,13:44:44,6097,67923,43208,4140286720,6,3,365870
a2203,20220218,20220218,134448000,13:44:48,6097,67923,43208,4140286720,0,0,0
a2203,20220218,20220218,134448500,13:44:48,6097,67923,43208,4140286720,0,0,0
a2203,20220218,20220218,134449000,13:44:49,6097,67923,43208,4140286720,0,0,0
a2203,20220218,20220218,134450500,13:44:50,6097,67924,43208,4140347690,1,0,60970
a2203,20220218,20220218,134451500,13:44:51,6097,67924,43208,4140347690,0,0,0
a2203,20220218,20220218,134458500,13:44:59,6097,67925,43208,4140408660,1,0,60970
a2203,20220218,20220218,134459000,13:44:59,6097,67931,43208,4140774480,6,0,365820
a2203,20220218,20220218,134459500,13:44:59,6097,67931,43208,4140774480,0,0,0
a2203,20220218,20220218,134500500,13:45:01,6097,67931,43208,4140774480,0,0,0
a2203,20220218,20220218,134501000,13:45:01,6097,67931,43208,4140774480,0,0,0
a2203,20220218,20220218,134504500,13:45:08,6096,67932,43209,4140835440,1,1,60960
a2203,20220218,20220218,134505000,13:45:09,6098,67935,43209,4141018380,3,0,182940
a2203,20220218,20220218,134507000,13:45:09,6097,67943,43213,4141506100,8,4,487720
a2203,20220218,20220218,134508500,13:45:09,6096,67945,43211,4141628020,2,-2,121920
a2203,20220218,20220218,134509000,13:45:10,6096,67949,43211,4141871860,4,0,243840
a2203,20220218,20220218,134509500,13:45:10,6095,67966,43194,4142908010,17,-17,1036150
a2203,20220218,20220218,134510000,13:45:10,6095,67969,43191,4143090860,3,-3,182850
a2203,20220218,20220218,134512000,13:45:12,6095,67970,43191,4143151810,1,0,60950
a2203,20220218,20220218,134512500,13:45:13,6095,67972,43191,4143273710,2,0,121900
a2203,20220218,20220218,134513500,13:45:14,6095,67975,43190,4143456560,3,-1,182850
a2203,20220218,20220218,134514000,13:45:15,6095,67977,43188,4143578460,2,-2,121900
a2203,20220218,20220218,134514500,13:45:16,6094,68193,43097,4156743620,216,-91,13165160
a2203,20220218,20220218,134515000,13:45:16,6094,68200,43091,4157170180,7,-6,426560
a2203,20220218,20220218,134515500,13:45:17,6092,68211,43086,4157840380,11,-5,670200
a2203,20220218,20220218,134516000,13:45:17,6092,68217,43086,4158205900,6,0,365520
a2203,20220218,20220218,134516500,13:45:17,6092,68217,43086,4158205900,0,0,0
a2203,20220218,20220218,134517500,13:45:20,6091,68220,43084,4158388630,3,-2,182730
a2203,20220218,20220218,134519500,13:45:23,6091,68220,43084,4158388630,0,0,0
a2203,20220218,20220218,134521500,13:45:23,6091,68220,43084,4158388630,0,0,0
a2203,20220218,20220218,134523000,13:45:24,6091,68220,43084,4158388630,0,0,0
a2203,20220218,20220218,134523500,13:45:24,6091,68241,43079,4159667750,21,-5,1279120
a2203,20220218,20220218,134524000,13:45:24,6091,68241,43079,4159667750,0,0,0
a2203,20220218,20220218,134524500,13:45:25,6090,68244,43077,4159850450,3,-2,182700
a2203,20220218,20220218,134525000,13:45:26,6090,68245,43076,4159911350,1,-1,60900
a2203,20220218,20220218,134526500,13:45:28,6091,68246,43077,4159972260,1,1,60910
a2203,20220218,20220218,134527000,13:45:29,6090,68251,43077,4160276760,5,0,304500
a2203,20220218,20220218,134527500,13:45:30,6091,68256,43073,4160581270,5,-4,304510
a2203,20220218,20220218,134528000,13:45:30,6090,68258,43073,4160703080,2,0,121810
a2203,20220218,20220218,134529500,13:45:30,6091,68264,43073,4161068500,6,0,365420
a2203,20220218,20220218,134530000,13:45:30,6091,68265,43072,4161129410,1,-1,60910
a2203,20220218,20220218,134530500,13:45:30,6091,68273,43068,4161616660,8,-4,487250
a2203,20220218,20220218,134531000,13:45:31,6091,68277,43064,4161860300,4,-4,243640
a2203,20220218,20220218,134531500,13:45:31,6090,68280,43062,4162043020,3,-2,182720
a2203,20220218,20220218,134532000,13:45:32,6090,68282,43061,4162164840,2,-1,121820
a2203,20220218,20220218,134532500,13:45:33,6090,68282,43061,4162164840,0,0,0
a2203,20220218,20220218,134533000,13:45:33,6090,68286,43058,4162408440,4,-3,243600
a2203,20220218,20220218,134533500,13:45:33,6091,68287,43059,4162469350,1,1,60910
a2203,20220218,20220218,134534000,13:45:35,6091,68287,43059,4162469350,0,0,0
a2203,20220218,20220218,134534500,13:45:35,6090,68288,43058,4162530250,1,-1,60900
a2203,20220218,20220218,134535000,13:45:35,6090,68288,43058,4162530250,0,0,0
a2203,20220218,20220218,134538000,13:45:38,6091,68289,43059,4162591160,1,1,60910
a2203,20220218,20220218,134538500,13:45:38,6091,68291,43059,4162712980,2,0,121820
a2203,20220218,20220218,134539000,13:45:39,6091,68291,43059,4162712980,0,0,0
a2203,20220218,20220218,134539500,13:45:40,6091,68291,43059,4162712980,0,0,0
a2203,20220218,20220218,134540000,13:45:40,6092,68292,43058,4162773900,1,-1,60920
a2203,20220218,20220218,134540500,13:45:40,6092,68293,43058,4162834820,1,0,60920
a2203,20220218,20220218,134541500,13:45:41,6091,68294,43059,4162895730,1,1,60910
a2203,20220218,20220218,134542500,13:45:45,6092,68297,43062,4163078490,3,3,182760
a2203,20220218,20220218,134543500,13:45:46,6091,68299,43060,4163200310,2,-2,121820
a2203,20220218,20220218,134545500,13:45:46,6090,68303,43056,4163443920,4,-4,243610
a2203,20220218,20220218,134546000,13:45:47,6091,68304,43057,4163504830,1,1,60910
a2203,20220218,20220218,134546500,13:45:47,6091,68306,43057,4163626660,2,0,121830
a2203,20220218,20220218,134547000,13:45:47,6091,68306,43057,4163626660,0,0,0
a2203,20220218,20220218,134547500,13:45:47,6090,68307,43057,4163687560,1,0,60900
a2203,20220218,20220218,134548000,13:45:48,6090,68325,43055,4164783780,18,-2,1096220
a2203,20220218,20220218,134548500,13:45:48,6091,68341,43043,4165758220,16,-12,974440
a2203,20220218,20220218,134549000,13:45:49,6091,68354,43037,4166549990,13,-6,791770
a2203,20220218,20220218,134549500,13:45:53,6090,68386,43007,4168498790,32,-30,1948800
a2203,20220218,20220218,134550000,13:45:53,6092,68411,42994,4170021770,25,-13,1522980
a2203,20220218,20220218,134550500,13:45:54,6093,68416,42993,4170326380,5,-1,304610
a2203,20220218,20220218,134551000,13:45:54,6092,68422,42987,4170691900,6,-6,365520
a2203,20220218,20220218,134553500,13:45:54,6093,68452,42970,4172519770,30,-17,1827870
a2203,20220218,20220218,134554000,13:45:54,6093,68457,42970,4172824420,5,0,304650
a2203,20220218,20220218,134554500,13:45:55,6092,68458,42971,4172885340,1,1,60920
a2203,20220218,20220218,134556000,13:45:58,6093,68462,42971,4173129060,4,0,243720
a2203,20220218,20220218,134556500,13:46:00,6092,68469,42969,4173555510,7,-2,426450
a2203,20220218,20220218,134557000,13:46:00,6094,68471,42967,4173677390,2,-2,121880
a2203,20220218,20220218,134559500,13:46:01,6092,68493,42958,4175017780,22,-9,1340390
a2203,20220218,20220218,134600500,13:46:01,6092,68497,42961,4175261460,4,3,243680
a2203,20220218,20220218,134601000,13:46:01,6093,68498,42962,4175322390,1,1,60930
a2203,20220218,20220218,134601500,13:46:02,6093,68500,42962,4175444250,2,0,121860
a2203,20220218,20220218,134602000,13:46:02,6092,68504,42962,4175687930,4,0,243680
a2203,20220218,20220218,134602500,13:46:03,6092,68504,42962,4175687930,0,0,0
a2203,20220218,20220218,134603500,13:46:04,6092,68504,42962,4175687930,0,0,0
a2203,20220218,20220218,134604000,13:46:04,6092,68505,42963,4175748850,1,1,60920
a2203,20220218,20220218,134604500,13:46:05,6093,68512,42965,4176175360,7,2,426510
a2203,20220218,20220218,134605000,13:46:05,6094,68513,42965,4176236300,1,0,60940
a2203,20220218,20220218,134605500,13:46:05,6094,68513,42965,4176236300,0,0,0
a2203,20220218,20220218,134606500,13:46:06,6094,68513,42965,4176236300,0,0,0
a2203,20220218,20220218,134609000,13:46:09,6094,68513,42965,4176236300,0,0,0
a2203,20220218,20220218,134610000,13:46:11,6094,68524,42957,4176906640,11,-8,670340
a2203,20220218,20220218,134610500,13:46:11,6094,68524,42957,4176906640,0,0,0
a2203,20220218,20220218,134611000,13:46:11,6094,68524,42957,4176906640,0,0,0
a2203,20220218,20220218,134614000,13:46:14,6094,68524,42957,4176906640,0,0,0
a2203,20220218,20220218,134614500,13:46:14,6095,68531,42956,4177333290,7,-1,426650
a2203,20220218,20220218,134615000,13:46:15,6095,68531,42956,4177333290,0,0,0
a2203,20220218,20220218,134615500,13:46:16,6095,68531,42956,4177333290,0,0,0
a2203,20220218,20220218,134617500,13:46:18,6095,68531,42956,4177333290,0,0,0
a2203,20220218,20220218,134618500,13:46:18,6095,68531,42956,4177333290,0,0,0
a2203,20220218,20220218,134619000,13:46:19,6094,68533,42956,4177455170,2,0,121880
a2203,20220218,20220218,134620000,13:46:20,6095,68534,42956,4177516120,1,0,60950
a2203,20220218,20220218,134620500,13:46:21,6094,68535,42956,4177577060,1,0,60940
a2203,20220218,20220218,134622500,13:46:30,6095,68543,42951,4178064660,8,-5,487600
a2203,20220218,20220218,134623000,13:46:30,6095,68545,42951,4178186560,2,0,121900
a2203,20220218,20220218,134623500,13:46:30,6095,68545,42951,4178186560,0,0,0
a2203,20220218,20220218,134630000,13:46:31,6094,68563,42954,4179283490,18,3,1096930
a2203,20220218,20220218,134630500,13:46:31,6094,68563,42954,4179283490,0,0,0
a2203,20220218,20220218,134631000,13:46:31,6094,68580,42968,4180319470,17,14,1035980
a2203,20220218,20220218,134631500,13:46:31,6094,68580,42968,4180319470,0,0,0
a2203,20220218,20220218,134632000,13:46:32,6094,68580,42968,4180319470,0,0,0
a2203,20220218,20220218,134633500,13:46:33,6094,68581,42969,4180380410,1,1,60940
a2203,20220218,20220218,134636000,13:46:37,6094,68582,42969,4180441350,1,0,60940
a2203,20220218,20220218,134636500,13:46:37,6095,68583,42969,4180502300,1,0,60950
a2203,20220218,20220218,134638000,13:46:38,6095,68592,42968,4181050850,9,-1,548550
a2203,20220218,20220218,134638500,13:46:38,6095,68592,42968,4181050850,0,0,0
a2203,20220218,20220218,134639000,13:46:39,6095,68592,42968,4181050850,0,0,0
a2203,20220218,20220218,134639500,13:46:40,6095,68592,42968,4181050850,0,0,0
a2203,20220218,20220218,134640000,13:46:40,6095,68592,42968,4181050850,0,0,0
a2203,20220218,20220218,134640500,13:46:42,6095,68594,42968,4181172750,2,0,121900
a2203,20220218,20220218,134641000,13:46:42,6095,68594,42968,4181172750,0,0,0
a2203,20220218,20220218,134641500,13:46:43,6095,68594,42968,4181172750,0,0,0
a2203,20220218,20220218,134642500,13:46:43,6094,68611,42976,4182208730,17,8,1035980
a2203,20220218,20220218,134643000,13:46:43,6094,68612,42977,4182269670,1,1,60940
a2203,20220218,20220218,134643500,13:46:43,6094,68616,42975,4182513430,4,-2,243760
a2203,20220218,20220218,134646000,13:46:47,6094,68616,42975,4182513430,0,0,0
a2203,20220218,20220218,134649000,13:46:49,6093,68617,42975,4182574360,1,0,60930
a2203,20220218,20220218,134649500,13:46:50,6093,68619,42975,4182696220,2,0,121860
a2203,20220218,20220218,134650000,13:46:50,6093,68619,42975,4182696220,0,0,0
a2203,20220218,20220218,134651500,13:46:51,6093,68619,42975,4182696220,0,0,0
a2203,20220218,20220218,134652000,13:46:52,6093,68619,42975,4182696220,0,0,0
a2203,20220218,20220218,134652500,13:46:52,6093,68619,42975,4182696220,0,0,0
a2203,20220218,20220218,134655000,13:46:55,6093,68619,42975,4182696220,0,0,0
a2203,20220218,20220218,134655500,13:46:55,6093,68619,42975,4182696220,0,0,0
a2203,20220218,20220218,134658500,13:46:58,6093,68619,42975,4182696220,0,0,0
a2203,20220218,20220218,134659000,13:46:59,6093,68619,42975,4182696220,0,0,0
a2203,20220218,20220218,134659500,13:46:59,6093,68619,42975,4182696220,0,0,0
a2203,20220218,20220218,134703000,13:47:03,6093,68619,42975,4182696220,0,0,0
a2203,20220218,20220218,134703500,13:47:03,6093,68619,42975,4182696220,0,0,0
a2203,20220218,20220218,134708500,13:47:11,6094,68620,42976,4182757160,1,1,60940
a2203,20220218,20220218,134712000,13:47:16,6094,68622,42975,4182879040,2,-1,121880
a2203,20220218,20220218,134715500,13:47:16,6094,68622,42975,4182879040,0,0,0
a2203,20220218,20220218,134718000,13:47:19,6095,68627,42977,4183183750,5,2,304710
a2203,20220218,20220218,134718500,13:47:19,6095,68627,42977,4183183750,0,0,0
a2203,20220218,20220218,134721000,13:47:21,6095,68632,42976,4183488500,5,-1,304750
a2203,20220218,20220218,134721500,13:47:22,6095,68632,42976,4183488500,0,0,0
a2203,20220218,20220218,134722000,13:47:23,6095,68632,42976,4183488500,0,0,0
a2203,20220218,20220218,134723000,13:47:26,6095,68633,42977,4183549450,1,1,60950
a2203,20220218,20220218,134723500,13:47:27,6095,68633,42977,4183549450,0,0,0
a2203,20220218,20220218,134727000,13:47:27,6094,68634,42978,4183610390,1,1,60940
a2203,20220218,20220218,134727500,13:47:27,6095,68635,42978,4183671340,1,0,60950
a2203,20220218,20220218,134728000,13:47:28,6095,68635,42978,4183671340,0,0,0
a2203,20220218,20220218,134729500,13:47:29,6094,68636,42978,4183732280,1,0,60940
a2203,20220218,20220218,134730000,13:47:30,6095,68646,42976,4184341770,10,-2,609490
a2203,20220218,20220218,134730500,13:47:30,6095,68646,42976,4184341770,0,0,0
a2203,20220218,20220218,134732500,13:47:33,6094,68647,42976,4184402710,1,0,60940
a2203,20220218,20220218,134733000,13:47:34,6095,68649,42976,4184524600,2,0,121890
a2203,20220218,20220218,134734500,13:47:36,6095,68650,42976,4184585550,1,0,60950
a2203,20220218,20220218,134735000,13:47:36,6095,68651,42975,4184646500,1,-1,60950
a2203,20220218,20220218,134735500,13:47:36,6095,68651,42975,4184646500,0,0,0
a2203,20220218,20220218,134736000,13:47:36,6095,68651,42975,4184646500,0,0,0
a2203,20220218,20220218,134736500,13:47:36,6093,68652,42975,4184707430,1,0,60930
a2203,20220218,20220218,134737000,13:47:37,6095,68653,42975,4184768380,1,0,60950
a2203,20220218,20220218,134737500,13:47:38,6095,68653,42975,4184768380,0,0,0
a2203,20220218,20220218,134738000,13:47:38,6095,68653,42975,4184768380,0,0,0
a2203,20220218,20220218,134739000,13:47:39,6095,68657,42975,4185012180,4,0,243800
a2203,20220218,20220218,134739500,13:47:40,6095,68659,42976,4185134080,2,1,121900
a2203,20220218,20220218,134740000,13:47:40,6095,68659,42976,4185134080,0,0,0
a2203,20220218,20220218,134744000,13:47:44,6095,68660,42975,4185195030,1,-1,60950
a2203,20220218,20220218,134744500,13:47:45,6095,68660,42975,4185195030,0,0,0
a2203,20220218,20220218,134747500,13:47:47,6095,68660,42975,4185195030,0,0,0
a2203,20220218,20220218,134749000,13:47:50,6096,68661,42976,4185255990,1,1,60960
a2203,20220218,20220218,134749500,13:47:50,6096,68666,42975,4185560790,5,-1,304800
a2203,20220218,20220218,134750500,13:47:50,6096,68666,42975,4185560790,0,0,0
a2203,20220218,20220218,134754000,13:47:54,6096,68666,42975,4185560790,0,0,0
a2203,20220218,20220218,134801500,13:48:01,6096,68667,42974,4185621750,1,-1,60960
a2203,20220218,20220218,134810000,13:48:10,6096,68667,42974,4185621750,0,0,0
a2203,20220218,20220218,134811000,13:48:11,6096,68667,42974,4185621750,0,0,0
a2203,20220218,20220218,134812000,13:48:12,6097,68678,42978,4186292420,11,4,670670
a2203,20220218,20220218,134814500,13:48:14,6097,68678,42978,4186292420,0,0,0
a2203,20220218,20220218,134817000,13:48:17,6097,68678,42978,4186292420,0,0,0
a2203,20220218,20220218,134817500,13:48:18,6097,68678,42978,4186292420,0,0,0
a2203,20220218,20220218,134818000,13:48:19,6098,68688,42985,4186902230,10,7,609810
a2203,20220218,20220218,134818500,13:48:19,6098,68701,42979,4187695060,13,-6,792830
a2203,20220218,20220218,134820500,13:48:22,6098,68701,42979,4187695060,0,0,0
a2203,20220218,20220218,134822000,13:48:23,6098,68701,42979,4187695060,0,0,0
a2203,20220218,20220218,134822500,13:48:23,6098,68701,42979,4187695060,0,0,0
a2203,20220218,20220218,134823000,13:48:23,6098,68708,42980,4188121920,7,1,426860
a2203,20220218,20220218,134823500,13:48:24,6098,68708,42980,4188121920,0,0,0
a2203,20220218,20220218,134825000,13:48:25,6099,68713,42976,4188426870,5,-4,304950
a2203,20220218,20220218,134827500,13:48:28,6099,68714,42976,4188487860,1,0,60990
a2203,20220218,20220218,134832500,13:48:32,6098,68715,42976,4188548840,1,0,60980
a2203,20220218,20220218,134833000,13:48:33,6098,68715,42976,4188548840,0,0,0
a2203,20220218,20220218,134833500,13:48:33,6099,68717,42976,4188670820,2,0,121980
a2203,20220218,20220218,134834000,13:48:34,6099,68717,42976,4188670820,0,0,0
a2203,20220218,20220218,134834500,13:48:36,6099,68717,42976,4188670820,0,0,0
a2203,20220218,20220218,134835000,13:48:36,6099,68719,42976,4188792800,2,0,121980
a2203,20220218,20220218,134836000,13:48:37,6099,68719,42976,4188792800,0,0,0
a2203,20220218,20220218,134836500,13:48:37,6099,68719,42976,4188792800,0,0,0
a2203,20220218,20220218,134837500,13:48:37,6099,68719,42976,4188792800,0,0,0
a2203,20220218,20220218,134838000,13:48:38,6100,68724,42974,4189097780,5,-2,304980
a2203,20220218,20220218,134838500,13:48:38,6100,68724,42974,4189097780,0,0,0
a2203,20220218,20220218,134840500,13:48:40,6100,68725,42974,4189158780,1,0,61000
a2203,20220218,20220218,134841000,13:48:41,6100,68725,42974,4189158780,0,0,0
a2203,20220218,20220218,134841500,13:48:42,6100,68727,42973,4189280770,2,-1,121990
a2203,20220218,20220218,134842000,13:48:42,6100,68727,42973,4189280770,0,0,0
a2203,20220218,20220218,134845500,13:48:45,6100,68728,42972,4189341770,1,-1,61000
a2203,20220218,20220218,134852500,13:48:52,6100,68729,42972,4189402770,1,0,61000
a2203,20220218,20220218,134853000,13:48:54,6100,68729,42972,4189402770,0,0,0
a2203,20220218,20220218,134854000,13:48:55,6100,68729,42972,4189402770,0,0,0
a2203,20220218,20220218,134854500,13:48:56,6100,68729,42972,4189402770,0,0,0
a2203,20220218,20220218,134855500,13:48:56,6100,68730,42972,4189463770,1,0,61000
a2203,20220218,20220218,134856500,13:48:57,6099,68731,42971,4189524760,1,-1,60990
a2203,20220218,20220218,134857000,13:48:57,6099,68731,42971,4189524760,0,0,0
a2203,20220218,20220218,134900500,13:49:00,6099,68731,42971,4189524760,0,0,0
a2203,20220218,20220218,134901500,13:49:02,6099,68731,42971,4189524760,0,0,0
a2203,20220218,20220218,134903000,13:49:03,6099,68731,42971,4189524760,0,0,0
a2203,20220218,20220218,134905500,13:49:05,6099,68733,42969,4189646740,2,-2,121980
a2203,20220218,20220218,134906500,13:49:06,6099,68733,42969,4189646740,0,0,0
a2203,20220218,20220218,134909000,13:49:09,6099,68733,42969,4189646740,0,0,0
a2203,20220218,20220218,134909500,13:49:10,6099,68733,42969,4189646740,0,0,0
a2203,20220218,20220218,134912000,13:49:12,6099,68733,42969,4189646740,0,0,0
a2203,20220218,20220218,134915500,13:49:15,6098,68734,42970,4189707720,1,1,60980
a2203,20220218,20220218,134916000,13:49:16,6098,68735,42971,4189768700,1,1,60980
a2203,20220218,20220218,134916500,13:49:17,6098,68739,42975,4190012620,4,4,243920
a2203,20220218,20220218,134918000,13:49:18,6097,68746,42980,4190439410,7,5,426790
a2203,20220218,20220218,134919000,13:49:19,6097,68748,42978,4190561350,2,-2,121940
a2203,20220218,20220218,134919500,13:49:20,6097,68748,42978,4190561350,0,0,0
a2203,20220218,20220218,134920000,13:49:20,6096,68749,42978,4190622310,1,0,60960
a2203,20220218,20220218,134920500,13:49:20,6096,68749,42978,4190622310,0,0,0
a2203,20220218,20220218,134921500,13:49:21,6096,68752,42981,4190805190,3,3,182880
a2203,20220218,20220218,134922000,13:49:22,6096,68754,42979,4190927110,2,-2,121920
a2203,20220218,20220218,134922500,13:49:23,6096,68754,42979,4190927110,0,0,0
a2203,20220218,20220218,134924500,13:49:25,6096,68754,42979,4190927110,0,0,0
a2203,20220218,20220218,134926000,13:49:26,6096,68754,42979,4190927110,0,0,0
a2203,20220218,20220218,134931000,13:49:31,6096,68754,42979,4190927110,0,0,0
a2203,20220218,20220218,134931500,13:49:31,6096,68754,42979,4190927110,0,0,0
a2203,20220218,20220218,134932000,13:49:32,6096,68754,42979,4190927110,0,0,0
a2203,20220218,20220218,134932500,13:49:32,6096,68754,42979,4190927110,0,0,0
a2203,20220218,20220218,134933000,13:49:33,6096,68754,42979,4190927110,0,0,0
a2203,20220218,20220218,134935000,13:49:35,6096,68754,42979,4190927110,0,0,0
a2203,20220218,20220218,134935500,13:49:36,6096,68754,42979,4190927110,0,0,0
a2203,20220218,20220218,134941500,13:49:42,6096,68754,42979,4190927110,0,0,0
a2203,20220218,20220218,134942000,13:49:42,6096,68754,42979,4190927110,0,0,0
a2203,20220218,20220218,134944000,13:49:44,6095,68755,42979,4190988060,1,0,60950
a2203,20220218,20220218,134953500,13:49:54,6095,68755,42979,4190988060,0,0,0
a2203,20220218,20220218,134954000,13:49:55,6096,68756,42980,4191049020,1,1,60960
a2203,20220218,20220218,134954500,13:49:55,6096,68756,42980,4191049020,0,0,0
a2203,20220218,20220218,134955000,13:49:55,6096,68756,42980,4191049020,0,0,0
a2203,20220218,20220218,134955500,13:49:56,6095,68758,42982,4191170920,2,2,121900
a2203,20220218,20220218,134956000,13:49:56,6095,68758,42982,4191170920,0,0,0
a2203,20220218,20220218,134956500,13:49:57,6095,68758,42982,4191170920,0,0,0
a2203,20220218,20220218,134957000,13:49:57,6095,68758,42982,4191170920,0,0,0
a2203,20220218,20220218,135001500,13:50:02,6095,68758,42982,4191170920,0,0,0
a2203,20220218,20220218,135002000,13:50:02,6095,68758,42982,4191170920,0,0,0
a2203,20220218,20220218,135003000,13:50:03,6095,68758,42982,4191170920,0,0,0
a2203,20220218,20220218,135003500,13:50:03,6096,68762,42979,4191414760,4,-3,243840
a2203,20220218,20220218,135004000,13:50:04,6096,68762,42979,4191414760,0,0,0
a2203,20220218,20220218,135004500,13:50:04,6096,68763,42979,4191475720,1,0,60960
a2203,20220218,20220218,135008000,13:50:09,6096,68765,42977,4191597640,2,-2,121920
a2203,20220218,20220218,135008500,13:50:25,6096,68766,42976,4191658600,1,-1,60960
a2203,20220218,20220218,135019500,13:50:27,6096,68766,42976,4191658600,0,0,0
a2203,20220218,20220218,135026000,13:50:27,6096,68766,42976,4191658600,0,0,0
a2203,20220218,20220218,135026500,13:50:29,6096,68767,42977,4191719560,1,1,60960
a2203,20220218,20220218,135027000,13:50:33,6096,68767,42977,4191719560,0,0,0
a2203,20220218,20220218,135029500,13:50:35,6096,68767,42977,4191719560,0,0,0
a2203,20220218,20220218,135030000,13:50:37,6096,68767,42977,4191719560,0,0,0
a2203,20220218,20220218,135034500,13:50:37,6096,68767,42977,4191719560,0,0,0
a2203,20220218,20220218,135037500,13:50:38,6096,68767,42977,4191719560,0,0,0
a2203,20220218,20220218,135038000,13:50:38,6094,68814,42992,4194583510,47,15,2863950
a2203,20220218,20220218,135038500,13:50:39,6094,68814,42992,4194583510,0,0,0
a2203,20220218,20220218,135040000,13:50:40,6094,68814,42992,4194583510,0,0,0
a2203,20220218,20220218,135040500,13:50:41,6094,68824,43002,4195192910,10,10,609400
a2203,20220218,20220218,135041000,13:50:41,6094,68824,43002,4195192910,0,0,0
a2203,20220218,20220218,135042500,13:50:43,6094,68824,43002,4195192910,0,0,0
a2203,20220218,20220218,135045000,13:50:45,6094,68825,43001,4195253850,1,-1,60940
a2203,20220218,20220218,135045500,13:50:46,6094,68825,43001,4195253850,0,0,0
a2203,20220218,20220218,135046000,13:50:46,6094,68825,43001,4195253850,0,0,0
a2203,20220218,20220218,135049500,13:50:50,6094,68825,43001,4195253850,0,0,0
a2203,20220218,20220218,135050000,13:50:50,6093,68829,43002,4195497570,4,1,243720
a2203,20220218,20220218,135050500,13:50:50,6092,68831,43000,4195619410,2,-2,121840
a2203,20220218,20220218,135051000,13:50:51,6092,68838,43000,4196045850,7,0,426440
a2203,20220218,20220218,135053000,13:50:53,6092,68840,42998,4196167690,2,-2,121840
a2203,20220218,20220218,135054000,13:50:54,6092,68850,42988,4196776890,10,-10,609200
a2203,20220218,20220218,135054500,13:50:54,6092,68850,42988,4196776890,0,0,0
a2203,20220218,20220218,135055000,13:50:55,6092,68850,42988,4196776890,0,0,0
a2203,20220218,20220218,135055500,13:50:55,6093,68851,42989,4196837820,1,1,60930
a2203,20220218,20220218,135056000,13:50:56,6092,68853,42987,4196959660,2,-2,121840
a2203,20220218,20220218,135056500,13:50:57,6092,68853,42987,4196959660,0,0,0
a2203,20220218,20220218,135058000,13:50:58,6092,68853,42987,4196959660,0,0,0
a2203,20220218,20220218,135058500,13:50:59,6091,68854,42988,4197020570,1,1,60910
a2203,20220218,20220218,135102500,13:51:02,6091,68854,42988,4197020570,0,0,0
a2203,20220218,20220218,135104000,13:51:04,6091,68854,42988,4197020570,0,0,0
a2203,20220218,20220218,135104500,13:51:04,6092,68855,42988,4197081490,1,0,60920
