b2203,20220218,20220218,112002500,11:20:09,5045,41375,27561,2094581070,41375,1790,2094581070
b2203,20220218,20220218,112004500,11:20:09,5045,41375,27561,2094581070,0,0,0
b2203,20220218,20220218,112005000,11:20:10,5045,41375,27561,2094581070,0,0,0
b2203,20220218,20220218,112005500,11:20:10,5045,41375,27561,2094581070,0,0,0
b2203,20220218,20220218,112007500,11:20:10,5045,41375,27561,2094581070,0,0,0
b2203,20220218,20220218,112011500,11:20:12,5045,41375,27561,2094581070,0,0,0
b2203,20220218,20220218,112012500,11:20:12,5045,41375,27561,2094581070,0,0,0
b2203,20220218,20220218,112015500,11:20:16,5045,41376,27562,2094631520,1,1,50450
b2203,20220218,20220218,112022000,11:20:22,5045,41376,27562,2094631520,0,0,0
b2203,20220218,20220218,112025000,11:20:25,5045,41376,27562,2094631520,0,0,0
b2203,20220218,20220218,112028000,11:20:28,5044,41383,27566,2094984600,7,4,353080
b2203,20220218,20220218,112033000,11:20:33,5044,41383,27566,2094984600,0,0,0
b2203,20220218,20220218,112041500,11:20:41,5043,41385,27566,2095085460,2,0,100860
b2203,20220218,20220218,112042500,11:20:42,5043,41385,27566,2095085460,0,0,0
b2203,20220218,20220218,112046000,11:20:46,5044,41386,27567,2095135900,1,1,50440
b2203,20220218,20220218,112048500,11:20:50,5044,41389,27567,2095287220,3,0,151320
b2203,20220218,20220218,112049000,11:20:50,5044,41390,27566,2095337660,1,-1,50440
b2203,20220218,20220218,112051500,11:20:51,5045,41391,27567,2095388110,1,1,50450
b2203,20220218,20220218,112055000,11:20:55,5045,41391,27567,2095388110,0,0,0
b2203,20220218,20220218,112058000,11:20:58,5044,41399,27571,2095791630,8,4,403520
b2203,20220218,20220218,112101500,11:21:02,5044,41399,27571,2095791630,0,0,0
b2203,20220218,20220218,112102500,11:21:03,5044,41399,27571,2095791630,0,0,0
b2203,20220218,20220218,112105000,11:21:05,5044,41400,27572,2095842070,1,1,50440
b2203,20220218,20220218,112105500,11:21:06,5045,41401,27572,2095892520,1,0,50450
b2203,20220218,20220218,112106000,11:21:07,5045,41402,27572,2095942970,1,0,50450
b2203,20220218,20220218,112112500,11:21:12,5045,41403,27573,2095993420,1,1,50450
b2203,20220218,20220218,112113000,11:21:13,5045,41423,27580,2097002420,20,7,1009000
b2203,20220218,20220218,112113500,11:21:13,5045,41423,27580,2097002420,0,0,0
b2203,20220218,20220218,112119500,11:21:19,5046,41426,27578,2097153800,3,-2,151380
b2203,20220218,20220218,112120000,11:21:20,5047,41432,27581,2097456620,6,3,302820
b2203,20220218,20220218,112120500,11:21:21,5047,41432,27581,2097456620,0,0,0
b2203,20220218,20220218,112125000,11:21:29,5047,41432,27581,2097456620,0,0,0
b2203,20220218,20220218,112331000,11:23:33,5052,41580,27589,2104929900,148,8,7473280
b2203,20220218,20220218,112333000,11:23:33,5052,41582,27590,2105030940,2,1,101040
b2203,20220218,20220218,112335500,11:23:35,5053,41583,27590,2105081470,1,0,50530
b2203,20220218,20220218,112337500,11:23:38,5053,41584,27590,2105132000,1,0,50530
b2203,20220218,20220218,112338000,11:23:38,5053,41589,27593,2105384650,5,3,252650
b2203,20220218,20220218,112340000,11:23:40,5053,41590,27594,2105435180,1,1,50530
b2203,20220218,20220218,112340500,11:23:40,5053,41590,27594,2105435180,0,0,0
b2203,20220218,20220218,112341000,11:23:41,5054,41591,27594,2105485720,1,0,50540
b2203,20220218,20220218,112341500,11:23:41,5054,41596,27595,2105738420,5,1,252700
b2203,20220218,20220218,112342500,11:23:42,5054,41596,27595,2105738420,0,0,0
b2203,20220218,20220218,112343000,11:23:43,5053,41599,27595,2105890010,3,0,151590
b2203,20220218,20220218,112343500,11:23:43,5054,41600,27595,2105940550,1,0,50540
b2203,20220218,20220218,112345000,11:23:48,5054,41600,27595,2105940550,0,0,0
b2203,20220218,20220218,112345500,11:23:48,5054,41600,27595,2105940550,0,0,0
b2203,20220218,20220218,112346000,11:23:48,5054,41601,27594,2105991090,1,-1,50540
b2203,20220218,20220218,112347500,11:23:48,5054,41601,27594,2105991090,0,0,0
b2203,20220218,20220218,112349000,11:23:49,5054,41601,27594,2105991090,0,0,0
b2203,20220218,20220218,112349500,11:23:50,5055,41610,27592,2106445960,9,-2,454870
b2203,20220218,20220218,112350000,11:23:50,5055,41611,27591,2106496510,1,-1,50550
b2203,20220218,20220218,112350500,11:23:50,5055,41613,27591,2106597610,2,0,101100
b2203,20220218,20220218,112351000,11:23:51,5055,41613,27591,2106597610,0,0,0
b2203,20220218,20220218,112352500,11:23:52,5054,41615,27591,2106698690,2,0,101080
b2203,20220218,20220218,112353000,11:23:53,5054,41621,27588,2107001930,6,-3,303240
b2203,20220218,20220218,112354500,11:23:55,5054,41623,27587,2107103010,2,-1,101080
b2203,20220218,20220218,112355000,11:23:55,5054,41623,27587,2107103010,0,0,0
b2203,20220218,20220218,112355500,11:23:55,5054,41623,27587,2107103010,0,0,0
b2203,20220218,20220218,112356000,11:23:56,5054,41624,27587,2107153550,1,0,50540
b2203,20220218,20220218,112357000,11:23:57,5053,41625,27587,2107204080,1,0,50530
b2203,20220218,20220218,112401000,11:24:01,5053,41626,27588,2107254610,1,1,50530
b2203,20220218,20220218,112401500,11:24:01,5053,41630,27585,2107456730,4,-3,202120
b2203,20220218,20220218,112402000,11:24:02,5054,41637,27587,2107810510,7,2,353780
b2203,20220218,20220218,112402500,11:24:02,5054,41654,27601,2108669690,17,14,859180
b2203,20220218,20220218,112403500,11:24:03,5054,41654,27601,2108669690,0,0,0
b2203,20220218,20220218,112404000,11:24:04,5053,41658,27602,2108871780,4,1,202090
b2203,20220218,20220218,112404500,11:24:04,5053,41658,27602,2108871780,0,0,0
b2203,20220218,20220218,112406000,11:24:06,5053,41658,27602,2108871780,0,0,0
b2203,20220218,20220218,112408000,11:24:08,5053,41664,27607,2109174960,6,5,303180
b2203,20220218,20220218,112409500,11:24:11,5053,41664,27607,2109174960,0,0,0
b2203,20220218,20220218,112410000,11:24:12,5053,41666,27607,2109276020,2,0,101060
b2203,20220218,20220218,112410500,11:24:12,5053,41666,27607,2109276020,0,0,0
b2203,20220218,20220218,112412500,11:24:12,5053,41669,27610,2109427610,3,3,151590
b2203,20220218,20220218,112413000,11:24:13,5053,41669,27610,2109427610,0,0,0
b2203,20220218,20220218,112415500,11:24:15,5054,41670,27609,2109478150,1,-1,50540
b2203,20220218,20220218,112416000,11:24:16,5054,41673,27607,2109629770,3,-2,151620
b2203,20220218,20220218,112416500,11:24:16,5054,41676,27609,2109781390,3,2,151620
b2203,20220218,20220218,112417000,11:24:17,5055,41683,27608,2110135240,7,-1,353850
b2203,20220218,20220218,112417500,11:24:18,5056,41684,27609,2110185800,1,1,50560
b2203,20220218,20220218,112418000,11:24:18,5056,41684,27609,2110185800,0,0,0
b2203,20220218,20220218,112418500,11:24:18,5055,41686,27610,2110286900,2,1,101100
b2203,20220218,20220218,112419500,11:24:19,5056,41690,27610,2110489120,4,0,202220
b2203,20220218,20220218,112421000,11:24:21,5056,41691,27610,2110539680,1,0,50560
b2203,20220218,20220218,112423500,11:24:23,5055,41692,27610,2110590230,1,0,50550
b2203,20220218,20220218,112425000,11:24:25,5055,41693,27611,2110640780,1,1,50550
b2203,20220218,20220218,112425500,11:24:25,5055,41693,27611,2110640780,0,0,0
b2203,20220218,20220218,112426000,11:24:26,5055,41694,27611,2110691330,1,0,50550
b2203,20220218,20220218,112426500,11:24:26,5055,41694,27611,2110691330,0,0,0
b2203,20220218,20220218,112428000,11:24:28,5055,41695,27611,2110741880,1,0,50550
b2203,20220218,20220218,112432000,11:24:32,5055,41695,27611,2110741880,0,0,0
b2203,20220218,20220218,112432500,11:24:32,5055,41695,27611,2110741880,0,0,0
b2203,20220218,20220218,112433000,11:24:33,5055,41695,27611,2110741880,0,0,0
b2203,20220218,20220218,112433500,11:24:33,5055,41696,27611,2110792430,1,0,50550
b2203,20220218,20220218,112435000,11:24:35,5056,41697,27612,2110842990,1,1,50560
b2203,20220218,20220218,112435500,11:24:35,5056,41697,27612,2110842990,0,0,0
b2203,20220218,20220218,112436500,11:24:36,5056,41698,27611,2110893550,1,-1,50560
b2203,20220218,20220218,112437500,11:24:37,5056,41712,27610,2111601390,14,-1,707840
b2203,20220218,20220218,112438500,11:24:39,5056,41714,27610,2111702510,2,0,101120
b2203,20220218,20220218,112439000,11:24:40,5056,41717,27608,2111854190,3,-2,151680
b2203,20220218,20220218,112439500,11:24:40,5056,41717,27608,2111854190,0,0,0
b2203,20220218,20220218,112440000,11:24:40,5056,41718,27607,2111904750,1,-1,50560
b2203,20220218,20220218,112440500,11:24:40,5056,41718,27607,2111904750,0,0,0
b2203,20220218,20220218,112441000,11:24:41,5056,41718,27607,2111904750,0,0,0
b2203,20220218,20220218,112441500,11:24:41,5056,41718,27607,2111904750,0,0,0
b2203,20220218,20220218,112444000,11:24:44,5057,41719,27606,2111955320,1,-1,50570
b2203,20220218,20220218,112444500,11:24:44,5057,41721,27607,2112056460,2,1,101140
b2203,20220218,20220218,112446000,11:24:46,5057,41724,27609,2112208160,3,2,151700
b2203,20220218,20220218,112448500,11:24:48,5058,41726,27610,2112309310,2,1,101150
b2203,20220218,20220218,112449000,11:24:49,5057,41727,27610,2112359880,1,0,50570
b2203,20220218,20220218,112449500,11:24:49,5059,41736,27609,2112815090,9,-1,455210
b2203,20220218,20220218,112450000,11:24:50,5058,41739,27610,2112966830,3,1,151740
b2203,20220218,20220218,112450500,11:24:50,5058,41741,27609,2113067980,2,-1,101150
b2203,20220218,20220218,112452500,11:24:52,5058,41749,27605,2113472620,8,-4,404640
b2203,20220218,20220218,112453000,11:24:53,5058,41749,27605,2113472620,0,0,0
b2203,20220218,20220218,112453500,11:24:53,5058,41749,27605,2113472620,0,0,0
b2203,20220218,20220218,112454500,11:24:54,5058,41749,27605,2113472620,0,0,0
b2203,20220218,20220218,112455000,11:24:55,5058,41750,27605,2113523200,1,0,50580
b2203,20220218,20220218,112455500,11:24:56,5058,41750,27605,2113523200,0,0,0
b2203,20220218,20220218,112456000,11:24:56,5058,41751,27605,2113573780,1,0,50580
b2203,20220218,20220218,112456500,11:24:56,5058,41751,27605,2113573780,0,0,0
b2203,20220218,20220218,112458000,11:24:58,5058,41754,27604,2113725530,3,-1,151750
b2203,20220218,20220218,112459000,11:24:59,5058,41754,27604,2113725530,0,0,0
b2203,20220218,20220218,112459500,11:24:59,5058,41754,27604,2113725530,0,0,0
b2203,20220218,20220218,112500000,11:25:00,5059,41759,27606,2113978480,5,2,252950
b2203,20220218,20220218,112500500,11:25:01,5059,41759,27606,2113978480,0,0,0
b2203,20220218,20220218,112501000,11:25:01,5060,41774,27611,2114737480,15,5,759000
b2203,20220218,20220218,112501500,11:25:02,5060,41782,27617,2115142280,8,6,404800
b2203,20220218,20220218,112502000,11:25:05,5059,41790,27617,2115547060,8,0,404780
b2203,20220218,20220218,112502500,11:25:06,5061,41793,27619,2115698860,3,2,151800
b2203,20220218,20220218,112503000,11:25:06,5059,41801,27620,2116103630,8,1,404770
b2203,20220218,20220218,112504000,11:25:06,5059,41802,27619,2116154220,1,-1,50590
b2203,20220218,20220218,112505500,11:25:06,5058,41804,27619,2116255380,2,0,101160
b2203,20220218,20220218,112506000,11:25:06,5059,41809,27614,2116508310,5,-5,252930
b2203,20220218,20220218,112506500,11:25:07,5059,41809,27614,2116508310,0,0,0
b2203,20220218,20220218,112507000,11:25:07,5059,41809,27614,2116508310,0,0,0
b2203,20220218,20220218,112508000,11:25:08,5057,41819,27611,2117014010,10,-3,505700
b2203,20220218,20220218,112508500,11:25:08,5057,41819,27611,2117014010,0,0,0
b2203,20220218,20220218,112509000,11:25:09,5058,41820,27612,2117064590,1,1,50580
b2203,20220218,20220218,112510000,11:25:10,5058,41820,27612,2117064590,0,0,0
b2203,20220218,20220218,112511000,11:25:11,5057,41828,27608,2117469150,8,-4,404560
b2203,20220218,20220218,112512000,11:25:12,5057,41828,27608,2117469150,0,0,0
b2203,20220218,20220218,112513000,11:25:13,5055,41830,27608,2117570260,2,0,101110
b2203,20220218,20220218,112513500,11:25:15,5055,41831,27608,2117620810,1,0,50550
b2203,20220218,20220218,112514000,11:25:15,5054,41832,27608,2117671350,1,0,50540
b2203,20220218,20220218,112514500,11:25:15,5054,41832,27608,2117671350,0,0,0
b2203,20220218,20220218,112515000,11:25:16,5056,41833,27609,2117721910,1,1,50560
b2203,20220218,20220218,112516000,11:25:16,5056,41833,27609,2117721910,0,0,0
b2203,20220218,20220218,112516500,11:25:16,5056,41835,27610,2117823030,2,1,101120
b2203,20220218,20220218,112517000,11:25:17,5056,41835,27610,2117823030,0,0,0
b2203,20220218,20220218,112517500,11:25:18,5055,41836,27610,2117873580,1,0,50550
b2203,20220218,20220218,112518000,11:25:18,5055,41836,27610,2117873580,0,0,0
b2203,20220218,20220218,112520000,11:25:20,5055,41837,27610,2117924130,1,0,50550
b2203,20220218,20220218,112520500,11:25:21,5055,41839,27610,2118025230,2,0,101100
b2203,20220218,20220218,112521000,11:25:21,5055,41839,27610,2118025230,0,0,0
b2203,20220218,20220218,112522000,11:25:22,5057,41840,27611,2118075800,1,1,50570
b2203,20220218,20220218,112522500,11:25:22,5057,41840,27611,2118075800,0,0,0
b2203,20220218,20220218,112523500,11:25:24,5057,41840,27611,2118075800,0,0,0
b2203,20220218,20220218,112524500,11:25:25,5057,41844,27612,2118278080,4,1,202280
b2203,20220218,20220218,112525000,11:25:25,5057,41844,27612,2118278080,0,0,0
b2203,20220218,20220218,112525500,11:25:25,5057,41844,27612,2118278080,0,0,0
b2203,20220218,20220218,112527500,11:25:28,5057,41845,27613,2118328650,1,1,50570
b2203,20220218,20220218,112528000,11:25:28,5057,41846,27614,2118379220,1,1,50570
b2203,20220218,20220218,112529500,11:25:30,5057,41848,27614,2118480360,2,0,101140
b2203,20220218,20220218,112530000,11:25:30,5057,41848,27614,2118480360,0,0,0
b2203,20220218,20220218,112531000,11:25:31,5057,41848,27614,2118480360,0,0,0
b2203,20220218,20220218,112532500,11:25:32,5057,41849,27613,2118530930,1,-1,50570
b2203,20220218,20220218,112533000,11:25:33,5055,41853,27616,2118733130,4,3,202200
b2203,20220218,20220218,112533500,11:25:33,5055,41854,27617,2118783680,1,1,50550
b2203,20220218,20220218,112534500,11:25:34,5057,41855,27618,2118834250,1,1,50570
b2203,20220218,20220218,112535000,11:25:36,5055,41856,27618,2118884800,1,0,50550
b2203,20220218,20220218,112536500,11:25:37,5057,41858,27617,2118985920,2,-1,101120
b2203,20220218,20220218,112537500,11:25:38,5057,41858,27617,2118985920,0,0,0
b2203,20220218,20220218,112538000,11:25:38,5057,41858,27617,2118985920,0,0,0
b2203,20220218,20220218,112538500,11:25:39,5056,41860,27615,2119087040,2,-2,101120
b2203,20220218,20220218,112539000,11:25:39,5056,41860,27615,2119087040,0,0,0
b2203,20220218,20220218,112541500,11:25:41,5056,41861,27615,2119137600,1,0,50560
b2203,20220218,20220218,112542000,11:25:42,5056,41862,27616,2119188160,1,1,50560
b2203,20220218,20220218,112545500,11:25:46,5058,41902,27603,2121211290,40,-13,2023130
b2203,20220218,20220218,112546000,11:25:47,5058,41902,27603,2121211290,0,0,0
b2203,20220218,20220218,112546500,11:25:47,5058,41902,27603,2121211290,0,0,0
b2203,20220218,20220218,112547000,11:25:48,5058,41902,27603,2121211290,0,0,0
b2203,20220218,20220218,112547500,11:25:48,5058,41902,27603,2121211290,0,0,0
b2203,20220218,20220218,112549000,11:25:49,5057,41903,27602,2121261860,1,-1,50570
b2203,20220218,20220218,112549500,11:25:49,5057,41904,27603,2121312430,1,1,50570
b2203,20220218,20220218,112551500,11:25:51,5057,41904,27603,2121312430,0,0,0
b2203,20220218,20220218,112552000,11:25:52,5058,41945,27577,2123386210,41,-26,2073780
b2203,20220218,20220218,112556000,11:25:57,5057,41959,27573,2124094290,14,-4,708080
b2203,20220218,20220218,112557500,11:25:57,5057,41959,27573,2124094290,0,0,0
b2203,20220218,20220218,112558000,11:25:59,5057,41960,27572,2124144870,1,-1,50580
b2203,20220218,20220218,112600500,11:26:00,5056,41961,27573,2124195430,1,1,50560
b2203,20220218,20220218,112601000,11:26:01,5056,41961,27573,2124195430,0,0,0
b2203,20220218,20220218,112601500,11:26:01,5056,41963,27574,2124296570,2,1,101140
b2203,20220218,20220218,112603000,11:26:03,5058,41964,27574,2124347150,1,0,50580
b2203,20220218,20220218,112604500,11:26:05,5058,41964,27574,2124347150,0,0,0
b2203,20220218,20220218,112606000,11:26:06,5057,41970,27573,2124650540,6,-1,303390
b2203,20220218,20220218,112606500,11:26:06,5057,41970,27573,2124650540,0,0,0
b2203,20220218,20220218,112607000,11:26:09,5056,41973,27574,2124802240,3,1,151700
b2203,20220218,20220218,112607500,11:26:09,5056,41973,27574,2124802240,0,0,0
b2203,20220218,20220218,112608000,11:26:09,5056,41973,27574,2124802240,0,0,0
b2203,20220218,20220218,112609500,11:26:10,5056,41974,27574,2124852800,1,0,50560
b2203,20220218,20220218,112612000,11:26:14,5058,41975,27575,2124903380,1,1,50580
b2203,20220218,20220218,112613500,11:26:15,5057,41976,27575,2124953950,1,0,50570
b2203,20220218,20220218,112617500,11:26:17,5057,41976,27575,2124953950,0,0,0
b2203,20220218,20220218,112620500,11:26:20,5057,41977,27575,2125004520,1,0,50570
b2203,20220218,20220218,112621500,11:26:21,5057,41979,27573,2125105660,2,-2,101140
b2203,20220218,20220218,112622500,11:26:22,5057,41981,27573,2125206800,2,0,101140
b2203,20220218,20220218,112626500,11:26:26,5057,41981,27573,2125206800,0,0,0
b2203,20220218,20220218,112627000,11:26:27,5057,41982,27574,2125257370,1,1,50570
b2203,20220218,20220218,112628000,11:26:28,5057,41983,27575,2125307940,1,1,50570
b2203,20220218,20220218,112629500,11:26:30,5057,41983,27575,2125307940,0,0,0
b2203,20220218,20220218,112630000,11:26:31,5056,41985,27573,2125409070,2,-2,101130
b2203,20220218,20220218,112630500,11:26:31,5056,41985,27573,2125409070,0,0,0
b2203,20220218,20220218,112637000,11:26:38,5056,41986,27573,2125459630,1,0,50560
b2203,20220218,20220218,112653000,11:27:10,5056,41986,27573,2125459630,0,0,0
b2203,20220218,20220218,112654000,11:27:12,5055,41996,27576,2125965310,10,3,505680
b2203,20220218,20220218,112709500,11:27:12,5055,41996,27576,2125965310,0,0,0
b2203,20220218,20220218,112712500,11:27:13,5055,41996,27576,2125965310,0,0,0
b2203,20220218,20220218,112714000,11:27:14,5054,42017,27583,2127027070,21,7,1061760
b2203,20220218,20220218,112714500,11:27:15,5057,42020,27581,2127178770,3,-2,151700
b2203,20220218,20220218,112715000,11:27:15,5057,42020,27581,2127178770,0,0,0
b2203,20220218,20220218,112715500,11:27:16,5054,42027,27580,2127532660,7,-1,353890
b2203,20220218,20220218,112717500,11:27:17,5056,42028,27580,2127583220,1,0,50560
b2203,20220218,20220218,112718000,11:27:18,5056,42028,27580,2127583220,0,0,0
b2203,20220218,20220218,112720000,11:27:20,5056,42028,27580,2127583220,0,0,0
b2203,20220218,20220218,112723000,11:27:26,5056,42028,27580,2127583220,0,0,0
b2203,20220218,20220218,112723500,11:27:27,5057,42029,27580,2127633790,1,0,50570
b2203,20220218,20220218,112726500,11:27:27,5057,42029,27580,2127633790,0,0,0
b2203,20220218,20220218,112727000,11:27:27,5057,42029,27580,2127633790,0,0,0
b2203,20220218,20220218,112728000,11:27:28,5057,42033,27579,2127836070,4,-1,202280
b2203,20220218,20220218,112728500,11:27:28,5057,42033,27579,2127836070,0,0,0
b2203,20220218,20220218,112729500,11:27:29,5056,42034,27579,2127886630,1,0,50560
b2203,20220218,20220218,112730000,11:27:30,5055,42036,27581,2127987730,2,2,101100
b2203,20220218,20220218,112731000,11:27:32,5055,42036,27581,2127987730,0,0,0
b2203,20220218,20220218,112738500,11:27:39,5055,42036,27581,2127987730,0,0,0
b2203,20220218,20220218,112741500,11:27:41,5055,42036,27581,2127987730,0,0,0
b2203,20220218,20220218,112742000,11:27:42,5055,42036,27581,2127987730,0,0,0
b2203,20220218,20220218,112742500,11:27:43,5055,42036,27581,2127987730,0,0,0
b2203,20220218,20220218,112754000,11:27:54,5057,42039,27581,2128139450,3,0,151720
b2203,20220218,20220218,112758000,11:27:58,5057,42039,27581,2128139450,0,0,0
b2203,20220218,20220218,112758500,11:27:59,5057,42039,27581,2128139450,0,0,0
b2203,20220218,20220218,112759000,11:27:59,5059,42040,27582,2128190040,1,1,50590
b2203,20220218,20220218,112800500,11:28:01,5059,42040,27582,2128190040,0,0,0
b2203,20220218,20220218,112801000,11:28:01,5059,42040,27582,2128190040,0,0,0
b2203,20220218,20220218,112802500,11:28:03,5058,42042,27581,2128291200,2,-1,101160
b2203,20220218,20220218,112804500,11:28:05,5057,42043,27580,2128341770,1,-1,50570
b2203,20220218,20220218,112805000,11:28:06,5058,42045,27580,2128442930,2,0,101160
b2203,20220218,20220218,112805500,11:28:06,5058,42046,27579,2128493510,1,-1,50580
b2203,20220218,20220218,112807500,11:28:10,5056,42047,27579,2128544070,1,0,50560
b2203,20220218,20220218,112812000,11:28:12,5056,42048,27580,2128594630,1,1,50560
b2203,20220218,20220218,112813500,11:28:13,5056,42048,27580,2128594630,0,0,0
b2203,20220218,20220218,112814000,11:28:14,5056,42050,27581,2128695750,2,1,101120
b2203,20220218,20220218,112815000,11:28:15,5056,42050,27581,2128695750,0,0,0
b2203,20220218,20220218,112815500,11:28:15,5056,42051,27580,2128746310,1,-1,50560
b2203,20220218,20220218,112817500,11:28:17,5056,42051,27580,2128746310,0,0,0
b2203,20220218,20220218,112819000,11:28:19,5056,42054,27579,2128897990,3,-1,151680
b2203,20220218,20220218,112820000,11:28:20,5056,42054,27579,2128897990,0,0,0
b2203,20220218,20220218,112822500,11:28:22,5055,42055,27580,2128948540,1,1,50550
b2203,20220218,20220218,112824500,11:28:24,5055,42055,27580,2128948540,0,0,0
b2203,20220218,20220218,112826500,11:28:26,5057,42056,27579,2128999110,1,-1,50570
b2203,20220218,20220218,112828500,11:28:28,5055,42057,27580,2129049660,1,1,50550
b2203,20220218,20220218,112830000,11:28:30,5055,42057,27580,2129049660,0,0,0
b2203,20220218,20220218,112833000,11:28:33,5055,42057,27580,2129049660,0,0,0
b2203,20220218,20220218,112833500,11:28:33,5055,42057,27580,2129049660,0,0,0
b2203,20220218,20220218,112834500,11:28:34,5055,42057,27580,2129049660,0,0,0
b2203,20220218,20220218,112835000,11:28:35,5056,42058,27580,2129100220,1,0,50560
b2203,20220218,20220218,112838500,11:28:38,5056,42058,27580,2129100220,0,0,0
b2203,20220218,20220218,112844500,11:28:44,5057,42070,27581,2129707010,12,1,606790
b2203,20220218,20220218,112848000,11:28:48,5057,42071,27582,2129757580,1,1,50570
b2203,20220218,20220218,112848500,11:28:48,5057,42071,27582,2129757580,0,0,0
b2203,20220218,20220218,112849000,11:28:49,5057,42073,27582,2129858720,2,0,101140
b2203,20220218,20220218,112849500,11:28:50,5058,42079,27577,2130162200,6,-5,303480
b2203,20220218,20220218,112850000,11:28:50,5059,42082,27577,2130313970,3,0,151770
b2203,20220218,20220218,112853500,11:28:54,5059,42082,27577,2130313970,0,0,0
b2203,20220218,20220218,112854000,11:28:54,5059,42082,27577,2130313970,0,0,0
b2203,20220218,20220218,112854500,11:28:54,5059,42083,27577,2130364560,1,0,50590
b2203,20220218,20220218,112855000,11:28:55,5059,42083,27577,2130364560,0,0,0
b2203,20220218,20220218,112855500,11:28:55,5059,42083,27577,2130364560,0,0,0
b2203,20220218,20220218,112856000,11:28:56,5058,42085,27578,2130465720,2,1,101160
b2203,20220218,20220218,112856500,11:28:56,5058,42085,27578,2130465720,0,0,0
b2203,20220218,20220218,112858500,11:28:59,5058,42087,27576,2130566880,2,-2,101160
b2203,20220218,20220218,112859000,11:28:59,5058,42087,27576,2130566880,0,0,0
b2203,20220218,20220218,112901000,11:29:01,5057,42088,27577,2130617450,1,1,50570
b2203,20220218,20220218,112901500,11:29:01,5057,42088,27577,2130617450,0,0,0
b2203,20220218,20220218,112902500,11:29:03,5057,42088,27577,2130617450,0,0,0
b2203,20220218,20220218,112903000,11:29:03,5057,42088,27577,2130617450,0,0,0
b2203,20220218,20220218,112903500,11:29:03,5057,42088,27577,2130617450,0,0,0
b2203,20220218,20220218,112905000,11:29:05,5057,42088,27577,2130617450,0,0,0
b2203,20220218,20220218,112905500,11:29:05,5057,42088,27577,2130617450,0,0,0
b2203,20220218,20220218,112907000,11:29:07,5057,42088,27577,2130617450,0,0,0
b2203,20220218,20220218,112907500,11:29:08,5057,42088,27577,2130617450,0,0,0
b2203,20220218,20220218,112908500,11:29:08,5057,42089,27577,2130668020,1,0,50570
b2203,20220218,20220218,112909000,11:29:09,5057,42089,27577,2130668020,0,0,0
b2203,20220218,20220218,112910000,11:29:10,5057,42089,27577,2130668020,0,0,0
b2203,20220218,20220218,112910500,11:29:10,5058,42090,27577,2130718600,1,0,50580
b2203,20220218,20220218,112912000,11:29:12,5058,42090,27577,2130718600,0,0,0
b2203,20220218,20220218,112913000,11:29:13,5059,42091,27577,2130769190,1,0,50590
b2203,20220218,20220218,112913500,11:29:13,5059,42091,27577,2130769190,0,0,0
b2203,20220218,20220218,112914500,11:29:14,5057,42092,27578,2130819760,1,1,50570
b2203,20220218,20220218,112915500,11:29:16,5058,42093,27578,2130870340,1,0,50580
b2203,20220218,20220218,112916500,11:29:16,5058,42093,27578,2130870340,0,0,0
b2203,20220218,20220218,112917000,11:29:20,5058,42093,27578,2130870340,0,0,0
b2203,20220218,20220218,112917500,11:29:20,5058,42097,27577,2131072660,4,-1,202320
b2203,20220218,20220218,112918000,11:29:21,5058,42099,27575,2131173820,2,-2,101160
b2203,20220218,20220218,112921000,11:29:22,5057,42100,27575,2131224390,1,0,50570
b2203,20220218,20220218,112921500,11:29:23,5057,42100,27575,2131224390,0,0,0
b2203,20220218,20220218,112922000,11:29:24,5058,42101,27574,2131274970,1,-1,50580
b2203,20220218,20220218,112923000,11:29:24,5058,42103,27572,2131376130,2,-2,101160
b2203,20220218,20220218,112923500,11:29:24,5057,42105,27572,2131477280,2,0,101150
b2203,20220218,20220218,112924000,11:29:24,5058,42106,27572,2131527860,1,0,50580
b2203,20220218,20220218,112924500,11:29:24,5058,42106,27572,2131527860,0,0,0
b2203,20220218,20220218,112925500,11:29:25,5058,42106,27572,2131527860,0,0,0
b2203,20220218,20220218,112926000,11:29:26,5057,42107,27572,2131578430,1,0,50570
b2203,20220218,20220218,112926500,11:29:26,5057,42109,27573,2131679570,2,1,101140
b2203,20220218,20220218,112928000,11:29:28,5057,42112,27574,2131831280,3,1,151710
b2203,20220218,20220218,112930000,11:29:30,5058,42113,27574,2131881860,1,0,50580
b2203,20220218,20220218,112930500,11:29:30,5058,42114,27574,2131932440,1,0,50580
b2203,20220218,20220218,112931000,11:29:31,5058,42115,27574,2131983020,1,0,50580
b2203,20220218,20220218,112931500,11:29:32,5058,42115,27574,2131983020,0,0,0
b2203,20220218,20220218,112932000,11:29:32,5059,42116,27574,2132033610,1,0,50590
b2203,20220218,20220218,112936500,11:29:38,5056,42125,27575,2132488750,9,1,455140
b2203,20220218,20220218,112937000,11:29:38,5057,42126,27574,2132539320,1,-1,50570
b2203,20220218,20220218,112937500,11:29:38,5057,42126,27574,2132539320,0,0,0
b2203,20220218,20220218,112938000,11:29:38,5057,42126,27574,2132539320,0,0,0
b2203,20220218,20220218,112938500,11:29:39,5057,42131,27573,2132792170,5,-1,252850
b2203,20220218,20220218,112939000,11:29:39,5057,42131,27573,2132792170,0,0,0
b2203,20220218,20220218,112941500,11:29:42,5057,42131,27573,2132792170,0,0,0
b2203,20220218,20220218,112945500,11:29:46,5058,42133,27573,2132893320,2,0,101150
b2203,20220218,20220218,112946000,11:29:46,5058,42134,27574,2132943900,1,1,50580
b2203,20220218,20220218,112947500,11:29:48,5058,42134,27574,2132943900,0,0,0
b2203,20220218,20220218,112949000,11:29:50,5058,42135,27575,2132994480,1,1,50580
b2203,20220218,20220218,112949500,11:29:50,5058,42135,27575,2132994480,0,0,0
b2203,20220218,20220218,112951500,11:29:52,5058,42135,27575,2132994480,0,0,0
b2203,20220218,20220218,112952000,11:29:52,5058,42135,27575,2132994480,0,0,0
b2203,20220218,20220218,112952500,11:29:53,5058,42142,27569,2133348480,7,-6,354000
b2203,20220218,20220218,112954000,11:29:54,5058,42142,27569,2133348480,0,0,0
b2203,20220218,20220218,112954500,11:29:54,5058,42142,27569,2133348480,0,0,0
b2203,20220218,20220218,112955500,11:29:55,5058,42144,27567,2133449640,2,-2,101160
b2203,20220218,20220218,112956000,11:29:56,5057,42147,27567,2133601350,3,0,151710
b2203,20220218,20220218,112956500,11:30:00,5057,42148,27567,2133651920,1,0,50570
b2203,20220218,20220218,112958000,11:30:02,5057,42149,27567,2133702490,1,0,50570
b2203,20220218,20220218,113000000,11:30:03,5058,42155,27567,2134005940,6,0,303450
b2203,20220218,20220218,113001000,11:30:03,5058,42155,27567,2134005940,0,0,0
b2203,20220218,20220218,113001500,11:30:03,5058,42155,27567,2134005940,0,0,0
b2203,20220218,20220218,133001500,13:30:01,5053,42182,27577,2135371090,27,10,1365150
b2203,20220218,20220218,133002000,13:30:04,5053,42210,27583,2136785390,28,6,1414300
b2203,20220218,20220218,133002500,13:30:09,5052,42214,27585,2136987490,4,2,202100
b2203,20220218,20220218,133008500,13:30:10,5049,42325,27602,2142590810,111,17,5603320
b2203,20220218,20220218,133009500,13:30:10,5050,42333,27596,2142994810,8,-6,404000
b2203,20220218,20220218,133010000,13:30:11,5049,42335,27597,2143095800,2,1,100990
b2203,20220218,20220218,133011000,13:30:12,5050,42336,27597,2143146300,1,0,50500
b2203,20220218,20220218,133011500,13:30:13,5050,42336,27597,2143146300,0,0,0
b2203,20220218,20220218,133012500,13:30:13,5049,42337,27598,2143196790,1,1,50490
b2203,20220218,20220218,133013000,13:30:13,5049,42337,27598,2143196790,0,0,0
b2203,20220218,20220218,133015000,13:30:17,5050,42341,27598,2143398790,4,0,202000
b2203,20220218,20220218,133016500,13:30:18,5050,42341,27598,2143398790,0,0,0
b2203,20220218,20220218,133017000,13:30:18,5048,42347,27598,2143701700,6,0,302910
b2203,20220218,20220218,133017500,13:30:18,5048,42347,27598,2143701700,0,0,0
b2203,20220218,20220218,133018000,13:30:19,5047,42349,27597,2143802650,2,-1,100950
b2203,20220218,20220218,133019000,13:30:20,5047,42351,27598,2143903590,2,1,100940
b2203,20220218,20220218,133019500,13:30:20,5047,42357,27599,2144206400,6,1,302810
b2203,20220218,20220218,133020500,13:30:21,5047,42357,27599,2144206400,0,0,0
b2203,20220218,20220218,133021500,13:30:22,5047,42359,27598,2144307340,2,-1,100940
b2203,20220218,20220218,133022000,13:30:22,5047,42359,27598,2144307340,0,0,0
b2203,20220218,20220218,133022500,13:30:38,5046,42360,27598,2144357800,1,0,50460
b2203,20220218,20220218,133023000,13:30:38,5046,42360,27598,2144357800,0,0,0
b2203,20220218,20220218,133038000,13:30:40,5048,42391,27595,2145922570,31,-3,1564770
b2203,20220218,20220218,133040500,13:30:42,5048,42394,27595,2146074010,3,0,151440
b2203,20220218,20220218,133041000,13:30:43,5048,42396,27597,2146174970,2,2,100960
b2203,20220218,20220218,133043000,13:30:44,5048,42396,27597,2146174970,0,0,0
b2203,20220218,20220218,133043500,13:30:44,5048,42398,27595,2146275930,2,-2,100960
b2203,20220218,20220218,133044500,13:30:46,5048,42398,27595,2146275930,0,0,0
b2203,20220218,20220218,133045000,13:30:46,5048,42400,27593,2146376890,2,-2,100960
b2203,20220218,20220218,133045500,13:30:46,5048,42402,27593,2146477850,2,0,100960
b2203,20220218,20220218,133046000,13:30:47,5048,42404,27593,2146578810,2,0,100960
b2203,20220218,20220218,133046500,13:30:47,5048,42404,27593,2146578810,0,0,0
b2203,20220218,20220218,133048000,13:30:48,5047,42409,27594,2146831160,5,1,252350
b2203,20220218,20220218,133048500,13:30:49,5047,42410,27593,2146881630,1,-1,50470
b2203,20220218,20220218,133049000,13:30:49,5047,42410,27593,2146881630,0,0,0
b2203,20220218,20220218,133050000,13:30:50,5047,42415,27593,2147133980,5,0,252350
b2203,20220218,20220218,133050500,13:30:51,5047,42417,27591,2147234920,2,-2,100940
b2203,20220218,20220218,133051000,13:30:52,5047,42419,27589,2147335860,2,-2,100940
b2203,20220218,20220218,133051500,13:30:52,5046,42420,27589,2147386320,1,0,50460
b2203,20220218,20220218,133052000,13:30:52,5046,42420,27589,2147386320,0,0,0
b2203,20220218,20220218,133052500,13:30:53,5046,42420,27589,2147386320,0,0,0
b2203,20220218,20220218,133053000,13:30:54,5046,42422,27589,2147487240,2,0,100920
b2203,20220218,20220218,133053500,13:30:54,5046,42422,27589,2147487240,0,0,0
b2203,20220218,20220218,133054000,13:30:54,5046,42423,27590,2147537700,1,1,50460
b2203,20220218,20220218,133055500,13:30:56,5046,42423,27590,2147537700,0,0,0
b2203,20220218,20220218,133056000,13:30:57,5047,42425,27590,2147638640,2,0,100940
b2203,20220218,20220218,133056500,13:30:57,5047,42425,27590,2147638640,0,0,0
b2203,20220218,20220218,133057000,13:30:57,5046,42427,27591,2147739570,2,1,100930
b2203,20220218,20220218,133058500,13:30:59,5046,42428,27590,2147790030,1,-1,50460
b2203,20220218,20220218,133059000,13:30:59,5046,42428,27590,2147790030,0,0,0
b2203,20220218,20220218,133059500,13:30:59,5046,42428,27590,2147790030,0,0,0
b2203,20220218,20220218,133100000,13:31:00,5046,42428,27590,2147790030,0,0,0
b2203,20220218,20220218,133101000,13:31:01,5046,42428,27590,2147790030,0,0,0
b2203,20220218,20220218,133102000,13:31:02,5046,42429,27590,2147840490,1,0,50460
b2203,20220218,20220218,133103500,13:31:04,5046,42432,27590,2147991870,3,0,151380
b2203,20220218,20220218,133104000,13:31:06,5046,42438,27593,2148294630,6,3,302760
b2203,20220218,20220218,133104500,13:31:06,5046,42440,27593,2148395550,2,0,100920
b2203,20220218,20220218,133105000,13:31:07,5046,42440,27593,2148395550,0,0,0
b2203,20220218,20220218,133106000,13:31:08,5046,42455,27601,2149152450,15,8,756900
b2203,20220218,20220218,133107000,13:31:08,5047,42458,27602,2149303860,3,1,151410
b2203,20220218,20220218,133108500,13:31:09,5047,42458,27602,2149303860,0,0,0
b2203,20220218,20220218,133109000,13:31:09,5047,42458,27602,2149303860,0,0,0
b2203,20220218,20220218,133109500,13:31:10,5047,42458,27602,2149303860,0,0,0
b2203,20220218,20220218,133110000,13:31:11,5047,42460,27602,2149404800,2,0,100940
b2203,20220218,20220218,133110500,13:31:11,5046,42468,27599,2149808510,8,-3,403710
b2203,20220218,20220218,133111000,13:31:11,5046,42470,27598,2149909430,2,-1,100920
b2203,20220218,20220218,133111500,13:31:12,5047,42480,27601,2150414130,10,3,504700
b2203,20220218,20220218,133112000,13:31:12,5047,42480,27601,2150414130,0,0,0
b2203,20220218,20220218,133112500,13:31:13,5047,42480,27601,2150414130,0,0,0
b2203,20220218,20220218,133113000,13:31:13,5047,42481,27601,2150464600,1,0,50470
b2203,20220218,20220218,133114500,13:31:15,5047,42481,27601,2150464600,0,0,0
b2203,20220218,20220218,133117000,13:31:17,5048,42483,27599,2150565560,2,-2,100960
b2203,20220218,20220218,133117500,13:31:18,5048,42483,27599,2150565560,0,0,0
b2203,20220218,20220218,133118000,13:31:18,5048,42485,27599,2150666520,2,0,100960
b2203,20220218,20220218,133121000,13:31:21,5048,42486,27599,2150717000,1,0,50480
b2203,20220218,20220218,133122000,13:31:22,5049,42487,27600,2150767490,1,1,50490
b2203,20220218,20220218,133122500,13:31:23,5049,42487,27600,2150767490,0,0,0
b2203,20220218,20220218,133123000,13:31:25,5049,42487,27600,2150767490,0,0,0
b2203,20220218,20220218,133123500,13:31:25,5049,42487,27600,2150767490,0,0,0
b2203,20220218,20220218,133124500,13:31:25,5049,42487,27600,2150767490,0,0,0
b2203,20220218,20220218,133159000,13:31:59,5050,42495,27607,2151171430,8,7,403940
b2203,20220218,20220218,133159500,13:32:00,5050,42495,27607,2151171430,0,0,0
b2203,20220218,20220218,133200000,13:32:00,5051,42556,27626,2154251840,61,19,3080410
b2203,20220218,20220218,133201000,13:32:01,5051,42556,27626,2154251840,0,0,0
b2203,20220218,20220218,133202000,13:32:03,5051,42556,27626,2154251840,0,0,0
b2203,20220218,20220218,133203000,13:32:04,5050,42557,27626,2154302340,1,0,50500
b2203,20220218,20220218,133203500,13:32:05,5050,42557,27626,2154302340,0,0,0
b2203,20220218,20220218,133204500,13:32:06,5050,42557,27626,2154302340,0,0,0
b2203,20220218,20220218,133205500,13:32:06,5050,42562,27629,2154554840,5,3,252500
b2203,20220218,20220218,133208000,13:32:08,5050,42562,27629,2154554840,0,0,0
b2203,20220218,20220218,133209000,13:32:10,5050,42563,27629,2154605340,1,0,50500
b2203,20220218,20220218,133209500,13:32:10,5050,42563,27629,2154605340,0,0,0
b2203,20220218,20220218,133210000,13:32:10,5050,42563,27629,2154605340,0,0,0
b2203,20220218,20220218,133211000,13:32:14,5050,42563,27629,2154605340,0,0,0
b2203,20220218,20220218,133212500,13:32:15,5047,42570,27630,2154958630,7,1,353290
b2203,20220218,20220218,133213500,13:32:15,5047,42570,27630,2154958630,0,0,0
b2203,20220218,20220218,133214000,13:32:15,5047,42578,27629,2155362390,8,-1,403760
b2203,20220218,20220218,133214500,13:32:15,5047,42578,27629,2155362390,0,0,0
b2203,20220218,20220218,133216000,13:32:17,5049,42579,27628,2155412880,1,-1,50490
b2203,20220218,20220218,133217000,13:32:17,5049,42580,27628,2155463370,1,0,50490
b2203,20220218,20220218,133220000,13:32:20,5049,42580,27628,2155463370,0,0,0
b2203,20220218,20220218,133225000,13:32:25,5049,42580,27628,2155463370,0,0,0
b2203,20220218,20220218,133225500,13:32:25,5049,42580,27628,2155463370,0,0,0
b2203,20220218,20220218,133228000,13:32:32,5048,42583,27630,2155614810,3,2,151440
b2203,20220218,20220218,133232000,13:32:35,5047,42586,27630,2155766220,3,0,151410
b2203,20220218,20220218,133232500,13:32:35,5047,42588,27632,2155867160,2,2,100940
b2203,20220218,20220218,133233500,13:32:35,5046,42592,27630,2156069020,4,-2,201860
b2203,20220218,20220218,133235500,13:32:36,5048,42593,27630,2156119500,1,0,50480
b2203,20220218,20220218,133236000,13:32:36,5048,42596,27632,2156270940,3,2,151440
b2203,20220218,20220218,133236500,13:32:37,5048,42596,27632,2156270940,0,0,0
b2203,20220218,20220218,133239000,13:32:39,5047,42598,27632,2156371880,2,0,100940
b2203,20220218,20220218,133240000,13:32:40,5047,42600,27630,2156472820,2,-2,100940
b2203,20220218,20220218,133241000,13:32:41,5047,42600,27630,2156472820,0,0,0
b2203,20220218,20220218,133242000,13:32:42,5047,42600,27630,2156472820,0,0,0
b2203,20220218,20220218,133244500,13:32:45,5047,42600,27630,2156472820,0,0,0
b2203,20220218,20220218,133245000,13:32:45,5047,42600,27630,2156472820,0,0,0
b2203,20220218,20220218,133245500,13:32:45,5047,42600,27630,2156472820,0,0,0
b2203,20220218,20220218,133247000,13:32:47,5046,42606,27631,2156775580,6,1,302760
b2203,20220218,20220218,133247500,13:32:48,5046,42606,27631,2156775580,0,0,0
b2203,20220218,20220218,133248000,13:32:48,5046,42606,27631,2156775580,0,0,0
b2203,20220218,20220218,133248500,13:32:49,5046,42607,27631,2156826040,1,0,50460
b2203,20220218,20220218,133249500,13:32:49,5046,42609,27629,2156926960,2,-2,100920
b2203,20220218,20220218,133250000,13:32:50,5046,42610,27629,2156977420,1,0,50460
b2203,20220218,20220218,133251000,13:32:52,5047,42611,27629,2157027890,1,0,50470
b2203,20220218,20220218,133252000,13:32:53,5047,42611,27629,2157027890,0,0,0
b2203,20220218,20220218,133252500,13:32:53,5047,42611,27629,2157027890,0,0,0
b2203,20220218,20220218,133257000,13:32:59,5047,42611,27629,2157027890,0,0,0
b2203,20220218,20220218,133257500,13:32:59,5046,42613,27628,2157128820,2,-1,100930
b2203,20220218,20220218,133259500,13:33:01,5046,42614,27627,2157179280,1,-1,50460
b2203,20220218,20220218,133301500,13:33:02,5046,42617,27627,2157330660,3,0,151380
b2203,20220218,20220218,133302000,13:33:02,5046,42632,27636,2158087560,15,9,756900
b2203,20220218,20220218,133303000,13:33:03,5046,42632,27636,2158087560,0,0,0
b2203,20220218,20220218,133303500,13:33:04,5046,42632,27636,2158087560,0,0,0
b2203,20220218,20220218,133304000,13:33:04,5046,42633,27636,2158138020,1,0,50460
b2203,20220218,20220218,133310000,13:33:11,5046,42633,27636,2158138020,0,0,0
b2203,20220218,20220218,133310500,13:33:11,5047,42634,27636,2158188490,1,0,50470
b2203,20220218,20220218,133311000,13:33:13,5047,42635,27637,2158238960,1,1,50470
b2203,20220218,20220218,133311500,13:33:14,5047,42636,27636,2158289430,1,-1,50470
b2203,20220218,20220218,133312000,13:33:14,5047,42636,27636,2158289430,0,0,0
b2203,20220218,20220218,133312500,13:33:14,5047,42636,27636,2158289430,0,0,0
b2203,20220218,20220218,133314000,13:33:17,5048,42641,27636,2158541830,5,0,252400
b2203,20220218,20220218,133314500,13:33:17,5048,42643,27635,2158642790,2,-1,100960
b2203,20220218,20220218,133317500,13:33:18,5048,42643,27635,2158642790,0,0,0
b2203,20220218,20220218,133318000,13:33:19,5049,42646,27636,2158794260,3,1,151470
b2203,20220218,20220218,133320500,13:33:21,5050,42649,27636,2158945760,3,0,151500
b2203,20220218,20220218,133321000,13:33:22,5050,42649,27636,2158945760,0,0,0
b2203,20220218,20220218,133322000,13:33:22,5050,42650,27636,2158996260,1,0,50500
b2203,20220218,20220218,133323500,13:33:23,5050,42650,27636,2158996260,0,0,0
b2203,20220218,20220218,133324000,13:33:24,5052,42652,27637,2159097290,2,1,101030
b2203,20220218,20220218,133324500,13:33:24,5052,42652,27637,2159097290,0,0,0
b2203,20220218,20220218,133325500,13:33:26,5052,42652,27637,2159097290,0,0,0
b2203,20220218,20220218,133326000,13:33:27,5050,42656,27637,2159299290,4,0,202000
b2203,20220218,20220218,133326500,13:33:29,5050,42656,27637,2159299290,0,0,0
b2203,20220218,20220218,133328500,13:33:30,5050,42657,27637,2159349790,1,0,50500
b2203,20220218,20220218,133329000,13:33:30,5050,42661,27641,2159551790,4,4,202000
b2203,20220218,20220218,133329500,13:33:30,5050,42670,27641,2160006290,9,0,454500
b2203,20220218,20220218,133330000,13:33:30,5050,42671,27641,2160056790,1,0,50500
b2203,20220218,20220218,133335000,13:33:35,5051,42675,27640,2160258820,4,-1,202030
b2203,20220218,20220218,133336000,13:33:36,5051,42677,27640,2160359840,2,0,101020
b2203,20220218,20220218,133336500,13:33:36,5050,42680,27640,2160511340,3,0,151500
b2203,20220218,20220218,133337000,13:33:37,5051,42681,27640,2160561850,1,0,50510
b2203,20220218,20220218,133337500,13:33:37,5051,42681,27640,2160561850,0,0,0
b2203,20220218,20220218,133338000,13:33:38,5051,42681,27640,2160561850,0,0,0
b2203,20220218,20220218,133339500,13:33:40,5051,42681,27640,2160561850,0,0,0
b2203,20220218,20220218,133341500,13:33:41,5051,42691,27635,2161066950,10,-5,505100
b2203,20220218,20220218,133342500,13:33:42,5050,42693,27635,2161167960,2,0,101010
b2203,20220218,20220218,133343000,13:33:43,5049,42696,27635,2161319430,3,0,151470
b2203,20220218,20220218,133343500,13:33:44,5049,42696,27635,2161319430,0,0,0
b2203,20220218,20220218,133346500,13:33:48,5049,42696,27635,2161319430,0,0,0
b2203,20220218,20220218,133349000,13:33:50,5049,42696,27635,2161319430,0,0,0
b2203,20220218,20220218,133349500,13:33:50,5049,42696,27635,2161319430,0,0,0
b2203,20220218,20220218,133352000,13:33:52,5049,42697,27635,2161369920,1,0,50490
b2203,20220218,20220218,133353500,13:33:53,5049,42699,27635,2161470900,2,0,100980
b2203,20220218,20220218,133354000,13:33:54,5049,42699,27635,2161470900,0,0,0
b2203,20220218,20220218,133358000,13:33:58,5049,42699,27635,2161470900,0,0,0
b2203,20220218,20220218,133358500,13:33:58,5049,42699,27635,2161470900,0,0,0
b2203,20220218,20220218,133401000,13:34:01,5049,42699,27635,2161470900,0,0,0
b2203,20220218,20220218,133401500,13:34:02,5049,42699,27635,2161470900,0,0,0
b2203,20220218,20220218,133403000,13:34:10,5049,42699,27635,2161470900,0,0,0
b2203,20220218,20220218,133410000,13:34:12,5049,42699,27635,2161470900,0,0,0
b2203,20220218,20220218,133412500,13:34:13,5050,42721,27623,2162581850,22,-12,1110950
b2203,20220218,20220218,133414000,13:34:14,5050,42721,27623,2162581850,0,0,0
b2203,20220218,20220218,133416500,13:34:16,5050,42721,27623,2162581850,0,0,0
b2203,20220218,20220218,133417000,13:34:17,5050,42722,27624,2162632350,1,1,50500
b2203,20220218,20220218,133417500,13:34:17,5050,42722,27624,2162632350,0,0,0
b2203,20220218,20220218,133418000,13:34:18,5050,42722,27624,2162632350,0,0,0
b2203,20220218,20220218,133418500,13:34:18,5050,42722,27624,2162632350,0,0,0
b2203,20220218,20220218,133419500,13:34:20,5050,42723,27624,2162682850,1,0,50500
b2203,20220218,20220218,133421500,13:34:23,5051,42725,27624,2162783860,2,0,101010
b2203,20220218,20220218,133423500,13:34:24,5051,42728,27623,2162935390,3,-1,151530
b2203,20220218,20220218,133424000,13:34:24,5050,42730,27622,2163036390,2,-1,101000
b2203,20220218,20220218,133425000,13:34:25,5051,42731,27621,2163086900,1,-1,50510
b2203,20220218,20220218,133425500,13:34:25,5051,42731,27621,2163086900,0,0,0
b2203,20220218,20220218,133426000,13:34:26,5051,42731,27621,2163086900,0,0,0
b2203,20220218,20220218,133426500,13:34:26,5051,42732,27621,2163137410,1,0,50510
b2203,20220218,20220218,133427500,13:34:27,5051,42732,27621,2163137410,0,0,0
b2203,20220218,20220218,133429000,13:34:29,5051,42732,27621,2163137410,0,0,0
b2203,20220218,20220218,133431500,13:34:31,5051,42732,27621,2163137410,0,0,0
b2203,20220218,20220218,133432500,13:34:32,5051,42732,27621,2163137410,0,0,0
b2203,20220218,20220218,133433000,13:34:33,5051,42732,27621,2163137410,0,0,0
b2203,20220218,20220218,133434000,13:34:34,5051,42732,27621,2163137410,0,0,0
b2203,20220218,20220218,133434500,13:34:34,5051,42733,27621,2163187920,1,0,50510
b2203,20220218,20220218,133435000,13:34:35,5051,42734,27621,2163238430,1,0,50510
b2203,20220218,20220218,133435500,13:34:36,5051,42734,27621,2163238430,0,0,0
b2203,20220218,20220218,133437000,13:34:37,5052,42751,27633,2164097270,17,12,858840
b2203,20220218,20220218,133437500,13:34:38,5053,42757,27634,2164400450,6,1,303180
b2203,20220218,20220218,133438000,13:34:38,5054,42759,27633,2164501530,2,-1,101080
b2203,20220218,20220218,133438500,13:34:38,5054,42759,27633,2164501530,0,0,0
b2203,20220218,20220218,133439000,13:34:39,5054,42760,27633,2164552070,1,0,50540
b2203,20220218,20220218,133439500,13:34:39,5054,42760,27633,2164552070,0,0,0
b2203,20220218,20220218,133441500,13:34:41,5054,42760,27633,2164552070,0,0,0
b2203,20220218,20220218,133443000,13:34:44,5053,42761,27634,2164602600,1,1,50530
b2203,20220218,20220218,133443500,13:34:45,5053,42761,27634,2164602600,0,0,0
b2203,20220218,20220218,133444500,13:34:46,5054,42762,27634,2164653140,1,0,50540
b2203,20220218,20220218,133445500,13:34:46,5055,42763,27633,2164703690,1,-1,50550
b2203,20220218,20220218,133447000,13:34:47,5053,42765,27631,2164804750,2,-2,101060
b2203,20220218,20220218,133448000,13:34:48,5053,42768,27629,2164956340,3,-2,151590
b2203,20220218,20220218,133449000,13:34:49,5053,42769,27629,2165006870,1,0,50530
b2203,20220218,20220218,133449500,13:34:49,5053,42774,27629,2165259520,5,0,252650
b2203,20220218,20220218,133451000,13:34:51,5053,42774,27629,2165259520,0,0,0
b2203,20220218,20220218,133452500,13:34:52,5053,42775,27628,2165310050,1,-1,50530
b2203,20220218,20220218,133453000,13:34:53,5053,42777,27629,2165411110,2,1,101060
b2203,20220218,20220218,133453500,13:34:53,5053,42777,27629,2165411110,0,0,0
b2203,20220218,20220218,133454000,13:34:56,5053,42777,27629,2165411110,0,0,0
b2203,20220218,20220218,133455500,13:34:56,5052,42778,27628,2165461630,1,-1,50520
b2203,20220218,20220218,133456500,13:34:57,5053,42779,27629,2165512160,1,1,50530
b2203,20220218,20220218,133457000,13:34:57,5052,42781,27627,2165613200,2,-2,101040
b2203,20220218,20220218,133504500,13:35:10,5052,42781,27627,2165613200,0,0,0
b2203,20220218,20220218,133508500,13:35:10,5052,42781,27627,2165613200,0,0,0
b2203,20220218,20220218,133512500,13:35:13,5052,42781,27627,2165613200,0,0,0
b2203,20220218,20220218,133513000,13:35:13,5050,42791,27628,2166118390,10,1,505190
b2203,20220218,20220218,133513500,13:35:13,5050,42792,27628,2166168890,1,0,50500
b2203,20220218,20220218,133514000,13:35:14,5050,42795,27628,2166320390,3,0,151500
b2203,20220218,20220218,133517500,13:35:18,5050,42795,27628,2166320390,0,0,0
b2203,20220218,20220218,133519500,13:35:20,5051,42796,27628,2166370900,1,0,50510
b2203,20220218,20220218,133520000,13:35:20,5051,42798,27628,2166471920,2,0,101020
b2203,20220218,20220218,133522000,13:35:22,5051,42798,27628,2166471920,0,0,0
b2203,20220218,20220218,133524000,13:35:24,5051,42798,27628,2166471920,0,0,0
b2203,20220218,20220218,133525500,13:35:26,5051,42799,27628,2166522430,1,0,50510
b2203,20220218,20220218,133540500,13:35:43,5050,42802,27627,2166673930,3,-1,151500
b2203,20220218,20220218,133541000,13:35:43,5050,42803,27627,2166724430,1,0,50500
b2203,20220218,20220218,133543500,13:35:44,5050,42803,27627,2166724430,0,0,0
b2203,20220218,20220218,133544500,13:35:45,5050,42803,27627,2166724430,0,0,0
b2203,20220218,20220218,133545500,13:35:46,5049,42812,27630,2167178900,9,3,454470
b2203,20220218,20220218,133546000,13:35:46,5049,42812,27630,2167178900,0,0,0
b2203,20220218,20220218,133546500,13:35:46,5050,42814,27630,2167279900,2,0,101000
b2203,20220218,20220218,133547000,13:35:47,5050,42815,27629,2167330400,1,-1,50500
b2203,20220218,20220218,133547500,13:35:47,5050,42819,27627,2167532400,4,-2,202000
b2203,20220218,20220218,133548500,13:35:48,5049,42820,27627,2167582890,1,0,50490
b2203,20220218,20220218,133549000,13:35:49,5049,42820,27627,2167582890,0,0,0
b2203,20220218,20220218,133549500,13:35:49,5049,42821,27627,2167633380,1,0,50490
b2203,20220218,20220218,133550000,13:35:50,5049,42822,27628,2167683870,1,1,50490
b2203,20220218,20220218,133550500,13:35:50,5048,42827,27629,2167936270,5,1,252400
b2203,20220218,20220218,133551000,13:35:51,5048,42829,27630,2168037230,2,1,100960
b2203,20220218,20220218,133551500,13:35:51,5048,42829,27630,2168037230,0,0,0
b2203,20220218,20220218,133552000,13:35:52,5048,42829,27630,2168037230,0,0,0
b2203,20220218,20220218,133552500,13:35:52,5048,42829,27630,2168037230,0,0,0
b2203,20220218,20220218,133553500,13:35:55,5049,42831,27632,2168138210,2,2,100980
b2203,20220218,20220218,133554000,13:35:55,5049,42834,27635,2168289680,3,3,151470
b2203,20220218,20220218,133554500,13:35:55,5049,42834,27635,2168289680,0,0,0
b2203,20220218,20220218,133557000,13:35:59,5049,42834,27635,2168289680,0,0,0
b2203,20220218,20220218,133601500,13:36:03,5049,42834,27635,2168289680,0,0,0
b2203,20220218,20220218,133602000,13:36:03,5049,42834,27635,2168289680,0,0,0
b2203,20220218,20220218,133602500,13:36:03,5049,42834,27635,2168289680,0,0,0
b2203,20220218,20220218,133603000,13:36:04,5048,42843,27643,2168744060,9,8,454380
b2203,20220218,20220218,133603500,13:36:05,5048,42844,27643,2168794540,1,0,50480
b2203,20220218,20220218,133605000,13:36:06,5048,42846,27643,2168895500,2,0,100960
b2203,20220218,20220218,133605500,13:36:07,5048,42846,27643,2168895500,0,0,0
b2203,20220218,20220218,133607500,13:36:08,5048,42846,27643,2168895500,0,0,0
b2203,20220218,20220218,133608000,13:36:08,5048,42846,27643,2168895500,0,0,0
b2203,20220218,20220218,133608500,13:36:08,5048,42846,27643,2168895500,0,0,0
b2203,20220218,20220218,133609000,13:36:09,5048,42851,27638,2169147900,5,-5,252400
b2203,20220218,20220218,133610500,13:36:11,5047,42855,27639,2169349800,4,1,201900
b2203,20220218,20220218,133611500,13:36:12,5047,42855,27639,2169349800,0,0,0
b2203,20220218,20220218,133612500,13:36:12,5047,42855,27639,2169349800,0,0,0
b2203,20220218,20220218,133613000,13:36:13,5047,42855,27639,2169349800,0,0,0
b2203,20220218,20220218,133613500,13:36:14,5047,42863,27634,2169753560,8,-5,403760
b2203,20220218,20220218,133616500,13:36:16,5047,42863,27634,2169753560,0,0,0
b2203,20220218,20220218,133618000,13:36:19,5047,42863,27634,2169753560,0,0,0
b2203,20220218,20220218,133620000,13:36:20,5048,42864,27634,2169804040,1,0,50480
b2203,20220218,20220218,133621500,13:36:21,5048,42864,27634,2169804040,0,0,0
b2203,20220218,20220218,133623500,13:36:23,5048,42864,27634,2169804040,0,0,0
b2203,20220218,20220218,133626500,13:36:27,5048,42864,27634,2169804040,0,0,0
b2203,20220218,20220218,133627000,13:36:27,5048,42864,27634,2169804040,0,0,0
b2203,20220218,20220218,133627500,13:36:28,5048,42864,27634,2169804040,0,0,0
b2203,20220218,20220218,133634500,13:36:35,5048,42864,27634,2169804040,0,0,0
b2203,20220218,20220218,133635000,13:36:35,5048,42865,27634,2169854520,1,0,50480
b2203,20220218,20220218,133636500,13:36:36,5048,42865,27634,2169854520,0,0,0
b2203,20220218,20220218,133639000,13:36:39,5048,42865,27634,2169854520,0,0,0
b2203,20220218,20220218,133640500,13:36:40,5048,42865,27634,2169854520,0,0,0
b2203,20220218,20220218,133641500,13:36:41,5048,42865,27634,2169854520,0,0,0
b2203,20220218,20220218,133642000,13:36:42,5047,42866,27634,2169904990,1,0,50470
b2203,20220218,20220218,133646500,13:36:46,5048,42869,27634,2170056430,3,0,151440
b2203,20220218,20220218,133648000,13:36:48,5048,42869,27634,2170056430,0,0,0
b2203,20220218,20220218,133652500,13:36:53,5048,42869,27634,2170056430,0,0,0
b2203,20220218,20220218,133653500,13:36:53,5048,42869,27634,2170056430,0,0,0
b2203,20220218,20220218,133656000,13:36:56,5048,42869,27634,2170056430,0,0,0
b2203,20220218,20220218,133656500,13:36:57,5049,42871,27633,2170157410,2,-1,100980
b2203,20220218,20220218,133658500,13:36:59,5050,42878,27635,2170510910,7,2,353500
b2203,20220218,20220218,133659000,13:36:59,5050,42878,27635,2170510910,0,0,0
b2203,20220218,20220218,133659500,13:36:59,5050,42878,27635,2170510910,0,0,0
b2203,20220218,20220218,133700500,13:37:00,5050,42883,27639,2170763400,5,4,252490
b2203,20220218,20220218,133701500,13:37:02,5050,42883,27639,2170763400,0,0,0
b2203,20220218,20220218,133702000,13:37:02,5050,42883,27639,2170763400,0,0,0
b2203,20220218,20220218,133704000,13:37:04,5050,42883,27639,2170763400,0,0,0
b2203,20220218,20220218,133704500,13:37:04,5050,42883,27639,2170763400,0,0,0
b2203,20220218,20220218,133705000,13:37:05,5050,42887,27639,2170965400,4,0,202000
b2203,20220218,20220218,133707500,13:37:08,5050,42887,27639,2170965400,0,0,0
b2203,20220218,20220218,133709500,13:37:10,5050,42887,27639,2170965400,0,0,0
b2203,20220218,20220218,133710000,13:37:11,5050,42887,27639,2170965400,0,0,0
b2203,20220218,20220218,133711000,13:37:11,5050,42887,27639,2170965400,0,0,0
b2203,20220218,20220218,133711500,13:37:13,5050,42890,27641,2171116900,3,2,151500
b2203,20220218,20220218,133715000,13:37:15,5049,42891,27642,2171167390,1,1,50490
b2203,20220218,20220218,133715500,13:37:16,5049,42891,27642,2171167390,0,0,0
b2203,20220218,20220218,133718500,13:37:19,5049,42892,27642,2171217880,1,0,50490
b2203,20220218,20220218,133719000,13:37:19,5049,42892,27642,2171217880,0,0,0
b2203,20220218,20220218,133721500,13:37:21,5049,42892,27642,2171217880,0,0,0
b2203,20220218,20220218,133723000,13:37:23,5049,42892,27642,2171217880,0,0,0
b2203,20220218,20220218,133726000,13:37:26,5049,42892,27642,2171217880,0,0,0
b2203,20220218,20220218,133726500,13:37:26,5050,42893,27642,2171268380,1,0,50500
b2203,20220218,20220218,133727000,13:37:27,5050,42894,27642,2171318880,1,0,50500
b2203,20220218,20220218,133728000,13:37:28,5049,42895,27643,2171369370,1,1,50490
b2203,20220218,20220218,133732000,13:37:32,5049,42895,27643,2171369370,0,0,0
b2203,20220218,20220218,133732500,13:37:33,5051,42899,27640,2171571410,4,-3,202040
b2203,20220218,20220218,133733000,13:37:33,5051,42902,27641,2171722940,3,1,151530
b2203,20220218,20220218,133733500,13:37:33,5051,42902,27641,2171722940,0,0,0
b2203,20220218,20220218,133735000,13:37:35,5051,42902,27641,2171722940,0,0,0
b2203,20220218,20220218,133735500,13:37:36,5051,42902,27641,2171722940,0,0,0
b2203,20220218,20220218,133738500,13:37:39,5052,42903,27641,2171773460,1,0,50520
b2203,20220218,20220218,133739000,13:37:39,5052,42903,27641,2171773460,0,0,0
b2203,20220218,20220218,133740500,13:37:40,5052,42905,27641,2171874500,2,0,101040
b2203,20220218,20220218,133742000,13:37:42,5053,42909,27637,2172076620,4,-4,202120
b2203,20220218,20220218,133743500,13:37:44,5053,42909,27637,2172076620,0,0,0
b2203,20220218,20220218,133744500,13:37:45,5053,42909,27637,2172076620,0,0,0
b2203,20220218,20220218,133745500,13:37:45,5054,42912,27637,2172228240,3,0,151620
b2203,20220218,20220218,133746000,13:37:46,5054,42912,27637,2172228240,0,0,0
b2203,20220218,20220218,133746500,13:37:47,5054,42916,27635,2172430400,4,-2,202160
b2203,20220218,20220218,133747000,13:37:47,5054,42919,27637,2172582020,3,2,151620
b2203,20220218,20220218,133747500,13:37:47,5054,42919,27637,2172582020,0,0,0
b2203,20220218,20220218,133748500,13:37:48,5054,42920,27638,2172632560,1,1,50540
b2203,20220218,20220218,133749000,13:37:49,5053,42922,27638,2172733620,2,0,101060
b2203,20220218,20220218,133749500,13:37:49,5055,42925,27637,2172885270,3,-1,151650
b2203,20220218,20220218,133750000,13:37:50,5054,42927,27637,2172986350,2,0,101080
b2203,20220218,20220218,133750500,13:37:50,5054,42927,27637,2172986350,0,0,0
b2203,20220218,20220218,133751500,13:37:53,5054,42928,27638,2173036890,1,1,50540
b2203,20220218,20220218,133755000,13:37:55,5054,42928,27638,2173036890,0,0,0
b2203,20220218,20220218,133757000,13:37:57,5054,42928,27638,2173036890,0,0,0
b2203,20220218,20220218,133758000,13:37:58,5055,42935,27635,2173390730,7,-3,353840
b2203,20220218,20220218,133758500,13:37:58,5054,42936,27636,2173441270,1,1,50540
b2203,20220218,20220218,133759000,13:37:59,5054,42936,27636,2173441270,0,0,0
b2203,20220218,20220218,133759500,13:38:00,5055,42942,27636,2173744570,6,0,303300
b2203,20220218,20220218,133800000,13:38:00,5055,42942,27636,2173744570,0,0,0
b2203,20220218,20220218,133801500,13:38:03,5055,42943,27636,2173795120,1,0,50550
b2203,20220218,20220218,133803500,13:38:06,5055,42943,27636,2173795120,0,0,0
b2203,20220218,20220218,133805000,13:38:06,5056,42944,27636,2173845680,1,0,50560
b2203,20220218,20220218,133805500,13:38:07,5056,42945,27635,2173896240,1,-1,50560
b2203,20220218,20220218,133809000,13:38:09,5056,42947,27637,2173997360,2,2,101120
b2203,20220218,20220218,133809500,13:38:09,5056,42947,27637,2173997360,0,0,0
b2203,20220218,20220218,133810000,13:38:10,5056,42948,27637,2174047920,1,0,50560
b2203,20220218,20220218,133810500,13:38:10,5056,42949,27636,2174098480,1,-1,50560
b2203,20220218,20220218,133811500,13:38:14,5056,42950,27636,2174149040,1,0,50560
b2203,20220218,20220218,133812000,13:38:14,5056,42950,27636,2174149040,0,0,0
b2203,20220218,20220218,133813000,13:38:15,5056,42951,27637,2174199600,1,1,50560
b2203,20220218,20220218,133814000,13:38:15,5056,42951,27637,2174199600,0,0,0
b2203,20220218,20220218,133814500,13:38:17,5057,42958,27640,2174553590,7,3,353990
b2203,20220218,20220218,133815000,13:38:17,5056,42959,27640,2174604150,1,0,50560
b2203,20220218,20220218,133816500,13:38:18,5056,42964,27642,2174856970,5,2,252820
b2203,20220218,20220218,133817500,13:38:18,5057,42965,27642,2174907540,1,0,50570
b2203,20220218,20220218,133818000,13:38:18,5057,42967,27644,2175008680,2,2,101140
b2203,20220218,20220218,133818500,13:38:18,5056,42969,27646,2175109800,2,2,101120
b2203,20220218,20220218,133819000,13:38:19,5056,42970,27645,2175160360,1,-1,50560
b2203,20220218,20220218,133819500,13:38:19,5057,42971,27645,2175210930,1,0,50570
b2203,20220218,20220218,133820000,13:38:20,5057,42971,27645,2175210930,0,0,0
b2203,20220218,20220218,133820500,13:38:22,5056,42975,27644,2175413170,4,-1,202240
b2203,20220218,20220218,133822000,13:38:23,5057,42976,27645,2175463740,1,1,50570
b2203,20220218,20220218,133822500,13:38:23,5057,42978,27647,2175564880,2,2,101140
b2203,20220218,20220218,133824000,13:38:24,5058,42979,27648,2175615460,1,1,50580
b2203,20220218,20220218,133824500,13:38:28,5058,42979,27648,2175615460,0,0,0
b2203,20220218,20220218,133825000,13:38:41,5058,42979,27648,2175615460,0,0,0
b2203,20220218,20220218,133825500,13:38:41,5058,42984,27650,2175868360,5,2,252900
b2203,20220218,20220218,133838000,13:38:42,5060,43018,27659,2177588510,34,9,1720150
b2203,20220218,20220218,133841500,13:38:43,5060,43023,27664,2177841510,5,5,253000
b2203,20220218,20220218,133844000,13:38:44,5061,43024,27665,2177892120,1,1,50610
b2203,20220218,20220218,133845000,13:38:45,5060,43025,27665,2177942720,1,0,50600
b2203,20220218,20220218,133846000,13:38:46,5060,43041,27675,2178752320,16,10,809600
b2203,20220218,20220218,133847000,13:38:47,5060,43041,27675,2178752320,0,0,0
b2203,20220218,20220218,133847500,13:38:47,5060,43042,27675,2178802920,1,0,50600
b2203,20220218,20220218,133850000,13:38:50,5060,43042,27675,2178802920,0,0,0
b2203,20220218,20220218,133851000,13:38:51,5060,43042,27675,2178802920,0,0,0
b2203,20220218,20220218,133853000,13:38:53,5060,43043,27675,2178853520,1,0,50600
b2203,20220218,20220218,133856500,13:38:56,5059,43049,27675,2179157060,6,0,303540
b2203,20220218,20220218,133857000,13:38:57,5059,43050,27675,2179207650,1,0,50590
b2203,20220218,20220218,133859500,13:38:59,5059,43051,27674,2179258240,1,-1,50590
b2203,20220218,20220218,133901000,13:39:01,5058,43053,27674,2179359410,2,0,101170
b2203,20220218,20220218,133901500,13:39:01,5058,43053,27674,2179359410,0,0,0
b2203,20220218,20220218,133902000,13:39:02,5059,43054,27675,2179410000,1,1,50590
b2203,20220218,20220218,133906000,13:39:06,5058,43055,27675,2179460580,1,0,50580
b2203,20220218,20220218,133907500,13:39:07,5058,43055,27675,2179460580,0,0,0
b2203,20220218,20220218,133910500,13:39:10,5058,43055,27675,2179460580,0,0,0
b2203,20220218,20220218,133913500,13:39:13,5059,43062,27674,2179814750,7,-1,354170
b2203,20220218,20220218,133914000,13:39:14,5061,43075,27680,2180472620,13,6,657870
b2203,20220218,20220218,133914500,13:39:15,5059,43106,27684,2182041160,31,4,1568540
b2203,20220218,20220218,133915000,13:39:18,5059,43106,27684,2182041160,0,0,0
b2203,20220218,20220218,133918000,13:39:19,5059,43106,27684,2182041160,0,0,0
b2203,20220218,20220218,133919000,13:39:19,5059,43114,27690,2182445880,8,6,404720
b2203,20220218,20220218,133919500,13:39:19,5059,43126,27692,2183052960,12,2,607080
b2203,20220218,20220218,133920500,13:39:20,5059,43126,27692,2183052960,0,0,0
b2203,20220218,20220218,133925500,13:39:26,5058,43127,27691,2183103540,1,-1,50580
b2203,20220218,20220218,133927500,13:39:27,5058,43129,27690,2183204700,2,-1,101160
b2203,20220218,20220218,133929000,13:39:29,5058,43129,27690,2183204700,0,0,0
b2203,20220218,20220218,133932000,13:39:32,5058,43129,27690,2183204700,0,0,0
b2203,20220218,20220218,133934500,13:39:34,5059,43130,27690,2183255290,1,0,50590
b2203,20220218,20220218,133937000,13:39:37,5058,43131,27691,2183305870,1,1,50580
b2203,20220218,20220218,133945500,13:39:46,5059,43139,27696,2183710570,8,5,404700
b2203,20220218,20220218,133946000,13:39:46,5058,43140,27696,2183761150,1,0,50580
b2203,20220218,20220218,133948000,13:39:48,5058,43140,27696,2183761150,0,0,0
b2203,20220218,20220218,133950000,13:39:50,5058,43140,27696,2183761150,0,0,0
b2203,20220218,20220218,133950500,13:39:50,5059,43141,27696,2183811740,1,0,50590
b2203,20220218,20220218,133955000,13:39:55,5060,43142,27697,2183862340,1,1,50600
b2203,20220218,20220218,133955500,13:39:55,5060,43142,27697,2183862340,0,0,0
b2203,20220218,20220218,133956000,13:39:56,5060,43142,27697,2183862340,0,0,0
b2203,20220218,20220218,133956500,13:39:57,5060,43142,27697,2183862340,0,0,0
b2203,20220218,20220218,133957000,13:39:57,5059,43145,27697,2184014110,3,0,151770
b2203,20220218,20220218,133958500,13:40:13,5059,43149,27693,2184216470,4,-4,202360
b2203,20220218,20220218,134010500,13:40:13,5059,43158,27700,2184671820,9,7,455350
b2203,20220218,20220218,134014500,13:40:14,5058,43165,27700,2185025880,7,0,354060
b2203,20220218,20220218,134015000,13:40:16,5058,43165,27700,2185025880,0,0,0
b2203,20220218,20220218,134015500,13:40:16,5057,43167,27700,2185127020,2,0,101140
b2203,20220218,20220218,134016000,13:40:16,5057,43167,27700,2185127020,0,0,0
b2203,20220218,20220218,134016500,13:40:16,5057,43172,27701,2185379870,5,1,252850
b2203,20220218,20220218,134018000,13:40:18,5057,43172,27701,2185379870,0,0,0
b2203,20220218,20220218,134019500,13:40:20,5057,43172,27701,2185379870,0,0,0
b2203,20220218,20220218,134021000,13:40:21,5057,43173,27702,2185430440,1,1,50570
b2203,20220218,20220218,134024000,13:40:24,5057,43173,27702,2185430440,0,0,0
b2203,20220218,20220218,134024500,13:40:25,5057,43173,27702,2185430440,0,0,0
b2203,20220218,20220218,134026000,13:40:26,5057,43173,27702,2185430440,0,0,0
b2203,20220218,20220218,134027000,13:40:27,5059,43174,27702,2185481030,1,0,50590
b2203,20220218,20220218,134027500,13:40:27,5059,43174,27702,2185481030,0,0,0
b2203,20220218,20220218,134029000,13:40:30,5058,43179,27702,2185733930,5,0,252900
b2203,20220218,20220218,134032500,13:40:32,5058,43179,27702,2185733930,0,0,0
b2203,20220218,20220218,134035500,13:40:36,5057,43180,27703,2185784500,1,1,50570
b2203,20220218,20220218,134039000,13:40:39,5057,43180,27703,2185784500,0,0,0
b2203,20220218,20220218,134041000,13:40:42,5057,43181,27703,2185835070,1,0,50570
b2203,20220218,20220218,134042000,13:40:42,5057,43181,27703,2185835070,0,0,0
b2203,20220218,20220218,134043500,13:40:44,5057,43181,27703,2185835070,0,0,0
b2203,20220218,20220218,134050000,13:40:50,5057,43182,27703,2185885640,1,0,50570
b2203,20220218,20220218,134050500,13:40:50,5059,43186,27703,2186088000,4,0,202360
b2203,20220218,20220218,134051000,13:40:51,5059,43189,27702,2186239770,3,-1,151770
b2203,20220218,20220218,134051500,13:40:55,5060,43191,27704,2186340970,2,2,101200
b2203,20220218,20220218,134055000,13:40:55,5059,43194,27707,2186492740,3,3,151770
b2203,20220218,20220218,134055500,13:40:57,5059,43195,27708,2186543330,1,1,50590
b2203,20220218,20220218,134058000,13:40:58,5060,43202,27714,2186897530,7,6,354200
b2203,20220218,20220218,134101500,13:41:01,5060,43206,27717,2187099930,4,3,202400
b2203,20220218,20220218,134102000,13:41:02,5060,43208,27717,2187201130,2,0,101200
b2203,20220218,20220218,134109000,13:41:10,5061,43223,27709,2187960230,15,-8,759100
b2203,20220218,20220218,134109500,13:41:10,5061,43226,27709,2188112060,3,0,151830
b2203,20220218,20220218,134110000,13:41:10,5061,43226,27709,2188112060,0,0,0
b2203,20220218,20220218,134113000,13:41:13,5061,43228,27711,2188213280,2,2,101220
b2203,20220218,20220218,134113500,13:41:13,5061,43228,27711,2188213280,0,0,0
b2203,20220218,20220218,134114500,13:41:15,5061,43229,27712,2188263890,1,1,50610
b2203,20220218,20220218,134115000,13:41:16,5061,43230,27713,2188314500,1,1,50610
b2203,20220218,20220218,134115500,13:41:16,5062,43235,27718,2188567600,5,5,253100
b2203,20220218,20220218,134116000,13:41:16,5062,43245,27722,2189073810,10,4,506210
b2203,20220218,20220218,134116500,13:41:17,5062,43251,27722,2189377530,6,0,303720
b2203,20220218,20220218,134117500,13:41:18,5062,43251,27722,2189377530,0,0,0
b2203,20220218,20220218,134119500,13:41:19,5063,43253,27722,2189478790,2,0,101260
b2203,20220218,20220218,134120000,13:41:20,5063,43255,27720,2189580050,2,-2,101260
b2203,20220218,20220218,134120500,13:41:23,5063,43255,27720,2189580050,0,0,0
b2203,20220218,20220218,134121000,13:41:23,5063,43255,27720,2189580050,0,0,0
b2203,20220218,20220218,134121500,13:41:23,5062,43256,27719,2189630670,1,-1,50620
b2203,20220218,20220218,134122000,13:41:24,5063,43259,27722,2189782560,3,3,151890
b2203,20220218,20220218,134123000,13:41:24,5064,43260,27722,2189833200,1,0,50640
b2203,20220218,20220218,134123500,13:41:24,5064,43261,27722,2189883840,1,0,50640
b2203,20220218,20220218,134124000,13:41:24,5063,43262,27721,2189934470,1,-1,50630
b2203,20220218,20220218,134125000,13:41:26,5063,43262,27721,2189934470,0,0,0
b2203,20220218,20220218,134127000,13:41:27,5063,43263,27722,2189985100,1,1,50630
b2203,20220218,20220218,134127500,13:41:27,5063,43264,27723,2190035730,1,1,50630
b2203,20220218,20220218,134128000,13:41:28,5063,43264,27723,2190035730,0,0,0
b2203,20220218,20220218,134130000,13:41:30,5063,43266,27723,2190136990,2,0,101260
b2203,20220218,20220218,134130500,13:41:31,5063,43267,27723,2190187620,1,0,50630
b2203,20220218,20220218,134131000,13:41:31,5063,43267,27723,2190187620,0,0,0
b2203,20220218,20220218,134134000,13:41:34,5062,43268,27724,2190238240,1,1,50620
b2203,20220218,20220218,134134500,13:41:34,5063,43269,27723,2190288870,1,-1,50630
b2203,20220218,20220218,134135000,13:41:35,5063,43269,27723,2190288870,0,0,0
b2203,20220218,20220218,134135500,13:41:35,5063,43274,27718,2190542020,5,-5,253150
b2203,20220218,20220218,134136000,13:41:39,5062,43281,27725,2190896420,7,7,354400
b2203,20220218,20220218,134136500,13:41:39,5063,43282,27725,2190947050,1,0,50630
b2203,20220218,20220218,134137000,13:41:40,5063,43283,27725,2190997680,1,0,50630
b2203,20220218,20220218,134139000,13:41:41,5063,43287,27728,2191200180,4,3,202500
b2203,20220218,20220218,134140000,13:41:42,5063,43290,27728,2191352070,3,0,151890
b2203,20220218,20220218,134141000,13:41:42,5062,43291,27729,2191402690,1,1,50620
b2203,20220218,20220218,134141500,13:41:42,5062,43291,27729,2191402690,0,0,0
b2203,20220218,20220218,134142500,13:41:42,5062,43291,27729,2191402690,0,0,0
b2203,20220218,20220218,134143000,13:41:43,5064,43296,27725,2191655890,5,-4,253200
b2203,20220218,20220218,134143500,13:41:44,5064,43296,27725,2191655890,0,0,0
b2203,20220218,20220218,134146000,13:41:46,5064,43298,27725,2191757170,2,0,101280
b2203,20220218,20220218,134146500,13:41:47,5064,43300,27726,2191858460,2,1,101290
b2203,20220218,20220218,134147000,13:41:47,5063,43305,27721,2192111610,5,-5,253150
b2203,20220218,20220218,134147500,13:41:48,5063,43308,27722,2192263500,3,1,151890
b2203,20220218,20220218,134150000,13:41:50,5063,43315,27720,2192617910,7,-2,354410
b2203,20220218,20220218,134150500,13:41:50,5064,43319,27720,2192820460,4,0,202550
b2203,20220218,20220218,134151000,13:41:51,5064,43319,27720,2192820460,0,0,0
b2203,20220218,20220218,134151500,13:41:52,5064,43320,27719,2192871100,1,-1,50640
b2203,20220218,20220218,134152000,13:41:52,5063,43326,27718,2193174880,6,-1,303780
b2203,20220218,20220218,134154500,13:42:02,5063,43326,27718,2193174880,0,0,0
b2203,20220218,20220218,134202000,13:42:10,5064,43342,27716,2193984960,16,-2,810080
b2203,20220218,20220218,134202500,13:42:11,5064,43343,27716,2194035600,1,0,50640
b2203,20220218,20220218,134203000,13:42:11,5064,43345,27717,2194136870,2,1,101270
b2203,20220218,20220218,134210000,13:42:12,5063,43354,27721,2194592590,9,4,455720
b2203,20220218,20220218,134210500,13:42:12,5064,43358,27721,2194795120,4,0,202530
b2203,20220218,20220218,134212000,13:42:13,5064,43358,27721,2194795120,0,0,0
b2203,20220218,20220218,134212500,13:42:13,5063,43359,27721,2194845750,1,0,50630
b2203,20220218,20220218,134213000,13:42:13,5063,43360,27721,2194896380,1,0,50630
b2203,20220218,20220218,134214500,13:42:15,5063,43360,27721,2194896380,0,0,0
b2203,20220218,20220218,134215000,13:42:15,5063,43364,27721,2195098900,4,0,202520
b2203,20220218,20220218,134215500,13:42:16,5063,43364,27721,2195098900,0,0,0
b2203,20220218,20220218,134216000,13:42:16,5063,43365,27721,2195149530,1,0,50630
b2203,20220218,20220218,134216500,13:42:17,5063,43365,27721,2195149530,0,0,0
b2203,20220218,20220218,134217500,13:42:19,5064,43366,27720,2195200170,1,-1,50640
b2203,20220218,20220218,134218500,13:42:20,5064,43370,27722,2195402730,4,2,202560
b2203,20220218,20220218,134219500,13:42:20,5064,43370,27722,2195402730,0,0,0
b2203,20220218,20220218,134220000,13:42:20,5064,43370,27722,2195402730,0,0,0
b2203,20220218,20220218,134222000,13:42:22,5065,43391,27731,2196466360,21,9,1063630
b2203,20220218,20220218,134222500,13:42:22,5065,43406,27738,2197226120,15,7,759760
b2203,20220218,20220218,134223000,13:42:23,5063,43412,27743,2197529900,6,5,303780
b2203,20220218,20220218,134223500,13:42:24,5063,43412,27743,2197529900,0,0,0
b2203,20220218,20220218,134225000,13:42:25,5063,43412,27743,2197529900,0,0,0
b2203,20220218,20220218,134225500,13:42:25,5063,43413,27743,2197580530,1,0,50630
b2203,20220218,20220218,134226000,13:42:26,5063,43415,27743,2197681790,2,0,101260
b2203,20220218,20220218,134226500,13:42:27,5063,43415,27743,2197681790,0,0,0
b2203,20220218,20220218,134227000,13:42:28,5063,43415,27743,2197681790,0,0,0
b2203,20220218,20220218,134227500,13:42:28,5063,43415,27743,2197681790,0,0,0
b2203,20220218,20220218,134228000,13:42:29,5063,43415,27743,2197681790,0,0,0
b2203,20220218,20220218,134228500,13:42:29,5063,43417,27743,2197783050,2,0,101260
b2203,20220218,20220218,134229000,13:42:29,5063,43418,27744,2197833680,1,1,50630
b2203,20220218,20220218,134239500,13:42:39,5063,43418,27744,2197833680,0,0,0
b2203,20220218,20220218,134256500,13:42:57,5063,43420,27746,2197934960,2,2,101280
b2203,20220218,20220218,134257000,13:42:57,5064,43433,27755,2198593190,13,9,658230
b2203,20220218,20220218,134258000,13:42:59,5064,43433,27755,2198593190,0,0,0
b2203,20220218,20220218,134259000,13:42:59,5064,43433,27755,2198593190,0,0,0
b2203,20220218,20220218,134302500,13:43:03,5065,43436,27757,2198745140,3,2,151950
b2203,20220218,20220218,134303000,13:43:05,5063,43437,27758,2198795770,1,1,50630
b2203,20220218,20220218,134303500,13:43:11,5063,43439,27760,2198897030,2,2,101260
b2203,20220218,20220218,134309000,13:43:12,5061,43457,27768,2199808160,18,8,911130
b2203,20220218,20220218,134312000,13:43:14,5061,43457,27768,2199808160,0,0,0
b2203,20220218,20220218,134314000,13:43:14,5061,43457,27768,2199808160,0,0,0
b2203,20220218,20220218,134315000,13:43:15,5061,43457,27768,2199808160,0,0,0
b2203,20220218,20220218,134315500,13:43:15,5061,43459,27770,2199909380,2,2,101220
b2203,20220218,20220218,134316500,13:43:16,5061,43459,27770,2199909380,0,0,0
b2203,20220218,20220218,134318000,13:43:18,5061,43476,27787,2200769590,17,17,860210
b2203,20220218,20220218,134318500,13:43:18,5061,43476,27787,2200769590,0,0,0
b2203,20220218,20220218,134319000,13:43:19,5061,43476,27787,2200769590,0,0,0
b2203,20220218,20220218,134321000,13:43:21,5061,43476,27787,2200769590,0,0,0
b2203,20220218,20220218,134321500,13:43:21,5059,43478,27787,2200870770,2,0,101180
b2203,20220218,20220218,134322000,13:43:22,5059,43482,27786,2201073130,4,-1,202360
b2203,20220218,20220218,134322500,13:43:23,5059,43482,27786,2201073130,0,0,0
b2203,20220218,20220218,134323000,13:43:23,5059,43484,27785,2201174310,2,-1,101180
b2203,20220218,20220218,134323500,13:43:23,5060,43485,27786,2201224910,1,1,50600
b2203,20220218,20220218,134325000,13:43:25,5058,43489,27786,2201427230,4,0,202320
b2203,20220218,20220218,134325500,13:43:26,5058,43489,27786,2201427230,0,0,0
b2203,20220218,20220218,134326500,13:43:26,5058,43489,27786,2201427230,0,0,0
b2203,20220218,20220218,134327000,13:43:27,5058,43499,27796,2201933030,10,10,505800
b2203,20220218,20220218,134327500,13:43:27,5059,43506,27795,2202287060,7,-1,354030
b2203,20220218,20220218,134329000,13:43:29,5059,43506,27795,2202287060,0,0,0
b2203,20220218,20220218,134330000,13:43:30,5059,43506,27795,2202287060,0,0,0
b2203,20220218,20220218,134330500,13:43:30,5058,43507,27795,2202337640,1,0,50580
b2203,20220218,20220218,134333000,13:43:33,5059,43508,27795,2202388230,1,0,50590
b2203,20220218,20220218,134335500,13:43:35,5059,43509,27795,2202438820,1,0,50590
b2203,20220218,20220218,134337500,13:43:37,5059,43513,27791,2202641180,4,-4,202360
b2203,20220218,20220218,134338000,13:43:38,5059,43513,27791,2202641180,0,0,0
b2203,20220218,20220218,134338500,13:43:38,5059,43513,27791,2202641180,0,0,0
b2203,20220218,20220218,134354500,13:44:04,5060,43532,27786,2203602510,19,-5,961330
b2203,20220218,20220218,134355500,13:44:04,5061,43534,27786,2203703730,2,0,101220
b2203,20220218,20220218,134403500,13:44:04,5061,43534,27786,2203703730,0,0,0
b2203,20220218,20220218,134404000,13:44:04,5060,43542,27787,2204108560,8,1,404830
b2203,20220218,20220218,134404500,13:44:05,5060,43542,27787,2204108560,0,0,0
b2203,20220218,20220218,134405500,13:44:06,5059,43544,27789,2204209740,2,2,101180
b2203,20220218,20220218,134406000,13:44:06,5059,43547,27789,2204361510,3,0,151770
b2203,20220218,20220218,134406500,13:44:06,5060,43548,27788,2204412110,1,-1,50600
b2203,20220218,20220218,134407500,13:44:07,5060,43549,27788,2204462710,1,0,50600
b2203,20220218,20220218,134408500,13:44:09,5060,43549,27788,2204462710,0,0,0
b2203,20220218,20220218,134410500,13:44:17,5058,43550,27788,2204513290,1,0,50580
b2203,20220218,20220218,134411000,13:44:17,5058,43550,27788,2204513290,0,0,0
b2203,20220218,20220218,134417000,13:44:17,5058,43550,27788,2204513290,0,0,0
b2203,20220218,20220218,134417500,13:44:18,5058,43557,27789,2204867360,7,1,354070
b2203,20220218,20220218,134418000,13:44:18,5058,43557,27789,2204867360,0,0,0
b2203,20220218,20220218,134418500,13:44:18,5060,43565,27781,2205272110,8,-8,404750
b2203,20220218,20220218,134419000,13:44:19,5060,43567,27782,2205373310,2,1,101200
b2203,20220218,20220218,134423000,13:44:23,5059,43569,27781,2205474500,2,-1,101190
b2203,20220218,20220218,134423500,13:44:24,5059,43570,27781,2205525090,1,0,50590
b2203,20220218,20220218,134425000,13:44:25,5059,43575,27781,2205778040,5,0,252950
b2203,20220218,20220218,134425500,13:44:25,5060,43581,27781,2206081640,6,0,303600
b2203,20220218,20220218,134426000,13:44:26,5060,43581,27781,2206081640,0,0,0
b2203,20220218,20220218,134428000,13:44:29,5060,43581,27781,2206081640,0,0,0
b2203,20220218,20220218,134429000,13:44:29,5060,43581,27781,2206081640,0,0,0
b2203,20220218,20220218,134431000,13:44:37,5060,43581,27781,2206081640,0,0,0
b2203,20220218,20220218,134436500,13:44:37,5060,43581,27781,2206081640,0,0,0
b2203,20220218,20220218,134444000,13:44:44,5059,43583,27779,2206182820,2,-2,101180
b2203,20220218,20220218,134448000,13:44:48,5059,43584,27779,2206233410,1,0,50590
b2203,20220218,20220218,134449000,13:44:49,5059,43584,27779,2206233410,0,0,0
b2203,20220218,20220218,134450000,13:44:50,5059,43587,27780,2206385180,3,1,151770
b2203,20220218,20220218,134450500,13:44:50,5060,43597,27778,2206891180,10,-2,506000
b2203,20220218,20220218,134453000,13:44:53,5061,43604,27780,2207245450,7,2,354270
b2203,20220218,20220218,134454000,13:44:54,5061,43604,27780,2207245450,0,0,0
b2203,20220218,20220218,134456500,13:44:56,5061,43606,27780,2207346670,2,0,101220
b2203,20220218,20220218,134458000,13:44:58,5061,43607,27781,2207397280,1,1,50610
b2203,20220218,20220218,134458500,13:44:59,5061,43607,27781,2207397280,0,0,0
b2203,20220218,20220218,134500500,13:45:01,5061,43608,27781,2207447890,1,0,50610
b2203,20220218,20220218,134502500,13:45:03,5063,43617,27778,2207903500,9,-3,455610
b2203,20220218,20220218,134503000,13:45:03,5062,43618,27778,2207954120,1,0,50620
b2203,20220218,20220218,134503500,13:45:04,5062,43619,27779,2208004740,1,1,50620
b2203,20220218,20220218,134504000,13:45:06,5062,43619,27779,2208004740,0,0,0
b2203,20220218,20220218,134508000,13:45:09,5063,43625,27781,2208308520,6,2,303780
b2203,20220218,20220218,134509000,13:45:10,5063,43625,27781,2208308520,0,0,0
b2203,20220218,20220218,134510500,13:45:10,5063,43627,27783,2208409780,2,2,101260
b2203,20220218,20220218,134511500,13:45:11,5062,43631,27786,2208612260,4,3,202480
b2203,20220218,20220218,134512000,13:45:12,5062,43631,27786,2208612260,0,0,0
b2203,20220218,20220218,134513000,13:45:13,5062,43632,27786,2208662880,1,0,50620
b2203,20220218,20220218,134516000,13:45:17,5060,43634,27786,2208764080,2,0,101200
b2203,20220218,20220218,134516500,13:45:17,5062,43636,27786,2208865320,2,0,101240
b2203,20220218,20220218,134520500,13:45:23,5060,43657,27781,2209927920,21,-5,1062600
b2203,20220218,20220218,134521500,13:45:23,5060,43657,27781,2209927920,0,0,0
b2203,20220218,20220218,134523000,13:45:24,5060,43657,27781,2209927920,0,0,0
b2203,20220218,20220218,134523500,13:45:24,5061,43665,27782,2210332800,8,1,404880
b2203,20220218,20220218,134524000,13:45:24,5061,43665,27782,2210332800,0,0,0
b2203,20220218,20220218,134524500,13:45:25,5060,43666,27782,2210383400,1,0,50600
b2203,20220218,20220218,134526000,13:45:27,5060,43666,27782,2210383400,0,0,0
b2203,20220218,20220218,134527000,13:45:29,5060,43666,27782,2210383400,0,0,0
b2203,20220218,20220218,134528000,13:45:30,5060,43667,27782,2210434000,1,0,50600
b2203,20220218,20220218,134528500,13:45:30,5060,43667,27782,2210434000,0,0,0
b2203,20220218,20220218,134533000,13:45:33,5060,43667,27782,2210434000,0,0,0
b2203,20220218,20220218,134535000,13:45:35,5059,43669,27782,2210535180,2,0,101180
b2203,20220218,20220218,134537000,13:45:37,5059,43669,27782,2210535180,0,0,0
b2203,20220218,20220218,134537500,13:45:37,5059,43669,27782,2210535180,0,0,0
b2203,20220218,20220218,134538500,13:45:39,5061,43670,27782,2210585790,1,0,50610
b2203,20220218,20220218,134539500,13:45:40,5061,43671,27781,2210636400,1,-1,50610
b2203,20220218,20220218,134540000,13:45:40,5061,43671,27781,2210636400,0,0,0
b2203,20220218,20220218,134542000,13:45:45,5061,43671,27781,2210636400,0,0,0
b2203,20220218,20220218,134542500,13:45:45,5059,43678,27776,2210990530,7,-5,354130
b2203,20220218,20220218,134545000,13:45:46,5059,43678,27776,2210990530,0,0,0
b2203,20220218,20220218,134546500,13:45:47,5059,43683,27776,2211243480,5,0,252950
b2203,20220218,20220218,134547000,13:45:47,5059,43684,27776,2211294070,1,0,50590
b2203,20220218,20220218,134547500,13:45:47,5059,43684,27776,2211294070,0,0,0
b2203,20220218,20220218,134548000,13:45:48,5059,43685,27776,2211344660,1,0,50590
b2203,20220218,20220218,134550500,13:45:54,5059,43685,27776,2211344660,0,0,0
b2203,20220218,20220218,134551000,13:45:54,5059,43686,27776,2211395250,1,0,50590
b2203,20220218,20220218,134552500,13:45:54,5058,43688,27776,2211496410,2,0,101160
b2203,20220218,20220218,134554000,13:45:54,5059,43691,27778,2211648160,3,2,151750
b2203,20220218,20220218,134556500,13:46:00,5059,43692,27779,2211698750,1,1,50590
b2203,20220218,20220218,134557000,13:46:00,5059,43692,27779,2211698750,0,0,0
b2203,20220218,20220218,134600000,13:46:01,5059,43692,27779,2211698750,0,0,0
b2203,20220218,20220218,134600500,13:46:01,5058,43712,27774,2212710350,20,-5,1011600
b2203,20220218,20220218,134601000,13:46:01,5058,43713,27774,2212760930,1,0,50580
b2203,20220218,20220218,134604000,13:46:04,5057,43714,27773,2212811500,1,-1,50570
b2203,20220218,20220218,134605500,13:46:05,5057,43714,27773,2212811500,0,0,0
b2203,20220218,20220218,134606500,13:46:06,5057,43715,27773,2212862070,1,0,50570
b2203,20220218,20220218,134607000,13:46:07,5057,43715,27773,2212862070,0,0,0
b2203,20220218,20220218,134609500,13:46:10,5056,43717,27771,2212963190,2,-2,101120
b2203,20220218,20220218,134610000,13:46:11,5056,43718,27770,2213013750,1,-1,50560
b2203,20220218,20220218,134611500,13:46:11,5056,43718,27770,2213013750,0,0,0
b2203,20220218,20220218,134612000,13:46:13,5056,43719,27770,2213064310,1,0,50560
b2203,20220218,20220218,134613000,13:46:13,5056,43719,27770,2213064310,0,0,0
b2203,20220218,20220218,134614000,13:46:14,5056,43720,27770,2213114870,1,0,50560
b2203,20220218,20220218,134614500,13:46:14,5058,43723,27767,2213266610,3,-3,151740
b2203,20220218,20220218,134615000,13:46:15,5057,43727,27767,2213468890,4,0,202280
b2203,20220218,20220218,134615500,13:46:16,5057,43727,27767,2213468890,0,0,0
b2203,20220218,20220218,134618000,13:46:18,5057,43727,27767,2213468890,0,0,0
b2203,20220218,20220218,134618500,13:46:18,5057,43727,27767,2213468890,0,0,0
b2203,20220218,20220218,134619500,13:46:19,5057,43728,27766,2213519460,1,-1,50570
b2203,20220218,20220218,134621000,13:46:21,5057,43728,27766,2213519460,0,0,0
b2203,20220218,20220218,134621500,13:46:21,5057,43728,27766,2213519460,0,0,0
b2203,20220218,20220218,134623000,13:46:30,5057,43728,27766,2213519460,0,0,0
b2203,20220218,20220218,134623500,13:46:30,5058,43730,27764,2213620620,2,-2,101160
b2203,20220218,20220218,134630000,13:46:31,5058,43758,27780,2215036780,28,16,1416160
b2203,20220218,20220218,134630500,13:46:31,5058,43758,27780,2215036780,0,0,0
b2203,20220218,20220218,134631000,13:46:31,5058,43758,27780,2215036780,0,0,0
b2203,20220218,20220218,134632500,13:46:32,5057,43759,27780,2215087350,1,0,50570
b2203,20220218,20220218,134633500,13:46:33,5057,43759,27780,2215087350,0,0,0
b2203,20220218,20220218,134634000,13:46:34,5058,43764,27783,2215340250,5,3,252900
b2203,20220218,20220218,134634500,13:46:35,5058,43764,27783,2215340250,0,0,0
b2203,20220218,20220218,134635000,13:46:35,5058,43764,27783,2215340250,0,0,0
b2203,20220218,20220218,134640500,13:46:42,5058,43765,27784,2215390830,1,1,50580
b2203,20220218,20220218,134641000,13:46:42,5058,43765,27784,2215390830,0,0,0
b2203,20220218,20220218,134641500,13:46:43,5058,43766,27784,2215441410,1,0,50580
b2203,20220218,20220218,134643000,13:46:43,5058,43771,27789,2215694310,5,5,252900
b2203,20220218,20220218,134644500,13:46:47,5058,43771,27789,2215694310,0,0,0
b2203,20220218,20220218,134649500,13:46:50,5057,43772,27789,2215744880,1,0,50570
b2203,20220218,20220218,134651000,13:46:51,5057,43772,27789,2215744880,0,0,0
b2203,20220218,20220218,134652500,13:46:52,5058,43776,27789,2215947200,4,0,202320
b2203,20220218,20220218,134656000,13:46:56,5058,43778,27788,2216048360,2,-1,101160
b2203,20220218,20220218,134657000,13:46:57,5058,43778,27788,2216048360,0,0,0
b2203,20220218,20220218,134659500,13:46:59,5058,43778,27788,2216048360,0,0,0
b2203,20220218,20220218,134703000,13:47:03,5058,43778,27788,2216048360,0,0,0
b2203,20220218,20220218,134706500,13:47:10,5058,43778,27788,2216048360,0,0,0
b2203,20220218,20220218,134707000,13:47:10,5058,43778,27788,2216048360,0,0,0
b2203,20220218,20220218,134709000,13:47:11,5058,43778,27788,2216048360,0,0,0
b2203,20220218,20220218,134711000,13:47:13,5058,43778,27788,2216048360,0,0,0
b2203,20220218,20220218,134711500,13:47:16,5058,43778,27788,2216048360,0,0,0
b2203,20220218,20220218,134712000,13:47:16,5058,43778,27788,2216048360,0,0,0
b2203,20220218,20220218,134714500,13:47:17,5057,43781,27789,2216200090,3,1,151730
b2203,20220218,20220218,134718500,13:47:19,5057,43781,27789,2216200090,0,0,0
b2203,20220218,20220218,134719500,13:47:19,5058,43782,27788,2216250670,1,-1,50580
b2203,20220218,20220218,134720000,13:47:20,5058,43782,27788,2216250670,0,0,0
b2203,20220218,20220218,134723000,13:47:26,5059,43784,27788,2216351850,2,0,101180
b2203,20220218,20220218,134724000,13:47:27,5059,43785,27788,2216402440,1,0,50590
b2203,20220218,20220218,134725000,13:47:27,5059,43786,27788,2216453030,1,0,50590
b2203,20220218,20220218,134727500,13:47:27,5059,43786,27788,2216453030,0,0,0
b2203,20220218,20220218,134728000,13:47:28,5059,43795,27790,2216908340,9,2,455310
b2203,20220218,20220218,134730500,13:47:30,5059,43795,27790,2216908340,0,0,0
b2203,20220218,20220218,134731000,13:47:31,5060,43801,27784,2217211940,6,-6,303600
b2203,20220218,20220218,134732000,13:47:32,5060,43801,27784,2217211940,0,0,0
b2203,20220218,20220218,134733000,13:47:34,5059,43804,27784,2217363710,3,0,151770
b2203,20220218,20220218,134733500,13:47:34,5059,43807,27782,2217515480,3,-2,151770
b2203,20220218,20220218,134738500,13:47:38,5059,43807,27782,2217515480,0,0,0
b2203,20220218,20220218,134739000,13:47:39,5059,43808,27783,2217566070,1,1,50590
b2203,20220218,20220218,134739500,13:47:40,5059,43809,27783,2217616660,1,0,50590
b2203,20220218,20220218,134743000,13:47:43,5059,43809,27783,2217616660,0,0,0
b2203,20220218,20220218,134743500,13:47:43,5060,43812,27780,2217768460,3,-3,151800
b2203,20220218,20220218,134744500,13:47:45,5060,43814,27779,2217869650,2,-1,101190
b2203,20220218,20220218,134745000,13:47:45,5060,43817,27776,2218021450,3,-3,151800
b2203,20220218,20220218,134745500,13:47:46,5060,43819,27776,2218122650,2,0,101200
b2203,20220218,20220218,134747500,13:47:47,5058,43824,27773,2218375550,5,-3,252900
b2203,20220218,20220218,134748500,13:47:48,5058,43824,27773,2218375550,0,0,0
b2203,20220218,20220218,134750500,13:47:50,5061,43825,27773,2218426160,1,0,50610
b2203,20220218,20220218,134755500,13:47:55,5059,43826,27774,2218476750,1,1,50590
b2203,20220218,20220218,134756000,13:47:56,5059,43826,27774,2218476750,0,0,0
b2203,20220218,20220218,134757000,13:47:57,5060,43832,27779,2218780350,6,5,303600
b2203,20220218,20220218,134758500,13:47:58,5061,43837,27782,2219033400,5,3,253050
b2203,20220218,20220218,134804500,13:48:04,5061,43838,27783,2219084010,1,1,50610
b2203,20220218,20220218,134807000,13:48:07,5061,43839,27783,2219134620,1,0,50610
b2203,20220218,20220218,134808500,13:48:08,5061,43839,27783,2219134620,0,0,0
b2203,20220218,20220218,134810000,13:48:10,5061,43840,27784,2219185230,1,1,50610
b2203,20220218,20220218,134812000,13:48:12,5061,43840,27784,2219185230,0,0,0
b2203,20220218,20220218,134814500,13:48:14,5061,43846,27782,2219488890,6,-2,303660
b2203,20220218,20220218,134817000,13:48:17,5061,43846,27782,2219488890,0,0,0
b2203,20220218,20220218,134818000,13:48:19,5062,43852,27783,2219792560,6,1,303670
b2203,20220218,20220218,134818500,13:48:19,5060,43857,27782,2220045560,5,-1,253000
b2203,20220218,20220218,134819000,13:48:20,5060,43859,27781,2220146760,2,-1,101200
b2203,20220218,20220218,134819500,13:48:20,5060,43864,27782,2220399760,5,1,253000
b2203,20220218,20220218,134822500,13:48:23,5060,43864,27782,2220399760,0,0,0
b2203,20220218,20220218,134823000,13:48:23,5060,43864,27782,2220399760,0,0,0
b2203,20220218,20220218,134823500,13:48:24,5060,43864,27782,2220399760,0,0,0
b2203,20220218,20220218,134824500,13:48:24,5060,43864,27782,2220399760,0,0,0
b2203,20220218,20220218,134825500,13:48:27,5059,43868,27780,2220602120,4,-2,202360
b2203,20220218,20220218,134826000,13:48:27,5058,43873,27779,2220855020,5,-1,252900
b2203,20220218,20220218,134827000,13:48:27,5058,43873,27779,2220855020,0,0,0
b2203,20220218,20220218,134827500,13:48:28,5058,43875,27777,2220956180,2,-2,101160
b2203,20220218,20220218,134828000,13:48:28,5059,43877,27775,2221057360,2,-2,101180
b2203,20220218,20220218,134829000,13:48:29,5059,43878,27776,2221107950,1,1,50590
b2203,20220218,20220218,134829500,13:48:30,5059,43878,27776,2221107950,0,0,0
b2203,20220218,20220218,134830000,13:48:30,5059,43880,27778,2221209130,2,2,101180
b2203,20220218,20220218,134830500,13:48:31,5059,43881,27779,2221259720,1,1,50590
b2203,20220218,20220218,134832500,13:48:32,5059,43881,27779,2221259720,0,0,0
b2203,20220218,20220218,134835000,13:48:36,5058,43882,27780,2221310300,1,1,50580
b2203,20220218,20220218,134835500,13:48:36,5058,43882,27780,2221310300,0,0,0
b2203,20220218,20220218,134836000,13:48:37,5058,43885,27783,2221462040,3,3,151740
b2203,20220218,20220218,134838500,13:48:38,5058,43885,27783,2221462040,0,0,0
b2203,20220218,20220218,134839000,13:48:39,5058,43885,27783,2221462040,0,0,0
b2203,20220218,20220218,134839500,13:48:39,5059,43889,27783,2221664400,4,0,202360
b2203,20220218,20220218,134842500,13:48:42,5060,43890,27784,2221715000,1,1,50600
b2203,20220218,20220218,134843000,13:48:43,5060,43895,27787,2221968000,5,3,253000
b2203,20220218,20220218,134844000,13:48:44,5061,43896,27787,2222018610,1,0,50610
b2203,20220218,20220218,134844500,13:48:44,5061,43900,27787,2222221050,4,0,202440
b2203,20220218,20220218,134845000,13:48:45,5061,43903,27787,2222372880,3,0,151830
b2203,20220218,20220218,134851500,13:48:51,5060,43904,27788,2222423480,1,1,50600
b2203,20220218,20220218,134857500,13:48:57,5060,43904,27788,2222423480,0,0,0
b2203,20220218,20220218,134858000,13:48:58,5060,43911,27791,2222777680,7,3,354200
b2203,20220218,20220218,134858500,13:48:59,5060,43912,27791,2222828280,1,0,50600
b2203,20220218,20220218,134859000,13:48:59,5060,43912,27791,2222828280,0,0,0
b2203,20220218,20220218,134859500,13:49:00,5061,43915,27793,2222980110,3,2,151830
b2203,20220218,20220218,134900000,13:49:00,5061,43915,27793,2222980110,0,0,0
b2203,20220218,20220218,134900500,13:49:00,5061,43915,27793,2222980110,0,0,0
b2203,20220218,20220218,134903000,13:49:03,5062,43924,27794,2223435680,9,1,455570
b2203,20220218,20220218,134903500,13:49:04,5062,43924,27794,2223435680,0,0,0
b2203,20220218,20220218,134904500,13:49:04,5062,43924,27794,2223435680,0,0,0
b2203,20220218,20220218,134905500,13:49:05,5062,43926,27794,2223536920,2,0,101240
b2203,20220218,20220218,134906500,13:49:06,5061,43927,27794,2223587530,1,0,50610
b2203,20220218,20220218,134907500,13:49:07,5061,43927,27794,2223587530,0,0,0
b2203,20220218,20220218,134908000,13:49:08,5061,43927,27794,2223587530,0,0,0
b2203,20220218,20220218,134908500,13:49:08,5061,43927,27794,2223587530,0,0,0
b2203,20220218,20220218,134911000,13:49:11,5061,43927,27794,2223587530,0,0,0
b2203,20220218,20220218,134913000,13:49:13,5062,43931,27796,2223790010,4,2,202480
b2203,20220218,20220218,134913500,13:49:13,5062,43935,27794,2223992490,4,-2,202480
b2203,20220218,20220218,134914000,13:49:14,5062,43936,27793,2224043110,1,-1,50620
b2203,20220218,20220218,134914500,13:49:14,5062,43936,27793,2224043110,0,0,0
b2203,20220218,20220218,134915000,13:49:15,5061,43937,27793,2224093720,1,0,50610
b2203,20220218,20220218,134915500,13:49:15,5061,43937,27793,2224093720,0,0,0
b2203,20220218,20220218,134917000,13:49:17,5061,43937,27793,2224093720,0,0,0
b2203,20220218,20220218,134919000,13:49:19,5062,43944,27792,2224448010,7,-1,354290
b2203,20220218,20220218,134919500,13:49:20,5062,43944,27792,2224448010,0,0,0
b2203,20220218,20220218,134920000,13:49:20,5062,43944,27792,2224448010,0,0,0
b2203,20220218,20220218,134922000,13:49:22,5060,43948,27788,2224650410,4,-4,202400
b2203,20220218,20220218,134922500,13:49:23,5060,43949,27788,2224701010,1,0,50600
b2203,20220218,20220218,134923000,13:49:23,5060,43951,27790,2224802220,2,2,101210
b2203,20220218,20220218,134923500,13:49:24,5060,43954,27789,2224954020,3,-1,151800
b2203,20220218,20220218,134924000,13:49:24,5059,43955,27789,2225004610,1,0,50590
b2203,20220218,20220218,134924500,13:49:25,5059,43957,27789,2225105790,2,0,101180
b2203,20220218,20220218,134927500,13:49:28,5059,43958,27789,2225156380,1,0,50590
b2203,20220218,20220218,134928000,13:49:28,5060,43961,27788,2225308180,3,-1,151800
b2203,20220218,20220218,134929500,13:49:29,5059,43966,27789,2225561160,5,1,252980
b2203,20220218,20220218,134930500,13:49:31,5059,43966,27789,2225561160,0,0,0
b2203,20220218,20220218,134933500,13:49:34,5060,43967,27789,2225611760,1,0,50600
b2203,20220218,20220218,134934500,13:49:34,5060,43967,27789,2225611760,0,0,0
b2203,20220218,20220218,134935000,13:49:35,5058,43979,27785,2226218740,12,-4,606980
b2203,20220218,20220218,134935500,13:49:36,5058,43989,27778,2226724540,10,-7,505800
b2203,20220218,20220218,134936000,13:49:36,5058,43989,27778,2226724540,0,0,0
b2203,20220218,20220218,134936500,13:49:36,5058,43990,27777,2226775120,1,-1,50580
b2203,20220218,20220218,134938000,13:49:38,5058,43991,27777,2226825700,1,0,50580
b2203,20220218,20220218,134938500,13:49:38,5058,43994,27774,2226977440,3,-3,151740
b2203,20220218,20220218,134940000,13:49:40,5058,43994,27774,2226977440,0,0,0
b2203,20220218,20220218,134942000,13:49:42,5058,43994,27774,2226977440,0,0,0
b2203,20220218,20220218,134942500,13:49:42,5056,44001,27768,2227331420,7,-6,353980
b2203,20220218,20220218,134943000,13:49:43,5056,44001,27768,2227331420,0,0,0
b2203,20220218,20220218,134943500,13:49:44,5057,44002,27768,2227381990,1,0,50570
b2203,20220218,20220218,134946000,13:49:46,5057,44002,27768,2227381990,0,0,0
b2203,20220218,20220218,134948000,13:49:48,5057,44002,27768,2227381990,0,0,0
b2203,20220218,20220218,134948500,13:49:48,5056,44003,27768,2227432550,1,0,50560
b2203,20220218,20220218,134950000,13:49:50,5056,44004,27769,2227483110,1,1,50560
b2203,20220218,20220218,134951000,13:49:51,5057,44006,27771,2227584250,2,2,101140
b2203,20220218,20220218,134951500,13:49:51,5057,44006,27771,2227584250,0,0,0
b2203,20220218,20220218,134952000,13:49:52,5056,44009,27773,2227735930,3,2,151680
b2203,20220218,20220218,134952500,13:49:54,5056,44020,27780,2228292090,11,7,556160
b2203,20220218,20220218,134954000,13:49:55,5055,44022,27778,2228393190,2,-2,101100
b2203,20220218,20220218,134954500,13:49:55,5055,44028,27778,2228696490,6,0,303300
b2203,20220218,20220218,134955000,13:49:55,5052,44037,27780,2229151190,9,2,454700
b2203,20220218,20220218,134955500,13:49:56,5052,44041,27781,2229353270,4,1,202080
b2203,20220218,20220218,134956000,13:49:56,5053,44046,27785,2229605910,5,4,252640
b2203,20220218,20220218,134956500,13:49:57,5053,44047,27785,2229656440,1,0,50530
b2203,20220218,20220218,134957000,13:49:57,5054,44049,27787,2229757520,2,2,101080
b2203,20220218,20220218,134957500,13:49:57,5054,44049,27787,2229757520,0,0,0
b2203,20220218,20220218,134958000,13:49:58,5053,44051,27788,2229858580,2,1,101060
b2203,20220218,20220218,134958500,13:49:59,5054,44054,27789,2230010180,3,1,151600
b2203,20220218,20220218,134959500,13:49:59,5054,44055,27788,2230060720,1,-1,50540
b2203,20220218,20220218,135001500,13:50:02,5054,44059,27788,2230262910,4,0,202190
b2203,20220218,20220218,135002000,13:50:02,5055,44060,27788,2230313460,1,0,50550
b2203,20220218,20220218,135003000,13:50:03,5056,44065,27785,2230566260,5,-3,252800
b2203,20220218,20220218,135003500,13:50:03,5056,44066,27784,2230616820,1,-1,50560
b2203,20220218,20220218,135004000,13:50:04,5056,44067,27784,2230667380,1,0,50560
b2203,20220218,20220218,135005000,13:50:05,5056,44067,27784,2230667380,0,0,0
b2203,20220218,20220218,135006000,13:50:06,5056,44068,27785,2230717940,1,1,50560
b2203,20220218,20220218,135006500,13:50:06,5057,44074,27787,2231021360,6,2,303420
b2203,20220218,20220218,135022500,13:50:27,5057,44079,27788,2231274190,5,1,252830
b2203,20220218,20220218,135031000,13:50:37,5057,44079,27788,2231274190,0,0,0
b2203,20220218,20220218,135039000,13:50:39,5056,44080,27788,2231324750,1,0,50560
b2203,20220218,20220218,135040000,13:50:40,5058,44081,27789,2231375330,1,1,50580
b2203,20220218,20220218,135042000,13:50:42,5056,44083,27789,2231476450,2,0,101120
b2203,20220218,20220218,135042500,13:50:43,5058,44084,27790,2231527030,1,1,50580
b2203,20220218,20220218,135044500,13:50:45,5058,44084,27790,2231527030,0,0,0
b2203,20220218,20220218,135047500,13:50:47,5058,44086,27790,2231628190,2,0,101160
b2203,20220218,20220218,135048500,13:50:48,5058,44086,27790,2231628190,0,0,0
b2203,20220218,20220218,135051000,13:50:51,5058,44086,27790,2231628190,0,0,0
b2203,20220218,20220218,135052000,13:50:52,5058,44088,27792,2231729350,2,2,101160
b2203,20220218,20220218,135056500,13:50:57,5058,44088,27792,2231729350,0,0,0
b2203,20220218,20220218,135108000,13:51:21,5058,44088,27792,2231729350,0,0,0
b2203,20220218,20220218,135119000,13:51:21,5058,44088,27792,2231729350,0,0,0
b2203,20220218,20220218,135121000,13:51:21,5057,44100,27792,2232336100,12,0,606750
b2203,20220218,20220218,135122500,13:51:22,5058,44101,27793,2232386680,1,1,50580
b2203,20220218,20220218,135123000,13:51:23,5058,44101,27793,2232386680,0,0,0
b2203,20220218,20220218,135123500,13:51:23,5058,44102,27793,2232437260,1,0,50580
b2203,20220218,20220218,135124000,13:51:24,5058,44102,27793,2232437260,0,0,0
b2203,20220218,20220218,135124500,13:51:24,5058,44102,27793,2232437260,0,0,0
b2203,20220218,20220218,135127500,13:51:27,5058,44102,27793,2232437260,0,0,0
b2203,20220218,20220218,135128500,13:51:29,5058,44102,27793,2232437260,0,0,0
b2203,20220218,20220218,135129000,13:51:29,5058,44104,27793,2232538420,2,0,101160
b2203,20220218,20220218,135129500,13:51:29,5058,44104,27793,2232538420,0,0,0
b2203,20220218,20220218,135152000,13:51:52,5058,44104,27793,2232538420,0,0,0
b2203,20220218,20220218,135153500,13:51:53,5058,44111,27798,2232892460,7,5,354040
b2203,20220218,20220218,135154500,13:51:54,5058,44111,27798,2232892460,0,0,0
b2203,20220218,20220218,135156500,13:51:56,5058,44112,27798,2232943040,1,0,50580
b2203,20220218,20220218,135159000,13:51:59,5058,44114,27797,2233044200,2,-1,101160
b2203,20220218,20220218,135202000,13:52:03,5058,44114,27797,2233044200,0,0,0
b2203,20220218,20220218,135203000,13:52:03,5057,44121,27801,2233398230,7,4,354030
b2203,20220218,20220218,135203500,13:52:04,5058,44133,27796,2234005110,12,-5,606880
b2203,20220218,20220218,135205500,13:52:06,5058,44134,27795,2234055690,1,-1,50580
b2203,20220218,20220218,135206000,13:52:06,5056,44135,27795,2234106250,1,0,50560
b2203,20220218,20220218,135210500,13:52:11,5058,44136,27795,2234156830,1,0,50580
b2203,20220218,20220218,135211000,13:52:12,5058,44136,27795,2234156830,0,0,0
b2203,20220218,20220218,135212500,13:52:13,5058,44136,27795,2234156830,0,0,0
b2203,20220218,20220218,135213500,13:52:13,5057,44140,27796,2234359110,4,1,202280
b2203,20220218,20220218,135218000,13:52:19,5057,44140,27796,2234359110,0,0,0
b2203,20220218,20220218,135220500,13:52:24,5057,44140,27796,2234359110,0,0,0
b2203,20220218,20220218,135222500,13:52:24,5057,44140,27796,2234359110,0,0,0
b2203,20220218,20220218,135226500,13:52:27,5057,44140,27796,2234359110,0,0,0
b2203,20220218,20220218,135227000,13:52:27,5056,44144,27794,2234561370,4,-2,202260
b2203,20220218,20220218,135230000,13:52:31,5056,44144,27794,2234561370,0,0,0
b2203,20220218,20220218,135235000,13:52:35,5056,44146,27793,2234662490,2,-1,101120
b2203,20220218,20220218,135236500,13:52:38,5057,44149,27792,2234814200,3,-1,151710
b2203,20220218,20220218,135237000,13:52:44,5056,44151,27790,2234915320,2,-2,101120
b2203,20220218,20220218,135242500,13:52:45,5056,44151,27790,2234915320,0,0,0
b2203,20220218,20220218,135246000,13:52:48,5059,44160,27792,2235370560,9,2,455240
b2203,20220218,20220218,135248500,13:52:49,5059,44160,27792,2235370560,0,0,0
b2203,20220218,20220218,135250000,13:52:50,5060,44164,27791,2235572930,4,-1,202370
b2203,20220218,20220218,135251000,13:52:51,5058,44166,27790,2235674090,2,-1,101160
b2203,20220218,20220218,135255000,13:52:55,5060,44167,27790,2235724690,1,0,50600
b2203,20220218,20220218,135256000,13:52:56,5060,44168,27790,2235775290,1,0,50600
b2203,20220218,20220218,135257000,13:52:57,5059,44170,27792,2235876470,2,2,101180
b2203,20220218,20220218,135300000,13:53:00,5059,44170,27792,2235876470,0,0,0
b2203,20220218,20220218,135302000,13:53:02,5059,44170,27792,2235876470,0,0,0
b2203,20220218,20220218,135303000,13:53:03,5059,44171,27792,2235927060,1,0,50590
b2203,20220218,20220218,135306000,13:53:08,5059,44173,27790,2236028240,2,-2,101180
b2203,20220218,20220218,135306500,13:53:09,5059,44173,27790,2236028240,0,0,0
b2203,20220218,20220218,135309000,13:53:09,5058,44175,27791,2236129400,2,1,101160
b2203,20220218,20220218,135309500,13:53:09,5058,44175,27791,2236129400,0,0,0
b2203,20220218,20220218,135310000,13:53:10,5057,44178,27791,2236281090,3,0,151690
b2203,20220218,20220218,135311000,13:53:11,5057,44178,27791,2236281090,0,0,0
b2203,20220218,20220218,135311500,13:53:12,5057,44178,27791,2236281090,0,0,0
b2203,20220218,20220218,135312000,13:53:12,5057,44178,27791,2236281090,0,0,0
b2203,20220218,20220218,135313500,13:53:13,5057,44178,27791,2236281090,0,0,0
b2203,20220218,20220218,135314000,13:53:14,5056,44179,27790,2236331650,1,-1,50560
