b2204,20220218,20220218,111949000,11:20:05,4824,8479,12636,410698640,8479,1339,410698640
b2204,20220218,20220218,112005000,11:20:10,4824,8479,12636,410698640,0,0,0
b2204,20220218,20220218,112006000,11:20:10,4824,8479,12636,410698640,0,0,0
b2204,20220218,20220218,112022000,11:20:22,4824,8479,12636,410698640,0,0,0
b2204,20220218,20220218,112024000,11:20:24,4824,8479,12636,410698640,0,0,0
b2204,20220218,20220218,112026000,11:20:26,4824,8479,12636,410698640,0,0,0
b2204,20220218,20220218,112028000,11:20:28,4824,8479,12636,410698640,0,0,0
b2204,20220218,20220218,112028500,11:20:28,4824,8479,12636,410698640,0,0,0
b2204,20220218,20220218,112030000,11:20:31,4824,8479,12636,410698640,0,0,0
b2204,20220218,20220218,112032000,11:20:32,4824,8479,12636,410698640,0,0,0
b2204,20220218,20220218,112034000,11:20:34,4824,8479,12636,410698640,0,0,0
b2204,20220218,20220218,112036000,11:20:36,4824,8479,12636,410698640,0,0,0
b2204,20220218,20220218,112038000,11:20:38,4824,8479,12636,410698640,0,0,0
b2204,20220218,20220218,112039500,11:20:40,4824,8479,12636,410698640,0,0,0
b2204,20220218,20220218,112041500,11:20:41,4824,8479,12636,410698640,0,0,0
b2204,20220218,20220218,112049000,11:20:50,4824,8479,12636,410698640,0,0,0
b2204,20220218,20220218,112058000,11:20:58,4824,8479,12636,410698640,0,0,0
b2204,20220218,20220218,112102500,11:21:03,4824,8479,12636,410698640,0,0,0
b2204,20220218,20220218,112104000,11:21:04,4824,8479,12636,410698640,0,0,0
b2204,20220218,20220218,112104500,11:21:05,4824,8479,12636,410698640,0,0,0
b2204,20220218,20220218,112105000,11:21:05,4824,8479,12636,410698640,0,0,0
b2204,20220218,20220218,112110000,11:21:10,4824,8479,12636,410698640,0,0,0
b2204,20220218,20220218,112110500,11:21:11,4824,8479,12636,410698640,0,0,0
b2204,20220218,20220218,112113000,11:21:13,4824,8479,12636,410698640,0,0,0
b2204,20220218,20220218,112113500,11:21:13,4824,8479,12636,410698640,0,0,0
b2204,20220218,20220218,112116500,11:21:17,4824,8479,12636,410698640,0,0,0
b2204,20220218,20220218,112119500,11:21:19,4824,8479,12636,410698640,0,0,0
b2204,20220218,20220218,112120000,11:21:20,4824,8479,12636,410698640,0,0,0
b2204,20220218,20220218,112120500,11:21:22,4824,8479,12636,410698640,0,0,0
b2204,20220218,20220218,112122500,11:21:22,4824,8479,12636,410698640,0,0,0
b2204,20220218,20220218,112123000,11:21:23,4824,8479,12636,410698640,0,0,0
b2204,20220218,20220218,112123500,11:21:24,4826,8481,12638,410795160,2,2,96520
b2204,20220218,20220218,112124000,11:21:24,4826,8481,12638,410795160,0,0,0
b2204,20220218,20220218,112330500,11:23:33,4826,8481,12638,410795160,0,0,0
b2204,20220218,20220218,112333000,11:23:33,4826,8481,12638,410795160,0,0,0
b2204,20220218,20220218,112333500,11:23:33,4826,8481,12638,410795160,0,0,0
b2204,20220218,20220218,112335500,11:23:35,4826,8481,12638,410795160,0,0,0
b2204,20220218,20220218,112338000,11:23:38,4826,8481,12638,410795160,0,0,0
b2204,20220218,20220218,112338500,11:23:38,4826,8481,12638,410795160,0,0,0
b2204,20220218,20220218,112339000,11:23:39,4826,8481,12638,410795160,0,0,0
b2204,20220218,20220218,112339500,11:23:39,4826,8481,12638,410795160,0,0,0
b2204,20220218,20220218,112340000,11:23:40,4826,8481,12638,410795160,0,0,0
b2204,20220218,20220218,112340500,11:23:40,4826,8481,12638,410795160,0,0,0
b2204,20220218,20220218,112341000,11:23:41,4826,8481,12638,410795160,0,0,0
b2204,20220218,20220218,112341500,11:23:42,4826,8481,12638,410795160,0,0,0
b2204,20220218,20220218,112342500,11:23:42,4826,8481,12638,410795160,0,0,0
b2204,20220218,20220218,112343000,11:23:43,4826,8481,12638,410795160,0,0,0
b2204,20220218,20220218,112349500,11:23:50,4826,8481,12638,410795160,0,0,0
b2204,20220218,20220218,112350000,11:23:50,4826,8481,12638,410795160,0,0,0
b2204,20220218,20220218,112350500,11:23:50,4826,8481,12638,410795160,0,0,0
b2204,20220218,20220218,112351000,11:23:51,4826,8481,12638,410795160,0,0,0
b2204,20220218,20220218,112351500,11:23:51,4826,8481,12638,410795160,0,0,0
b2204,20220218,20220218,112353000,11:23:53,4826,8481,12638,410795160,0,0,0
b2204,20220218,20220218,112402000,11:24:02,4826,8481,12638,410795160,0,0,0
b2204,20220218,20220218,112402500,11:24:02,4826,8481,12638,410795160,0,0,0
b2204,20220218,20220218,112403000,11:24:03,4828,8514,12656,412387700,33,18,1592540
b2204,20220218,20220218,112403500,11:24:04,4828,8514,12656,412387700,0,0,0
b2204,20220218,20220218,112404000,11:24:04,4828,8514,12656,412387700,0,0,0
b2204,20220218,20220218,112404500,11:24:04,4828,8514,12656,412387700,0,0,0
b2204,20220218,20220218,112405000,11:24:05,4828,8514,12656,412387700,0,0,0
b2204,20220218,20220218,112405500,11:24:05,4828,8514,12656,412387700,0,0,0
b2204,20220218,20220218,112406000,11:24:06,4828,8514,12656,412387700,0,0,0
b2204,20220218,20220218,112412500,11:24:12,4828,8514,12656,412387700,0,0,0
b2204,20220218,20220218,112413000,11:24:13,4828,8514,12656,412387700,0,0,0
b2204,20220218,20220218,112413500,11:24:14,4828,8514,12656,412387700,0,0,0
b2204,20220218,20220218,112414000,11:24:14,4828,8514,12656,412387700,0,0,0
b2204,20220218,20220218,112416000,11:24:16,4828,8514,12656,412387700,0,0,0
b2204,20220218,20220218,112416500,11:24:17,4828,8514,12656,412387700,0,0,0
b2204,20220218,20220218,112417000,11:24:17,4828,8514,12656,412387700,0,0,0
b2204,20220218,20220218,112417500,11:24:18,4828,8514,12656,412387700,0,0,0
b2204,20220218,20220218,112418000,11:24:18,4828,8514,12656,412387700,0,0,0
b2204,20220218,20220218,112418500,11:24:19,4828,8514,12656,412387700,0,0,0
b2204,20220218,20220218,112419500,11:24:20,4828,8514,12656,412387700,0,0,0
b2204,20220218,20220218,112423500,11:24:23,4828,8514,12656,412387700,0,0,0
b2204,20220218,20220218,112425500,11:24:25,4828,8514,12656,412387700,0,0,0
b2204,20220218,20220218,112426000,11:24:26,4828,8514,12656,412387700,0,0,0
b2204,20220218,20220218,112428000,11:24:28,4828,8514,12656,412387700,0,0,0
b2204,20220218,20220218,112428500,11:24:28,4828,8514,12656,412387700,0,0,0
b2204,20220218,20220218,112429000,11:24:29,4828,8514,12656,412387700,0,0,0
b2204,20220218,20220218,112429500,11:24:29,4828,8514,12656,412387700,0,0,0
b2204,20220218,20220218,112433000,11:24:33,4828,8514,12656,412387700,0,0,0
b2204,20220218,20220218,112433500,11:24:33,4828,8514,12656,412387700,0,0,0
b2204,20220218,20220218,112435500,11:24:35,4828,8514,12656,412387700,0,0,0
b2204,20220218,20220218,112437500,11:24:39,4830,8515,12657,412436000,1,1,48300
b2204,20220218,20220218,112439000,11:24:40,4830,8515,12657,412436000,0,0,0
b2204,20220218,20220218,112439500,11:24:40,4830,8515,12657,412436000,0,0,0
b2204,20220218,20220218,112440000,11:24:40,4830,8515,12657,412436000,0,0,0
b2204,20220218,20220218,112440500,11:24:40,4830,8515,12657,412436000,0,0,0
b2204,20220218,20220218,112449000,11:24:49,4830,8515,12657,412436000,0,0,0
b2204,20220218,20220218,112449500,11:24:49,4831,8516,12657,412484310,1,0,48310
b2204,20220218,20220218,112450000,11:24:50,4831,8516,12657,412484310,0,0,0
b2204,20220218,20220218,112450500,11:24:50,4831,8516,12657,412484310,0,0,0
b2204,20220218,20220218,112452500,11:24:52,4831,8516,12657,412484310,0,0,0
b2204,20220218,20220218,112453000,11:24:53,4831,8516,12657,412484310,0,0,0
b2204,20220218,20220218,112453500,11:24:53,4831,8516,12657,412484310,0,0,0
b2204,20220218,20220218,112454500,11:24:54,4831,8516,12657,412484310,0,0,0
b2204,20220218,20220218,112455000,11:24:55,4831,8516,12657,412484310,0,0,0
b2204,20220218,20220218,112455500,11:24:56,4831,8516,12657,412484310,0,0,0
b2204,20220218,20220218,112457000,11:24:57,4831,8516,12657,412484310,0,0,0
b2204,20220218,20220218,112500500,11:25:01,4831,8516,12657,412484310,0,0,0
b2204,20220218,20220218,112501000,11:25:01,4833,8518,12657,412580970,2,0,96660
b2204,20220218,20220218,112501500,11:25:04,4833,8533,12660,413305910,15,3,724940
b2204,20220218,20220218,112502000,11:25:05,4834,8540,12661,413644290,7,1,338380
b2204,20220218,20220218,112502500,11:25:06,4834,8540,12661,413644290,0,0,0
b2204,20220218,20220218,112503000,11:25:06,4834,8540,12661,413644290,0,0,0
b2204,20220218,20220218,112505500,11:25:06,4834,8540,12661,413644290,0,0,0
b2204,20220218,20220218,112506000,11:25:06,4834,8540,12661,413644290,0,0,0
b2204,20220218,20220218,112506500,11:25:07,4834,8540,12661,413644290,0,0,0
b2204,20220218,20220218,112508000,11:25:08,4834,8540,12661,413644290,0,0,0
b2204,20220218,20220218,112508500,11:25:08,4834,8540,12661,413644290,0,0,0
b2204,20220218,20220218,112511000,11:25:11,4832,8541,12661,413692610,1,0,48320
b2204,20220218,20220218,112512000,11:25:12,4832,8541,12661,413692610,0,0,0
b2204,20220218,20220218,112512500,11:25:12,4832,8542,12662,413740930,1,1,48320
b2204,20220218,20220218,112513000,11:25:13,4832,8544,12662,413837570,2,0,96640
b2204,20220218,20220218,112513500,11:25:15,4830,8576,12663,415383230,32,1,1545660
b2204,20220218,20220218,112514000,11:25:15,4830,8576,12663,415383230,0,0,0
b2204,20220218,20220218,112514500,11:25:15,4830,8576,12663,415383230,0,0,0
b2204,20220218,20220218,112516000,11:25:16,4830,8576,12663,415383230,0,0,0
b2204,20220218,20220218,112516500,11:25:16,4830,8576,12663,415383230,0,0,0
b2204,20220218,20220218,112518000,11:25:19,4830,8576,12663,415383230,0,0,0
b2204,20220218,20220218,112520500,11:25:21,4830,8576,12663,415383230,0,0,0
b2204,20220218,20220218,112524500,11:25:25,4831,8577,12663,415431540,1,0,48310
b2204,20220218,20220218,112525000,11:25:25,4832,8616,12669,417315970,39,6,1884430
b2204,20220218,20220218,112525500,11:25:26,4832,8627,12670,417847490,11,1,531520
b2204,20220218,20220218,112526000,11:25:26,4832,8627,12670,417847490,0,0,0
b2204,20220218,20220218,112527000,11:25:28,4832,8627,12670,417847490,0,0,0
b2204,20220218,20220218,112528000,11:25:28,4832,8627,12670,417847490,0,0,0
b2204,20220218,20220218,112529500,11:25:30,4832,8627,12670,417847490,0,0,0
b2204,20220218,20220218,112530000,11:25:31,4832,8627,12670,417847490,0,0,0
b2204,20220218,20220218,112530500,11:25:31,4832,8629,12670,417944130,2,0,96640
b2204,20220218,20220218,112531000,11:25:31,4832,8631,12670,418040770,2,0,96640
b2204,20220218,20220218,112531500,11:25:32,4832,8631,12670,418040770,0,0,0
b2204,20220218,20220218,112532000,11:25:32,4832,8631,12670,418040770,0,0,0
b2204,20220218,20220218,112532500,11:25:33,4832,8631,12670,418040770,0,0,0
b2204,20220218,20220218,112533000,11:25:33,4832,8631,12670,418040770,0,0,0
b2204,20220218,20220218,112533500,11:25:33,4832,8631,12670,418040770,0,0,0
b2204,20220218,20220218,112534000,11:25:34,4832,8631,12670,418040770,0,0,0
b2204,20220218,20220218,112545500,11:25:46,4830,8694,12693,421083130,63,23,3042360
b2204,20220218,20220218,112546000,11:25:47,4830,8694,12693,421083130,0,0,0
b2204,20220218,20220218,112546500,11:25:47,4830,8694,12693,421083130,0,0,0
b2204,20220218,20220218,112547500,11:25:48,4830,8694,12693,421083130,0,0,0
b2204,20220218,20220218,112548000,11:25:48,4830,8694,12693,421083130,0,0,0
b2204,20220218,20220218,112548500,11:25:48,4830,8694,12693,421083130,0,0,0
b2204,20220218,20220218,112549000,11:25:49,4830,8694,12693,421083130,0,0,0
b2204,20220218,20220218,112552000,11:25:52,4829,8734,12706,423014730,40,13,1931600
b2204,20220218,20220218,112552500,11:25:52,4829,8734,12706,423014730,0,0,0
b2204,20220218,20220218,112553000,11:25:53,4829,8734,12706,423014730,0,0,0
b2204,20220218,20220218,112553500,11:25:54,4829,8734,12706,423014730,0,0,0
b2204,20220218,20220218,112556000,11:25:57,4829,8744,12711,423497630,10,5,482900
b2204,20220218,20220218,112556500,11:25:57,4829,8744,12711,423497630,0,0,0
b2204,20220218,20220218,112557000,11:25:57,4829,8744,12711,423497630,0,0,0
b2204,20220218,20220218,112558000,11:25:59,4829,8745,12710,423545920,1,-1,48290
b2204,20220218,20220218,112600500,11:26:01,4829,8745,12710,423545920,0,0,0
b2204,20220218,20220218,112601500,11:26:03,4829,8745,12710,423545920,0,0,0
b2204,20220218,20220218,112603000,11:26:03,4829,8745,12710,423545920,0,0,0
b2204,20220218,20220218,112604500,11:26:05,4830,8746,12710,423594220,1,0,48300
b2204,20220218,20220218,112606000,11:26:06,4830,8750,12706,423787420,4,-4,193200
b2204,20220218,20220218,112606500,11:26:07,4830,8750,12706,423787420,0,0,0
b2204,20220218,20220218,112607000,11:26:09,4830,8750,12706,423787420,0,0,0
b2204,20220218,20220218,112607500,11:26:09,4830,8750,12706,423787420,0,0,0
b2204,20220218,20220218,112608500,11:26:10,4830,8750,12706,423787420,0,0,0
b2204,20220218,20220218,112622500,11:26:22,4830,8750,12706,423787420,0,0,0
b2204,20220218,20220218,112628000,11:26:28,4830,8750,12706,423787420,0,0,0
b2204,20220218,20220218,112628500,11:26:28,4830,8750,12706,423787420,0,0,0
b2204,20220218,20220218,112629000,11:26:29,4830,8750,12706,423787420,0,0,0
b2204,20220218,20220218,112629500,11:26:30,4830,8750,12706,423787420,0,0,0
b2204,20220218,20220218,112630000,11:26:31,4830,8750,12706,423787420,0,0,0
b2204,20220218,20220218,112630500,11:26:31,4830,8750,12706,423787420,0,0,0
b2204,20220218,20220218,112635500,11:26:38,4830,8750,12706,423787420,0,0,0
b2204,20220218,20220218,112637000,11:26:38,4830,8750,12706,423787420,0,0,0
b2204,20220218,20220218,112653000,11:27:10,4830,8750,12706,423787420,0,0,0
b2204,20220218,20220218,112708000,11:27:12,4830,8750,12706,423787420,0,0,0
b2204,20220218,20220218,112712000,11:27:12,4830,8750,12706,423787420,0,0,0
b2204,20220218,20220218,112713000,11:27:14,4830,8750,12706,423787420,0,0,0
b2204,20220218,20220218,112714000,11:27:15,4830,8754,12704,423980630,4,-2,193210
b2204,20220218,20220218,112714500,11:27:15,4830,8754,12704,423980630,0,0,0
b2204,20220218,20220218,112715000,11:27:16,4830,8754,12704,423980630,0,0,0
b2204,20220218,20220218,112715500,11:27:16,4830,8754,12704,423980630,0,0,0
b2204,20220218,20220218,112720000,11:27:20,4830,8754,12704,423980630,0,0,0
b2204,20220218,20220218,112720500,11:27:21,4830,8754,12704,423980630,0,0,0
b2204,20220218,20220218,112721000,11:27:21,4830,8754,12704,423980630,0,0,0
b2204,20220218,20220218,112723500,11:27:27,4830,8754,12704,423980630,0,0,0
b2204,20220218,20220218,112725500,11:27:27,4830,8754,12704,423980630,0,0,0
b2204,20220218,20220218,112727500,11:27:27,4830,8754,12704,423980630,0,0,0
b2204,20220218,20220218,112728000,11:27:28,4830,8754,12704,423980630,0,0,0
b2204,20220218,20220218,112728500,11:27:28,4831,8756,12706,424077250,2,2,96620
b2204,20220218,20220218,112730000,11:27:30,4831,8756,12706,424077250,0,0,0
b2204,20220218,20220218,112730500,11:27:31,4831,8756,12706,424077250,0,0,0
b2204,20220218,20220218,112735500,11:27:36,4831,8756,12706,424077250,0,0,0
b2204,20220218,20220218,112736000,11:27:37,4831,8756,12706,424077250,0,0,0
b2204,20220218,20220218,112738000,11:27:39,4831,8756,12706,424077250,0,0,0
b2204,20220218,20220218,112738500,11:27:39,4831,8756,12706,424077250,0,0,0
b2204,20220218,20220218,112743000,11:27:43,4831,8756,12706,424077250,0,0,0
b2204,20220218,20220218,112754000,11:27:54,4832,8757,12706,424125570,1,0,48320
b2204,20220218,20220218,112800500,11:28:01,4832,8757,12706,424125570,0,0,0
b2204,20220218,20220218,112809500,11:28:11,4832,8757,12706,424125570,0,0,0
b2204,20220218,20220218,112813500,11:28:14,4832,8757,12706,424125570,0,0,0
b2204,20220218,20220218,112818000,11:28:18,4832,8757,12706,424125570,0,0,0
b2204,20220218,20220218,112818500,11:28:18,4830,8758,12705,424173870,1,-1,48300
b2204,20220218,20220218,112819000,11:28:19,4830,8758,12705,424173870,0,0,0
b2204,20220218,20220218,112819500,11:28:19,4830,8758,12705,424173870,0,0,0
b2204,20220218,20220218,112820000,11:28:20,4830,8758,12705,424173870,0,0,0
b2204,20220218,20220218,112820500,11:28:20,4830,8758,12705,424173870,0,0,0
b2204,20220218,20220218,112833000,11:28:33,4830,8758,12705,424173870,0,0,0
b2204,20220218,20220218,112833500,11:28:33,4830,8758,12705,424173870,0,0,0
b2204,20220218,20220218,112834000,11:28:34,4830,8758,12705,424173870,0,0,0
b2204,20220218,20220218,112848500,11:28:48,4830,8758,12705,424173870,0,0,0
b2204,20220218,20220218,112849000,11:28:49,4830,8759,12705,424222170,1,0,48300
b2204,20220218,20220218,112849500,11:28:50,4830,8759,12705,424222170,0,0,0
b2204,20220218,20220218,112850000,11:28:50,4830,8760,12704,424270470,1,-1,48300
b2204,20220218,20220218,112850500,11:28:50,4830,8760,12704,424270470,0,0,0
b2204,20220218,20220218,112851000,11:28:51,4830,8760,12704,424270470,0,0,0
b2204,20220218,20220218,112851500,11:28:52,4830,8760,12704,424270470,0,0,0
b2204,20220218,20220218,112852000,11:28:53,4830,8760,12704,424270470,0,0,0
b2204,20220218,20220218,112852500,11:28:54,4830,8760,12704,424270470,0,0,0
b2204,20220218,20220218,112853000,11:28:54,4830,8760,12704,424270470,0,0,0
b2204,20220218,20220218,112853500,11:28:54,4830,8760,12704,424270470,0,0,0
b2204,20220218,20220218,112854000,11:28:54,4830,8761,12703,424318770,1,-1,48300
b2204,20220218,20220218,112854500,11:28:54,4830,8761,12703,424318770,0,0,0
b2204,20220218,20220218,112855000,11:28:55,4830,8761,12703,424318770,0,0,0
b2204,20220218,20220218,112855500,11:28:56,4830,8761,12703,424318770,0,0,0
b2204,20220218,20220218,112856000,11:28:56,4830,8761,12703,424318770,0,0,0
b2204,20220218,20220218,112856500,11:28:56,4830,8761,12703,424318770,0,0,0
b2204,20220218,20220218,112857000,11:28:57,4830,8761,12703,424318770,0,0,0
b2204,20220218,20220218,112857500,11:28:58,4830,8761,12703,424318770,0,0,0
b2204,20220218,20220218,112858000,11:28:58,4830,8761,12703,424318770,0,0,0
b2204,20220218,20220218,112858500,11:28:59,4830,8761,12703,424318770,0,0,0
b2204,20220218,20220218,112859000,11:28:59,4830,8761,12703,424318770,0,0,0
b2204,20220218,20220218,112901500,11:29:01,4830,8761,12703,424318770,0,0,0
b2204,20220218,20220218,112902000,11:29:02,4830,8761,12703,424318770,0,0,0
b2204,20220218,20220218,112902500,11:29:03,4830,8761,12703,424318770,0,0,0
b2204,20220218,20220218,112903000,11:29:03,4830,8761,12703,424318770,0,0,0
b2204,20220218,20220218,112903500,11:29:04,4830,8761,12703,424318770,0,0,0
b2204,20220218,20220218,112904000,11:29:04,4830,8761,12703,424318770,0,0,0
b2204,20220218,20220218,112904500,11:29:04,4830,8761,12703,424318770,0,0,0
b2204,20220218,20220218,112905000,11:29:05,4830,8761,12703,424318770,0,0,0
b2204,20220218,20220218,112905500,11:29:06,4830,8761,12703,424318770,0,0,0
b2204,20220218,20220218,112906000,11:29:06,4830,8761,12703,424318770,0,0,0
b2204,20220218,20220218,112906500,11:29:06,4830,8761,12703,424318770,0,0,0
b2204,20220218,20220218,112907000,11:29:07,4830,8761,12703,424318770,0,0,0
b2204,20220218,20220218,112907500,11:29:08,4830,8761,12703,424318770,0,0,0
b2204,20220218,20220218,112908000,11:29:08,4830,8761,12703,424318770,0,0,0
b2204,20220218,20220218,112908500,11:29:08,4830,8761,12703,424318770,0,0,0
b2204,20220218,20220218,112909000,11:29:09,4830,8761,12703,424318770,0,0,0
b2204,20220218,20220218,112917000,11:29:20,4830,8761,12703,424318770,0,0,0
b2204,20220218,20220218,112918500,11:29:21,4830,8761,12703,424318770,0,0,0
b2204,20220218,20220218,112921000,11:29:22,4830,8761,12703,424318770,0,0,0
b2204,20220218,20220218,112921500,11:29:24,4830,8761,12703,424318770,0,0,0
b2204,20220218,20220218,112922000,11:29:24,4831,8762,12703,424367080,1,0,48310
b2204,20220218,20220218,112923000,11:29:24,4832,8764,12703,424463720,2,0,96640
b2204,20220218,20220218,112924000,11:29:24,4832,8764,12703,424463720,0,0,0
b2204,20220218,20220218,112924500,11:29:25,4832,8764,12703,424463720,0,0,0
b2204,20220218,20220218,112925500,11:29:25,4832,8764,12703,424463720,0,0,0
b2204,20220218,20220218,112926000,11:29:26,4832,8764,12703,424463720,0,0,0
b2204,20220218,20220218,112926500,11:29:26,4832,8764,12703,424463720,0,0,0
b2204,20220218,20220218,112927000,11:29:27,4832,8764,12703,424463720,0,0,0
b2204,20220218,20220218,112928000,11:29:28,4832,8769,12704,424705320,5,1,241600
b2204,20220218,20220218,112928500,11:29:29,4832,8769,12704,424705320,0,0,0
b2204,20220218,20220218,112929000,11:29:29,4830,8770,12705,424753620,1,1,48300
b2204,20220218,20220218,112929500,11:29:29,4830,8770,12705,424753620,0,0,0
b2204,20220218,20220218,112930000,11:29:30,4830,8770,12705,424753620,0,0,0
b2204,20220218,20220218,112930500,11:29:31,4830,8770,12705,424753620,0,0,0
b2204,20220218,20220218,112931000,11:29:32,4833,8772,12704,424850280,2,-1,96660
b2204,20220218,20220218,112931500,11:29:32,4833,8772,12704,424850280,0,0,0
b2204,20220218,20220218,112932000,11:29:32,4833,8772,12704,424850280,0,0,0
b2204,20220218,20220218,112932500,11:29:37,4833,8772,12704,424850280,0,0,0
b2204,20220218,20220218,112933000,11:29:37,4833,8772,12704,424850280,0,0,0
b2204,20220218,20220218,112936500,11:29:38,4829,8773,12705,424898570,1,1,48290
b2204,20220218,20220218,112937500,11:29:38,4829,8774,12704,424946860,1,-1,48290
b2204,20220218,20220218,112938000,11:29:38,4829,8774,12704,424946860,0,0,0
b2204,20220218,20220218,112938500,11:29:39,4829,8774,12704,424946860,0,0,0
b2204,20220218,20220218,112939000,11:29:39,4829,8774,12704,424946860,0,0,0
b2204,20220218,20220218,112939500,11:29:40,4829,8774,12704,424946860,0,0,0
b2204,20220218,20220218,112940000,11:29:40,4829,8774,12704,424946860,0,0,0
b2204,20220218,20220218,112940500,11:29:40,4829,8774,12704,424946860,0,0,0
b2204,20220218,20220218,112941000,11:29:41,4829,8774,12704,424946860,0,0,0
b2204,20220218,20220218,112941500,11:29:42,4829,8774,12704,424946860,0,0,0
b2204,20220218,20220218,112944500,11:29:45,4829,8774,12704,424946860,0,0,0
b2204,20220218,20220218,112945500,11:29:46,4829,8774,12704,424946860,0,0,0
b2204,20220218,20220218,112947500,11:29:48,4829,8774,12704,424946860,0,0,0
b2204,20220218,20220218,112949000,11:29:50,4829,8774,12704,424946860,0,0,0
b2204,20220218,20220218,112949500,11:29:50,4829,8774,12704,424946860,0,0,0
b2204,20220218,20220218,112951000,11:29:52,4829,8774,12704,424946860,0,0,0
b2204,20220218,20220218,113001000,11:30:03,4829,8774,12704,424946860,0,0,0
b2204,20220218,20220218,113001500,11:30:03,4829,8774,12704,424946860,0,0,0
b2204,20220218,20220218,133001500,13:30:02,4828,8776,12703,425043420,2,-1,96560
b2204,20220218,20220218,133002000,13:30:08,4826,8777,12703,425091680,1,0,48260
b2204,20220218,20220218,133002500,13:30:09,4828,8778,12704,425139960,1,1,48280
b2204,20220218,20220218,133008000,13:30:10,4828,8778,12704,425139960,0,0,0
b2204,20220218,20220218,133008500,13:30:10,4828,8778,12704,425139960,0,0,0
b2204,20220218,20220218,133009500,13:30:10,4828,8778,12704,425139960,0,0,0
b2204,20220218,20220218,133010000,13:30:11,4828,8778,12704,425139960,0,0,0
b2204,20220218,20220218,133010500,13:30:12,4828,8778,12704,425139960,0,0,0
b2204,20220218,20220218,133011000,13:30:13,4828,8778,12704,425139960,0,0,0
b2204,20220218,20220218,133011500,13:30:13,4828,8778,12704,425139960,0,0,0
b2204,20220218,20220218,133013500,13:30:14,4828,8778,12704,425139960,0,0,0
b2204,20220218,20220218,133015000,13:30:18,4828,8778,12704,425139960,0,0,0
b2204,20220218,20220218,133016500,13:30:18,4823,8792,12703,425815160,14,-1,675200
b2204,20220218,20220218,133017000,13:30:18,4823,8793,12702,425863390,1,-1,48230
b2204,20220218,20220218,133018000,13:30:19,4823,8793,12702,425863390,0,0,0
b2204,20220218,20220218,133019000,13:30:20,4822,8795,12702,425959830,2,0,96440
b2204,20220218,20220218,133019500,13:30:21,4822,8795,12702,425959830,0,0,0
b2204,20220218,20220218,133020500,13:30:21,4822,8795,12702,425959830,0,0,0
b2204,20220218,20220218,133021500,13:30:22,4822,8795,12702,425959830,0,0,0
b2204,20220218,20220218,133022500,13:30:38,4822,8795,12702,425959830,0,0,0
b2204,20220218,20220218,133023000,13:30:38,4821,8796,12703,426008040,1,1,48210
b2204,20220218,20220218,133038000,13:30:40,4821,8796,12703,426008040,0,0,0
b2204,20220218,20220218,133040500,13:30:42,4821,8796,12703,426008040,0,0,0
b2204,20220218,20220218,133041000,13:30:43,4821,8796,12703,426008040,0,0,0
b2204,20220218,20220218,133042000,13:30:44,4821,8796,12703,426008040,0,0,0
b2204,20220218,20220218,133043500,13:30:45,4821,8796,12703,426008040,0,0,0
b2204,20220218,20220218,133044000,13:30:46,4821,8796,12703,426008040,0,0,0
b2204,20220218,20220218,133044500,13:30:46,4821,8796,12703,426008040,0,0,0
b2204,20220218,20220218,133045000,13:30:46,4821,8796,12703,426008040,0,0,0
b2204,20220218,20220218,133045500,13:30:46,4821,8796,12703,426008040,0,0,0
b2204,20220218,20220218,133046000,13:30:47,4821,8796,12703,426008040,0,0,0
b2204,20220218,20220218,133046500,13:30:47,4821,8796,12703,426008040,0,0,0
b2204,20220218,20220218,133056000,13:30:57,4823,8799,12704,426152700,3,1,144660
b2204,20220218,20220218,133057500,13:30:58,4822,8801,12706,426249140,2,2,96440
b2204,20220218,20220218,133103500,13:31:05,4822,8801,12706,426249140,0,0,0
b2204,20220218,20220218,133104000,13:31:06,4822,8801,12706,426249140,0,0,0
b2204,20220218,20220218,133104500,13:31:07,4822,8801,12706,426249140,0,0,0
b2204,20220218,20220218,133105000,13:31:08,4822,8801,12706,426249140,0,0,0
b2204,20220218,20220218,133106000,13:31:08,4822,8801,12706,426249140,0,0,0
b2204,20220218,20220218,133107000,13:31:08,4822,8802,12707,426297360,1,1,48220
b2204,20220218,20220218,133107500,13:31:09,4822,8802,12707,426297360,0,0,0
b2204,20220218,20220218,133108000,13:31:09,4822,8802,12707,426297360,0,0,0
b2204,20220218,20220218,133110000,13:31:11,4822,8802,12707,426297360,0,0,0
b2204,20220218,20220218,133110500,13:31:11,4822,8802,12707,426297360,0,0,0
b2204,20220218,20220218,133111000,13:31:12,4822,8802,12707,426297360,0,0,0
b2204,20220218,20220218,133111500,13:31:12,4822,8802,12707,426297360,0,0,0
b2204,20220218,20220218,133112000,13:31:12,4822,8802,12707,426297360,0,0,0
b2204,20220218,20220218,133112500,13:31:13,4822,8802,12707,426297360,0,0,0
b2204,20220218,20220218,133114500,13:31:15,4822,8802,12707,426297360,0,0,0
b2204,20220218,20220218,133115000,13:31:15,4822,8802,12707,426297360,0,0,0
b2204,20220218,20220218,133117000,13:31:17,4822,8802,12707,426297360,0,0,0
b2204,20220218,20220218,133117500,13:31:18,4822,8802,12707,426297360,0,0,0
b2204,20220218,20220218,133118000,13:31:19,4822,8802,12707,426297360,0,0,0
b2204,20220218,20220218,133118500,13:31:19,4822,8802,12707,426297360,0,0,0
b2204,20220218,20220218,133159000,13:31:59,4824,8803,12707,426345600,1,0,48240
b2204,20220218,20220218,133159500,13:32:00,4824,8803,12707,426345600,0,0,0
b2204,20220218,20220218,133200000,13:32:00,4824,8803,12707,426345600,0,0,0
b2204,20220218,20220218,133200500,13:32:01,4824,8803,12707,426345600,0,0,0
b2204,20220218,20220218,133201000,13:32:01,4824,8803,12707,426345600,0,0,0
b2204,20220218,20220218,133201500,13:32:01,4824,8806,12709,426490350,3,2,144750
b2204,20220218,20220218,133202000,13:32:03,4824,8807,12710,426538590,1,1,48240
b2204,20220218,20220218,133202500,13:32:04,4824,8807,12710,426538590,0,0,0
b2204,20220218,20220218,133203000,13:32:04,4824,8808,12710,426586830,1,0,48240
b2204,20220218,20220218,133203500,13:32:05,4824,8808,12710,426586830,0,0,0
b2204,20220218,20220218,133204500,13:32:06,4824,8808,12710,426586830,0,0,0
b2204,20220218,20220218,133209500,13:32:10,4824,8808,12710,426586830,0,0,0
b2204,20220218,20220218,133210000,13:32:10,4824,8808,12710,426586830,0,0,0
b2204,20220218,20220218,133211000,13:32:14,4824,8808,12710,426586830,0,0,0
b2204,20220218,20220218,133213000,13:32:15,4824,8808,12710,426586830,0,0,0
b2204,20220218,20220218,133214000,13:32:15,4824,8808,12710,426586830,0,0,0
b2204,20220218,20220218,133215000,13:32:16,4824,8808,12710,426586830,0,0,0
b2204,20220218,20220218,133215500,13:32:16,4824,8808,12710,426586830,0,0,0
b2204,20220218,20220218,133216000,13:32:17,4824,8808,12710,426586830,0,0,0
b2204,20220218,20220218,133225500,13:32:26,4824,8808,12710,426586830,0,0,0
b2204,20220218,20220218,133226000,13:32:27,4824,8808,12710,426586830,0,0,0
b2204,20220218,20220218,133232000,13:32:35,4824,8808,12710,426586830,0,0,0
b2204,20220218,20220218,133235500,13:32:36,4824,8808,12710,426586830,0,0,0
b2204,20220218,20220218,133236500,13:32:37,4824,8809,12711,426635070,1,1,48240
b2204,20220218,20220218,133239500,13:32:40,4824,8809,12711,426635070,0,0,0
b2204,20220218,20220218,133240500,13:32:40,4824,8809,12711,426635070,0,0,0
b2204,20220218,20220218,133241500,13:32:42,4824,8809,12711,426635070,0,0,0
b2204,20220218,20220218,133247000,13:32:47,4824,8809,12711,426635070,0,0,0
b2204,20220218,20220218,133247500,13:32:48,4824,8809,12711,426635070,0,0,0
b2204,20220218,20220218,133248000,13:32:48,4824,8809,12711,426635070,0,0,0
b2204,20220218,20220218,133251000,13:32:52,4824,8809,12711,426635070,0,0,0
b2204,20220218,20220218,133251500,13:32:53,4824,8809,12711,426635070,0,0,0
b2204,20220218,20220218,133303500,13:33:04,4824,8809,12711,426635070,0,0,0
b2204,20220218,20220218,133304000,13:33:04,4824,8809,12711,426635070,0,0,0
b2204,20220218,20220218,133304500,13:33:05,4824,8809,12711,426635070,0,0,0
b2204,20220218,20220218,133305000,13:33:05,4824,8809,12711,426635070,0,0,0
b2204,20220218,20220218,133305500,13:33:05,4824,8809,12711,426635070,0,0,0
b2204,20220218,20220218,133306000,13:33:06,4824,8809,12711,426635070,0,0,0
b2204,20220218,20220218,133306500,13:33:06,4824,8809,12711,426635070,0,0,0
b2204,20220218,20220218,133307000,13:33:07,4824,8809,12711,426635070,0,0,0
b2204,20220218,20220218,133307500,13:33:08,4824,8809,12711,426635070,0,0,0
b2204,20220218,20220218,133308000,13:33:08,4824,8809,12711,426635070,0,0,0
b2204,20220218,20220218,133308500,13:33:09,4824,8809,12711,426635070,0,0,0
b2204,20220218,20220218,133309000,13:33:09,4824,8809,12711,426635070,0,0,0
b2204,20220218,20220218,133309500,13:33:11,4824,8809,12711,426635070,0,0,0
b2204,20220218,20220218,133310000,13:33:11,4824,8809,12711,426635070,0,0,0
b2204,20220218,20220218,133310500,13:33:12,4824,8809,12711,426635070,0,0,0
b2204,20220218,20220218,133311000,13:33:13,4824,8809,12711,426635070,0,0,0
b2204,20220218,20220218,133311500,13:33:14,4824,8809,12711,426635070,0,0,0
b2204,20220218,20220218,133312000,13:33:14,4824,8809,12711,426635070,0,0,0
b2204,20220218,20220218,133313000,13:33:15,4824,8809,12711,426635070,0,0,0
b2204,20220218,20220218,133314500,13:33:17,4824,8809,12711,426635070,0,0,0
b2204,20220218,20220218,133317000,13:33:18,4824,8809,12711,426635070,0,0,0
b2204,20220218,20220218,133318000,13:33:19,4825,8810,12711,426683320,1,0,48250
b2204,20220218,20220218,133318500,13:33:19,4825,8810,12711,426683320,0,0,0
b2204,20220218,20220218,133319000,13:33:20,4825,8810,12711,426683320,0,0,0
b2204,20220218,20220218,133319500,13:33:20,4825,8810,12711,426683320,0,0,0
b2204,20220218,20220218,133320000,13:33:21,4825,8810,12711,426683320,0,0,0
b2204,20220218,20220218,133320500,13:33:22,4825,8810,12711,426683320,0,0,0
b2204,20220218,20220218,133321000,13:33:22,4825,8810,12711,426683320,0,0,0
b2204,20220218,20220218,133321500,13:33:22,4825,8810,12711,426683320,0,0,0
b2204,20220218,20220218,133322000,13:33:22,4825,8810,12711,426683320,0,0,0
b2204,20220218,20220218,133322500,13:33:22,4825,8810,12711,426683320,0,0,0
b2204,20220218,20220218,133323000,13:33:23,4828,8811,12711,426731600,1,0,48280
b2204,20220218,20220218,133323500,13:33:24,4828,8811,12711,426731600,0,0,0
b2204,20220218,20220218,133324000,13:33:24,4828,8811,12711,426731600,0,0,0
b2204,20220218,20220218,133325000,13:33:26,4828,8811,12711,426731600,0,0,0
b2204,20220218,20220218,133326000,13:33:28,4828,8811,12711,426731600,0,0,0
b2204,20220218,20220218,133326500,13:33:29,4828,8811,12711,426731600,0,0,0
b2204,20220218,20220218,133327000,13:33:29,4828,8811,12711,426731600,0,0,0
b2204,20220218,20220218,133328500,13:33:30,4828,8811,12711,426731600,0,0,0
b2204,20220218,20220218,133329000,13:33:30,4828,8811,12711,426731600,0,0,0
b2204,20220218,20220218,133329500,13:33:30,4828,8811,12711,426731600,0,0,0
b2204,20220218,20220218,133330000,13:33:30,4828,8811,12711,426731600,0,0,0
b2204,20220218,20220218,133330500,13:33:31,4828,8811,12711,426731600,0,0,0
b2204,20220218,20220218,133335000,13:33:35,4828,8811,12711,426731600,0,0,0
b2204,20220218,20220218,133336000,13:33:36,4828,8811,12711,426731600,0,0,0
b2204,20220218,20220218,133336500,13:33:36,4828,8811,12711,426731600,0,0,0
b2204,20220218,20220218,133337000,13:33:37,4828,8811,12711,426731600,0,0,0
b2204,20220218,20220218,133337500,13:33:37,4828,8811,12711,426731600,0,0,0
b2204,20220218,20220218,133338000,13:33:38,4828,8811,12711,426731600,0,0,0
b2204,20220218,20220218,133341500,13:33:42,4828,8811,12711,426731600,0,0,0
b2204,20220218,20220218,133342500,13:33:42,4828,8811,12711,426731600,0,0,0
b2204,20220218,20220218,133343000,13:33:43,4828,8811,12711,426731600,0,0,0
b2204,20220218,20220218,133343500,13:33:44,4828,8811,12711,426731600,0,0,0
b2204,20220218,20220218,133344500,13:33:45,4828,8811,12711,426731600,0,0,0
b2204,20220218,20220218,133346500,13:33:48,4828,8811,12711,426731600,0,0,0
b2204,20220218,20220218,133349000,13:33:50,4828,8811,12711,426731600,0,0,0
b2204,20220218,20220218,133349500,13:33:50,4828,8811,12711,426731600,0,0,0
b2204,20220218,20220218,133352500,13:33:52,4828,8812,12711,426779880,1,0,48280
b2204,20220218,20220218,133353000,13:33:53,4828,8812,12711,426779880,0,0,0
b2204,20220218,20220218,133353500,13:33:53,4828,8812,12711,426779880,0,0,0
b2204,20220218,20220218,133354000,13:33:54,4828,8812,12711,426779880,0,0,0
b2204,20220218,20220218,133354500,13:33:55,4828,8812,12711,426779880,0,0,0
b2204,20220218,20220218,133355000,13:33:56,4828,8813,12712,426828160,1,1,48280
b2204,20220218,20220218,133355500,13:33:56,4828,8813,12712,426828160,0,0,0
b2204,20220218,20220218,133356000,13:33:56,4828,8813,12712,426828160,0,0,0
b2204,20220218,20220218,133358500,13:33:58,4828,8813,12712,426828160,0,0,0
b2204,20220218,20220218,133359000,13:33:59,4828,8813,12712,426828160,0,0,0
b2204,20220218,20220218,133401000,13:34:01,4828,8813,12712,426828160,0,0,0
b2204,20220218,20220218,133401500,13:34:02,4828,8813,12712,426828160,0,0,0
b2204,20220218,20220218,133402000,13:34:04,4828,8813,12712,426828160,0,0,0
b2204,20220218,20220218,133402500,13:34:10,4828,8813,12712,426828160,0,0,0
b2204,20220218,20220218,133403000,13:34:10,4828,8813,12712,426828160,0,0,0
b2204,20220218,20220218,133403500,13:34:11,4828,8813,12712,426828160,0,0,0
b2204,20220218,20220218,133410000,13:34:12,4828,8813,12712,426828160,0,0,0
b2204,20220218,20220218,133411500,13:34:12,4828,8813,12712,426828160,0,0,0
b2204,20220218,20220218,133412500,13:34:13,4828,8813,12712,426828160,0,0,0
b2204,20220218,20220218,133414000,13:34:14,4828,8813,12712,426828160,0,0,0
b2204,20220218,20220218,133417000,13:34:17,4828,8813,12712,426828160,0,0,0
b2204,20220218,20220218,133421500,13:34:23,4828,8813,12712,426828160,0,0,0
b2204,20220218,20220218,133424000,13:34:24,4828,8813,12712,426828160,0,0,0
b2204,20220218,20220218,133425000,13:34:25,4829,8817,12710,427021280,4,-2,193120
b2204,20220218,20220218,133425500,13:34:26,4829,8817,12710,427021280,0,0,0
b2204,20220218,20220218,133426000,13:34:26,4829,8817,12710,427021280,0,0,0
b2204,20220218,20220218,133426500,13:34:26,4829,8817,12710,427021280,0,0,0
b2204,20220218,20220218,133427000,13:34:27,4829,8817,12710,427021280,0,0,0
b2204,20220218,20220218,133427500,13:34:27,4829,8817,12710,427021280,0,0,0
b2204,20220218,20220218,133428000,13:34:28,4829,8817,12710,427021280,0,0,0
b2204,20220218,20220218,133428500,13:34:29,4829,8817,12710,427021280,0,0,0
b2204,20220218,20220218,133431500,13:34:31,4829,8817,12710,427021280,0,0,0
b2204,20220218,20220218,133432500,13:34:32,4829,8817,12710,427021280,0,0,0
b2204,20220218,20220218,133433000,13:34:33,4829,8817,12710,427021280,0,0,0
b2204,20220218,20220218,133437000,13:34:37,4829,8817,12710,427021280,0,0,0
b2204,20220218,20220218,133437500,13:34:38,4829,8817,12710,427021280,0,0,0
b2204,20220218,20220218,133440500,13:34:41,4829,8817,12710,427021280,0,0,0
b2204,20220218,20220218,133443000,13:34:45,4829,8817,12710,427021280,0,0,0
b2204,20220218,20220218,133443500,13:34:45,4829,8817,12710,427021280,0,0,0
b2204,20220218,20220218,133449000,13:34:49,4829,8817,12710,427021280,0,0,0
b2204,20220218,20220218,133449500,13:34:49,4829,8817,12710,427021280,0,0,0
b2204,20220218,20220218,133450500,13:34:51,4829,8817,12710,427021280,0,0,0
b2204,20220218,20220218,133451000,13:34:51,4830,8818,12710,427069580,1,0,48300
b2204,20220218,20220218,133451500,13:34:51,4830,8818,12710,427069580,0,0,0
b2204,20220218,20220218,133453000,13:34:53,4830,8818,12710,427069580,0,0,0
b2204,20220218,20220218,133456500,13:34:57,4830,8818,12710,427069580,0,0,0
b2204,20220218,20220218,133458000,13:34:58,4830,8818,12710,427069580,0,0,0
b2204,20220218,20220218,133504500,13:35:10,4830,8818,12710,427069580,0,0,0
b2204,20220218,20220218,133509500,13:35:10,4830,8818,12710,427069580,0,0,0
b2204,20220218,20220218,133512000,13:35:13,4828,8822,12710,427262740,4,0,193160
b2204,20220218,20220218,133512500,13:35:13,4828,8822,12710,427262740,0,0,0
b2204,20220218,20220218,133513000,13:35:13,4828,8822,12710,427262740,0,0,0
b2204,20220218,20220218,133513500,13:35:14,4828,8822,12710,427262740,0,0,0
b2204,20220218,20220218,133514500,13:35:15,4828,8822,12710,427262740,0,0,0
b2204,20220218,20220218,133526500,13:35:27,4828,8822,12710,427262740,0,0,0
b2204,20220218,20220218,133540500,13:35:43,4828,8822,12710,427262740,0,0,0
b2204,20220218,20220218,133541000,13:35:43,4828,8822,12710,427262740,0,0,0
b2204,20220218,20220218,133543500,13:35:44,4828,8822,12710,427262740,0,0,0
b2204,20220218,20220218,133544000,13:35:44,4828,8822,12710,427262740,0,0,0
b2204,20220218,20220218,133544500,13:35:45,4828,8822,12710,427262740,0,0,0
b2204,20220218,20220218,133545000,13:35:46,4828,8822,12710,427262740,0,0,0
b2204,20220218,20220218,133545500,13:35:46,4828,8822,12710,427262740,0,0,0
b2204,20220218,20220218,133546000,13:35:46,4828,8822,12710,427262740,0,0,0
b2204,20220218,20220218,133546500,13:35:46,4828,8822,12710,427262740,0,0,0
b2204,20220218,20220218,133547000,13:35:47,4828,8822,12710,427262740,0,0,0
b2204,20220218,20220218,133547500,13:35:48,4828,8822,12710,427262740,0,0,0
b2204,20220218,20220218,133548500,13:35:48,4827,8823,12709,427311010,1,-1,48270
b2204,20220218,20220218,133549000,13:35:49,4827,8823,12709,427311010,0,0,0
b2204,20220218,20220218,133549500,13:35:49,4827,8823,12709,427311010,0,0,0
b2204,20220218,20220218,133550000,13:35:50,4827,8824,12708,427359280,1,-1,48270
b2204,20220218,20220218,133550500,13:35:50,4827,8824,12708,427359280,0,0,0
b2204,20220218,20220218,133551000,13:35:51,4827,8824,12708,427359280,0,0,0
b2204,20220218,20220218,133551500,13:35:52,4827,8824,12708,427359280,0,0,0
b2204,20220218,20220218,133552000,13:35:52,4827,8825,12707,427407550,1,-1,48270
b2204,20220218,20220218,133552500,13:35:53,4827,8825,12707,427407550,0,0,0
b2204,20220218,20220218,133553000,13:35:53,4827,8825,12707,427407550,0,0,0
b2204,20220218,20220218,133553500,13:35:55,4827,8825,12707,427407550,0,0,0
b2204,20220218,20220218,133554000,13:35:55,4827,8825,12707,427407550,0,0,0
b2204,20220218,20220218,133554500,13:35:56,4827,8825,12707,427407550,0,0,0
b2204,20220218,20220218,133555000,13:35:56,4827,8825,12707,427407550,0,0,0
b2204,20220218,20220218,133557000,13:35:59,4827,8825,12707,427407550,0,0,0
b2204,20220218,20220218,133557500,13:35:59,4827,8825,12707,427407550,0,0,0
b2204,20220218,20220218,133558000,13:36:01,4827,8825,12707,427407550,0,0,0
b2204,20220218,20220218,133559500,13:36:03,4827,8825,12707,427407550,0,0,0
b2204,20220218,20220218,133601500,13:36:03,4827,8825,12707,427407550,0,0,0
b2204,20220218,20220218,133602500,13:36:03,4827,8825,12707,427407550,0,0,0
b2204,20220218,20220218,133603000,13:36:05,4827,8825,12707,427407550,0,0,0
b2204,20220218,20220218,133603500,13:36:05,4827,8825,12707,427407550,0,0,0
b2204,20220218,20220218,133605000,13:36:06,4827,8825,12707,427407550,0,0,0
b2204,20220218,20220218,133605500,13:36:07,4827,8825,12707,427407550,0,0,0
b2204,20220218,20220218,133606000,13:36:07,4827,8825,12707,427407550,0,0,0
b2204,20220218,20220218,133609000,13:36:09,4827,8825,12707,427407550,0,0,0
b2204,20220218,20220218,133610500,13:36:11,4827,8825,12707,427407550,0,0,0
b2204,20220218,20220218,133612500,13:36:12,4827,8825,12707,427407550,0,0,0
b2204,20220218,20220218,133613000,13:36:13,4827,8825,12707,427407550,0,0,0
b2204,20220218,20220218,133616500,13:36:17,4827,8825,12707,427407550,0,0,0
b2204,20220218,20220218,133620000,13:36:20,4827,8825,12707,427407550,0,0,0
b2204,20220218,20220218,133625000,13:36:25,4827,8825,12707,427407550,0,0,0
b2204,20220218,20220218,133625500,13:36:26,4827,8825,12707,427407550,0,0,0
b2204,20220218,20220218,133627000,13:36:28,4827,8825,12707,427407550,0,0,0
b2204,20220218,20220218,133627500,13:36:28,4827,8825,12707,427407550,0,0,0
b2204,20220218,20220218,133628000,13:36:28,4827,8825,12707,427407550,0,0,0
b2204,20220218,20220218,133631000,13:36:31,4827,8825,12707,427407550,0,0,0
b2204,20220218,20220218,133632000,13:36:32,4827,8825,12707,427407550,0,0,0
b2204,20220218,20220218,133634500,13:36:35,4827,8825,12707,427407550,0,0,0
b2204,20220218,20220218,133635000,13:36:36,4824,8831,12704,427696990,6,-3,289440
b2204,20220218,20220218,133635500,13:36:36,4824,8831,12704,427696990,0,0,0
b2204,20220218,20220218,133636000,13:36:36,4824,8831,12704,427696990,0,0,0
b2204,20220218,20220218,133636500,13:36:36,4824,8831,12704,427696990,0,0,0
b2204,20220218,20220218,133637000,13:36:38,4824,8831,12704,427696990,0,0,0
b2204,20220218,20220218,133640500,13:36:40,4824,8831,12704,427696990,0,0,0
b2204,20220218,20220218,133641000,13:36:41,4824,8831,12704,427696990,0,0,0
b2204,20220218,20220218,133641500,13:36:42,4824,8831,12704,427696990,0,0,0
b2204,20220218,20220218,133642000,13:36:42,4824,8831,12704,427696990,0,0,0
b2204,20220218,20220218,133646500,13:36:46,4824,8831,12704,427696990,0,0,0
b2204,20220218,20220218,133647500,13:36:48,4824,8831,12704,427696990,0,0,0
b2204,20220218,20220218,133648000,13:36:48,4824,8831,12704,427696990,0,0,0
b2204,20220218,20220218,133653000,13:36:53,4823,8832,12703,427745220,1,-1,48230
b2204,20220218,20220218,133656500,13:36:57,4823,8832,12703,427745220,0,0,0
b2204,20220218,20220218,133657500,13:36:58,4823,8832,12703,427745220,0,0,0
b2204,20220218,20220218,133658500,13:36:59,4823,8832,12703,427745220,0,0,0
b2204,20220218,20220218,133659000,13:36:59,4823,8832,12703,427745220,0,0,0
b2204,20220218,20220218,133659500,13:37:00,4823,8832,12703,427745220,0,0,0
b2204,20220218,20220218,133701500,13:37:02,4823,8832,12703,427745220,0,0,0
b2204,20220218,20220218,133702000,13:37:02,4823,8832,12703,427745220,0,0,0
b2204,20220218,20220218,133704000,13:37:04,4823,8832,12703,427745220,0,0,0
b2204,20220218,20220218,133704500,13:37:05,4823,8832,12703,427745220,0,0,0
b2204,20220218,20220218,133705000,13:37:05,4823,8832,12703,427745220,0,0,0
b2204,20220218,20220218,133705500,13:37:08,4823,8832,12703,427745220,0,0,0
b2204,20220218,20220218,133713500,13:37:14,4823,8832,12703,427745220,0,0,0
b2204,20220218,20220218,133719500,13:37:20,4823,8832,12703,427745220,0,0,0
b2204,20220218,20220218,133721500,13:37:21,4823,8832,12703,427745220,0,0,0
b2204,20220218,20220218,133732000,13:37:32,4823,8832,12703,427745220,0,0,0
b2204,20220218,20220218,133732500,13:37:33,4823,8832,12703,427745220,0,0,0
b2204,20220218,20220218,133735500,13:37:36,4823,8832,12703,427745220,0,0,0
b2204,20220218,20220218,133736000,13:37:36,4823,8832,12703,427745220,0,0,0
b2204,20220218,20220218,133737500,13:37:37,4823,8832,12703,427745220,0,0,0
b2204,20220218,20220218,133738000,13:37:38,4823,8832,12703,427745220,0,0,0
b2204,20220218,20220218,133738500,13:37:39,4823,8832,12703,427745220,0,0,0
b2204,20220218,20220218,133739000,13:37:39,4823,8832,12703,427745220,0,0,0
b2204,20220218,20220218,133740500,13:37:40,4827,8834,12703,427841760,2,0,96540
b2204,20220218,20220218,133741000,13:37:41,4827,8834,12703,427841760,0,0,0
b2204,20220218,20220218,133746000,13:37:46,4827,8834,12703,427841760,0,0,0
b2204,20220218,20220218,133747000,13:37:47,4828,8835,12702,427890040,1,-1,48280
b2204,20220218,20220218,133747500,13:37:48,4828,8835,12702,427890040,0,0,0
b2204,20220218,20220218,133748500,13:37:48,4828,8835,12702,427890040,0,0,0
b2204,20220218,20220218,133749500,13:37:49,4828,8835,12702,427890040,0,0,0
b2204,20220218,20220218,133750000,13:37:50,4828,8835,12702,427890040,0,0,0
b2204,20220218,20220218,133750500,13:37:51,4828,8835,12702,427890040,0,0,0
b2204,20220218,20220218,133751000,13:37:51,4828,8835,12702,427890040,0,0,0
b2204,20220218,20220218,133751500,13:37:53,4828,8835,12702,427890040,0,0,0
b2204,20220218,20220218,133753500,13:37:54,4828,8835,12702,427890040,0,0,0
b2204,20220218,20220218,133755000,13:37:55,4828,8835,12702,427890040,0,0,0
b2204,20220218,20220218,133757000,13:37:57,4828,8835,12702,427890040,0,0,0
b2204,20220218,20220218,133758500,13:37:59,4828,8835,12702,427890040,0,0,0
b2204,20220218,20220218,133759000,13:37:59,4828,8835,12702,427890040,0,0,0
b2204,20220218,20220218,133759500,13:38:00,4828,8835,12702,427890040,0,0,0
b2204,20220218,20220218,133800000,13:38:02,4828,8835,12702,427890040,0,0,0
b2204,20220218,20220218,133800500,13:38:02,4829,8836,12703,427938330,1,1,48290
b2204,20220218,20220218,133801000,13:38:03,4829,8836,12703,427938330,0,0,0
b2204,20220218,20220218,133801500,13:38:03,4829,8836,12703,427938330,0,0,0
b2204,20220218,20220218,133805000,13:38:06,4829,8836,12703,427938330,0,0,0
b2204,20220218,20220218,133806000,13:38:08,4829,8836,12703,427938330,0,0,0
b2204,20220218,20220218,133806500,13:38:09,4829,8836,12703,427938330,0,0,0
b2204,20220218,20220218,133816000,13:38:18,4829,8836,12703,427938330,0,0,0
b2204,20220218,20220218,133818000,13:38:18,4832,8841,12702,428179920,5,-1,241590
b2204,20220218,20220218,133818500,13:38:19,4832,8841,12702,428179920,0,0,0
b2204,20220218,20220218,133819500,13:38:19,4832,8841,12702,428179920,0,0,0
b2204,20220218,20220218,133820500,13:38:22,4832,8841,12702,428179920,0,0,0
b2204,20220218,20220218,133822500,13:38:23,4832,8841,12702,428179920,0,0,0
b2204,20220218,20220218,133824500,13:38:41,4832,8841,12702,428179920,0,0,0
b2204,20220218,20220218,133825500,13:38:41,4832,8841,12702,428179920,0,0,0
b2204,20220218,20220218,133840500,13:38:42,4832,8841,12702,428179920,0,0,0
b2204,20220218,20220218,133846000,13:38:46,4832,8841,12702,428179920,0,0,0
b2204,20220218,20220218,133847000,13:38:47,4832,8841,12702,428179920,0,0,0
b2204,20220218,20220218,133847500,13:38:47,4832,8841,12702,428179920,0,0,0
b2204,20220218,20220218,133856500,13:38:56,4832,8841,12702,428179920,0,0,0
b2204,20220218,20220218,133857000,13:38:57,4832,8841,12702,428179920,0,0,0
b2204,20220218,20220218,133859500,13:38:59,4832,8841,12702,428179920,0,0,0
b2204,20220218,20220218,133901000,13:39:01,4832,8841,12702,428179920,0,0,0
b2204,20220218,20220218,133913500,13:39:13,4832,8841,12702,428179920,0,0,0
b2204,20220218,20220218,133914000,13:39:15,4833,8847,12707,428469870,6,5,289950
b2204,20220218,20220218,133914500,13:39:16,4833,8848,12707,428518200,1,0,48330
b2204,20220218,20220218,133915000,13:39:19,4833,8848,12707,428518200,0,0,0
b2204,20220218,20220218,133916500,13:39:19,4833,8848,12707,428518200,0,0,0
b2204,20220218,20220218,133919500,13:39:19,4833,8848,12707,428518200,0,0,0
b2204,20220218,20220218,133920500,13:39:20,4833,8848,12707,428518200,0,0,0
b2204,20220218,20220218,133922500,13:39:23,4833,8848,12707,428518200,0,0,0
b2204,20220218,20220218,133927500,13:39:27,4833,8848,12707,428518200,0,0,0
b2204,20220218,20220218,133932000,13:39:32,4833,8848,12707,428518200,0,0,0
b2204,20220218,20220218,133934500,13:39:34,4833,8848,12707,428518200,0,0,0
b2204,20220218,20220218,133945000,13:39:45,4833,8848,12707,428518200,0,0,0
b2204,20220218,20220218,133945500,13:39:46,4833,8848,12707,428518200,0,0,0
b2204,20220218,20220218,133946000,13:39:47,4833,8848,12707,428518200,0,0,0
b2204,20220218,20220218,133948000,13:39:48,4833,8848,12707,428518200,0,0,0
b2204,20220218,20220218,133949000,13:39:49,4833,8848,12707,428518200,0,0,0
b2204,20220218,20220218,133949500,13:39:50,4833,8848,12707,428518200,0,0,0
b2204,20220218,20220218,133950000,13:39:50,4833,8848,12707,428518200,0,0,0
b2204,20220218,20220218,133950500,13:39:50,4833,8848,12707,428518200,0,0,0
b2204,20220218,20220218,133955500,13:39:56,4833,8848,12707,428518200,0,0,0
b2204,20220218,20220218,133956500,13:39:57,4833,8848,12707,428518200,0,0,0
b2204,20220218,20220218,133957000,13:39:57,4833,8848,12707,428518200,0,0,0
b2204,20220218,20220218,133957500,13:40:13,4833,8848,12707,428518200,0,0,0
b2204,20220218,20220218,133958500,13:40:13,4833,8848,12707,428518200,0,0,0
b2204,20220218,20220218,134011000,13:40:13,4833,8848,12707,428518200,0,0,0
b2204,20220218,20220218,134014000,13:40:14,4833,8848,12707,428518200,0,0,0
b2204,20220218,20220218,134014500,13:40:16,4833,8848,12707,428518200,0,0,0
b2204,20220218,20220218,134015500,13:40:16,4833,8848,12707,428518200,0,0,0
b2204,20220218,20220218,134016500,13:40:17,4833,8848,12707,428518200,0,0,0
b2204,20220218,20220218,134018500,13:40:19,4833,8848,12707,428518200,0,0,0
b2204,20220218,20220218,134019500,13:40:20,4833,8848,12707,428518200,0,0,0
b2204,20220218,20220218,134020000,13:40:20,4833,8848,12707,428518200,0,0,0
b2204,20220218,20220218,134020500,13:40:21,4833,8848,12707,428518200,0,0,0
b2204,20220218,20220218,134021500,13:40:22,4833,8848,12707,428518200,0,0,0
b2204,20220218,20220218,134022000,13:40:22,4833,8848,12707,428518200,0,0,0
b2204,20220218,20220218,134024000,13:40:24,4833,8848,12707,428518200,0,0,0
b2204,20220218,20220218,134024500,13:40:25,4833,8848,12707,428518200,0,0,0
b2204,20220218,20220218,134025000,13:40:25,4833,8848,12707,428518200,0,0,0
b2204,20220218,20220218,134026000,13:40:26,4833,8848,12707,428518200,0,0,0
b2204,20220218,20220218,134029000,13:40:30,4833,8848,12707,428518200,0,0,0
b2204,20220218,20220218,134043000,13:40:43,4833,8849,12707,428566530,1,0,48330
b2204,20220218,20220218,134050500,13:40:50,4833,8849,12707,428566530,0,0,0
b2204,20220218,20220218,134051000,13:40:55,4833,8851,12709,428663190,2,2,96660
b2204,20220218,20220218,134051500,13:40:55,4833,8851,12709,428663190,0,0,0
b2204,20220218,20220218,134054500,13:40:55,4833,8851,12709,428663190,0,0,0
b2204,20220218,20220218,134056000,13:40:58,4833,8851,12709,428663190,0,0,0
b2204,20220218,20220218,134058000,13:40:58,4833,8851,12709,428663190,0,0,0
b2204,20220218,20220218,134101500,13:41:01,4833,8851,12709,428663190,0,0,0
b2204,20220218,20220218,134102000,13:41:02,4833,8851,12709,428663190,0,0,0
b2204,20220218,20220218,134102500,13:41:03,4833,8851,12709,428663190,0,0,0
b2204,20220218,20220218,134105000,13:41:06,4833,8851,12709,428663190,0,0,0
b2204,20220218,20220218,134109000,13:41:10,4833,8851,12709,428663190,0,0,0
b2204,20220218,20220218,134109500,13:41:10,4833,8851,12709,428663190,0,0,0
b2204,20220218,20220218,134116000,13:41:17,4833,8851,12709,428663190,0,0,0
b2204,20220218,20220218,134116500,13:41:17,4833,8851,12709,428663190,0,0,0
b2204,20220218,20220218,134117500,13:41:18,4833,8851,12709,428663190,0,0,0
b2204,20220218,20220218,134119500,13:41:20,4833,8851,12709,428663190,0,0,0
b2204,20220218,20220218,134123000,13:41:24,4833,8851,12709,428663190,0,0,0
b2204,20220218,20220218,134123500,13:41:24,4833,8851,12709,428663190,0,0,0
b2204,20220218,20220218,134130500,13:41:31,4833,8851,12709,428663190,0,0,0
b2204,20220218,20220218,134131000,13:41:31,4833,8851,12709,428663190,0,0,0
b2204,20220218,20220218,134142000,13:41:42,4833,8851,12709,428663190,0,0,0
b2204,20220218,20220218,134142500,13:41:42,4833,8851,12709,428663190,0,0,0
b2204,20220218,20220218,134143000,13:41:44,4833,8851,12709,428663190,0,0,0
b2204,20220218,20220218,134146000,13:41:46,4833,8851,12709,428663190,0,0,0
b2204,20220218,20220218,134147500,13:41:48,4833,8851,12709,428663190,0,0,0
b2204,20220218,20220218,134148000,13:41:48,4833,8851,12709,428663190,0,0,0
b2204,20220218,20220218,134148500,13:41:49,4833,8851,12709,428663190,0,0,0
b2204,20220218,20220218,134149000,13:41:49,4833,8851,12709,428663190,0,0,0
b2204,20220218,20220218,134149500,13:41:50,4833,8851,12709,428663190,0,0,0
b2204,20220218,20220218,134150500,13:41:51,4833,8851,12709,428663190,0,0,0
b2204,20220218,20220218,134151000,13:41:51,4833,8851,12709,428663190,0,0,0
b2204,20220218,20220218,134152000,13:41:52,4833,8851,12709,428663190,0,0,0
b2204,20220218,20220218,134152500,13:41:53,4833,8851,12709,428663190,0,0,0
b2204,20220218,20220218,134153000,13:41:53,4833,8851,12709,428663190,0,0,0
b2204,20220218,20220218,134201500,13:42:10,4833,8851,12709,428663190,0,0,0
b2204,20220218,20220218,134202500,13:42:11,4833,8851,12709,428663190,0,0,0
b2204,20220218,20220218,134210000,13:42:12,4833,8851,12709,428663190,0,0,0
b2204,20220218,20220218,134210500,13:42:12,4833,8851,12709,428663190,0,0,0
b2204,20220218,20220218,134212000,13:42:13,4833,8851,12709,428663190,0,0,0
b2204,20220218,20220218,134212500,13:42:13,4833,8851,12709,428663190,0,0,0
b2204,20220218,20220218,134213000,13:42:13,4833,8851,12709,428663190,0,0,0
b2204,20220218,20220218,134215500,13:42:16,4833,8851,12709,428663190,0,0,0
b2204,20220218,20220218,134216000,13:42:16,4833,8851,12709,428663190,0,0,0
b2204,20220218,20220218,134216500,13:42:17,4833,8851,12709,428663190,0,0,0
b2204,20220218,20220218,134217000,13:42:19,4833,8851,12709,428663190,0,0,0
b2204,20220218,20220218,134217500,13:42:19,4833,8851,12709,428663190,0,0,0
b2204,20220218,20220218,134219500,13:42:20,4833,8851,12709,428663190,0,0,0
b2204,20220218,20220218,134220000,13:42:20,4833,8851,12709,428663190,0,0,0
b2204,20220218,20220218,134222000,13:42:22,4836,8859,12716,429050020,8,7,386830
b2204,20220218,20220218,134222500,13:42:22,4836,8859,12716,429050020,0,0,0
b2204,20220218,20220218,134223000,13:42:23,4836,8859,12716,429050020,0,0,0
b2204,20220218,20220218,134223500,13:42:24,4835,8860,12715,429098370,1,-1,48350
b2204,20220218,20220218,134224000,13:42:25,4835,8860,12715,429098370,0,0,0
b2204,20220218,20220218,134224500,13:42:25,4835,8860,12715,429098370,0,0,0
b2204,20220218,20220218,134226000,13:42:27,4835,8860,12715,429098370,0,0,0
b2204,20220218,20220218,134226500,13:42:27,4835,8860,12715,429098370,0,0,0
b2204,20220218,20220218,134227000,13:42:28,4835,8860,12715,429098370,0,0,0
b2204,20220218,20220218,134227500,13:42:29,4835,8860,12715,429098370,0,0,0
b2204,20220218,20220218,134228000,13:42:29,4835,8860,12715,429098370,0,0,0
b2204,20220218,20220218,134229000,13:42:29,4835,8860,12715,429098370,0,0,0
b2204,20220218,20220218,134256500,13:42:57,4835,8860,12715,429098370,0,0,0
b2204,20220218,20220218,134257000,13:42:59,4835,8860,12715,429098370,0,0,0
b2204,20220218,20220218,134259000,13:42:59,4835,8860,12715,429098370,0,0,0
b2204,20220218,20220218,134259500,13:43:01,4835,8860,12715,429098370,0,0,0
b2204,20220218,20220218,134300000,13:43:01,4835,8860,12715,429098370,0,0,0
b2204,20220218,20220218,134300500,13:43:02,4835,8860,12715,429098370,0,0,0
b2204,20220218,20220218,134303000,13:43:05,4835,8860,12715,429098370,0,0,0
b2204,20220218,20220218,134303500,13:43:11,4835,8860,12715,429098370,0,0,0
b2204,20220218,20220218,134304000,13:43:11,4835,8860,12715,429098370,0,0,0
b2204,20220218,20220218,134310500,13:43:12,4835,8860,12715,429098370,0,0,0
b2204,20220218,20220218,134312000,13:43:14,4835,8860,12715,429098370,0,0,0
b2204,20220218,20220218,134318000,13:43:18,4835,8860,12715,429098370,0,0,0
b2204,20220218,20220218,134318500,13:43:18,4834,8861,12715,429146710,1,0,48340
b2204,20220218,20220218,134319000,13:43:19,4834,8861,12715,429146710,0,0,0
b2204,20220218,20220218,134319500,13:43:20,4834,8861,12715,429146710,0,0,0
b2204,20220218,20220218,134321000,13:43:21,4834,8861,12715,429146710,0,0,0
b2204,20220218,20220218,134321500,13:43:21,4834,8861,12715,429146710,0,0,0
b2204,20220218,20220218,134322000,13:43:22,4834,8861,12715,429146710,0,0,0
b2204,20220218,20220218,134322500,13:43:23,4834,8861,12715,429146710,0,0,0
b2204,20220218,20220218,134323000,13:43:23,4834,8861,12715,429146710,0,0,0
b2204,20220218,20220218,134323500,13:43:24,4834,8861,12715,429146710,0,0,0
b2204,20220218,20220218,134327000,13:43:27,4834,8861,12715,429146710,0,0,0
b2204,20220218,20220218,134336500,13:43:37,4834,8861,12715,429146710,0,0,0
b2204,20220218,20220218,134338000,13:43:38,4834,8861,12715,429146710,0,0,0
b2204,20220218,20220218,134338500,13:43:38,4834,8861,12715,429146710,0,0,0
b2204,20220218,20220218,134339000,13:43:47,4834,8861,12715,429146710,0,0,0
b2204,20220218,20220218,134354500,13:44:04,4834,8861,12715,429146710,0,0,0
b2204,20220218,20220218,134355500,13:44:04,4834,8861,12715,429146710,0,0,0
b2204,20220218,20220218,134404000,13:44:04,4834,8861,12715,429146710,0,0,0
b2204,20220218,20220218,134404500,13:44:05,4834,8861,12715,429146710,0,0,0
b2204,20220218,20220218,134405000,13:44:05,4832,8863,12715,429243370,2,0,96660
b2204,20220218,20220218,134405500,13:44:06,4830,8877,12711,429919670,14,-4,676300
b2204,20220218,20220218,134406000,13:44:06,4830,8877,12711,429919670,0,0,0
b2204,20220218,20220218,134408000,13:44:08,4830,8877,12711,429919670,0,0,0
b2204,20220218,20220218,134409000,13:44:17,4830,8877,12711,429919670,0,0,0
b2204,20220218,20220218,134416500,13:44:17,4830,8877,12711,429919670,0,0,0
b2204,20220218,20220218,134418500,13:44:19,4830,8877,12711,429919670,0,0,0
b2204,20220218,20220218,134419000,13:44:23,4830,8877,12711,429919670,0,0,0
b2204,20220218,20220218,134419500,13:44:23,4830,8877,12711,429919670,0,0,0
b2204,20220218,20220218,134423000,13:44:23,4830,8877,12711,429919670,0,0,0
b2204,20220218,20220218,134423500,13:44:24,4830,8877,12711,429919670,0,0,0
b2204,20220218,20220218,134424000,13:44:24,4830,8877,12711,429919670,0,0,0
b2204,20220218,20220218,134425000,13:44:25,4830,8877,12711,429919670,0,0,0
b2204,20220218,20220218,134425500,13:44:25,4830,8877,12711,429919670,0,0,0
b2204,20220218,20220218,134426000,13:44:26,4830,8877,12711,429919670,0,0,0
b2204,20220218,20220218,134426500,13:44:26,4830,8877,12711,429919670,0,0,0
b2204,20220218,20220218,134435000,13:44:37,4830,8877,12711,429919670,0,0,0
b2204,20220218,20220218,134445500,13:44:45,4830,8877,12711,429919670,0,0,0
b2204,20220218,20220218,134450000,13:44:50,4830,8877,12711,429919670,0,0,0
b2204,20220218,20220218,134450500,13:44:50,4830,8877,12711,429919670,0,0,0
b2204,20220218,20220218,134451000,13:44:51,4830,8877,12711,429919670,0,0,0
b2204,20220218,20220218,134454500,13:44:55,4830,8877,12711,429919670,0,0,0
b2204,20220218,20220218,134455000,13:44:55,4830,8877,12711,429919670,0,0,0
b2204,20220218,20220218,134456500,13:44:56,4832,8885,12712,430306160,8,1,386490
b2204,20220218,20220218,134457000,13:44:57,4832,8885,12712,430306160,0,0,0
b2204,20220218,20220218,134458000,13:44:58,4832,8885,12712,430306160,0,0,0
b2204,20220218,20220218,134458500,13:44:59,4832,8885,12712,430306160,0,0,0
b2204,20220218,20220218,134500500,13:45:01,4834,8888,12715,430451180,3,3,145020
b2204,20220218,20220218,134501000,13:45:01,4834,8888,12715,430451180,0,0,0
b2204,20220218,20220218,134501500,13:45:02,4834,8888,12715,430451180,0,0,0
b2204,20220218,20220218,134503000,13:45:03,4834,8888,12715,430451180,0,0,0
b2204,20220218,20220218,134504000,13:45:08,4832,8889,12714,430499500,1,-1,48320
b2204,20220218,20220218,134508000,13:45:09,4832,8889,12714,430499500,0,0,0
b2204,20220218,20220218,134508500,13:45:09,4832,8889,12714,430499500,0,0,0
b2204,20220218,20220218,134511500,13:45:12,4832,8889,12714,430499500,0,0,0
b2204,20220218,20220218,134512000,13:45:13,4832,8889,12714,430499500,0,0,0
b2204,20220218,20220218,134517000,13:45:19,4832,8889,12714,430499500,0,0,0
b2204,20220218,20220218,134520500,13:45:23,4832,8889,12714,430499500,0,0,0
b2204,20220218,20220218,134521000,13:45:23,4832,8889,12714,430499500,0,0,0
b2204,20220218,20220218,134521500,13:45:23,4833,8892,12711,430644470,3,-3,144970
b2204,20220218,20220218,134522000,13:45:24,4833,8892,12711,430644470,0,0,0
b2204,20220218,20220218,134523500,13:45:24,4833,8892,12711,430644470,0,0,0
b2204,20220218,20220218,134524000,13:45:24,4833,8892,12711,430644470,0,0,0
b2204,20220218,20220218,134524500,13:45:26,4833,8892,12711,430644470,0,0,0
b2204,20220218,20220218,134526000,13:45:27,4833,8892,12711,430644470,0,0,0
b2204,20220218,20220218,134530000,13:45:30,4833,8892,12711,430644470,0,0,0
b2204,20220218,20220218,134531000,13:45:31,4833,8892,12711,430644470,0,0,0
b2204,20220218,20220218,134533000,13:45:33,4833,8892,12711,430644470,0,0,0
b2204,20220218,20220218,134533500,13:45:34,4833,8892,12711,430644470,0,0,0
b2204,20220218,20220218,134534000,13:45:35,4832,8893,12711,430692790,1,0,48320
b2204,20220218,20220218,134534500,13:45:35,4832,8893,12711,430692790,0,0,0
b2204,20220218,20220218,134535000,13:45:35,4832,8893,12711,430692790,0,0,0
b2204,20220218,20220218,134535500,13:45:35,4832,8893,12711,430692790,0,0,0
b2204,20220218,20220218,134542000,13:45:45,4832,8893,12711,430692790,0,0,0
b2204,20220218,20220218,134542500,13:45:46,4832,8893,12711,430692790,0,0,0
b2204,20220218,20220218,134543000,13:45:46,4832,8893,12711,430692790,0,0,0
b2204,20220218,20220218,134545500,13:45:46,4832,8893,12711,430692790,0,0,0
b2204,20220218,20220218,134546500,13:45:47,4832,8893,12711,430692790,0,0,0
b2204,20220218,20220218,134547000,13:45:47,4832,8893,12711,430692790,0,0,0
b2204,20220218,20220218,134547500,13:45:47,4832,8893,12711,430692790,0,0,0
b2204,20220218,20220218,134548000,13:45:48,4832,8893,12711,430692790,0,0,0
b2204,20220218,20220218,134551000,13:45:54,4832,8893,12711,430692790,0,0,0
b2204,20220218,20220218,134559000,13:46:01,4832,8893,12711,430692790,0,0,0
b2204,20220218,20220218,134600500,13:46:01,4832,8893,12711,430692790,0,0,0
b2204,20220218,20220218,134601000,13:46:01,4832,8893,12711,430692790,0,0,0
b2204,20220218,20220218,134603000,13:46:04,4832,8893,12711,430692790,0,0,0
b2204,20220218,20220218,134603500,13:46:04,4832,8893,12711,430692790,0,0,0
b2204,20220218,20220218,134604000,13:46:05,4832,8893,12711,430692790,0,0,0
b2204,20220218,20220218,134605000,13:46:05,4832,8893,12711,430692790,0,0,0
b2204,20220218,20220218,134608000,13:46:08,4832,8893,12711,430692790,0,0,0
b2204,20220218,20220218,134611500,13:46:11,4832,8893,12711,430692790,0,0,0
b2204,20220218,20220218,134612000,13:46:13,4832,8893,12711,430692790,0,0,0
b2204,20220218,20220218,134613000,13:46:13,4832,8893,12711,430692790,0,0,0
b2204,20220218,20220218,134614000,13:46:14,4832,8893,12711,430692790,0,0,0
b2204,20220218,20220218,134614500,13:46:15,4832,8893,12711,430692790,0,0,0
b2204,20220218,20220218,134615000,13:46:15,4832,8893,12711,430692790,0,0,0
b2204,20220218,20220218,134630000,13:46:31,4832,8893,12711,430692790,0,0,0
b2204,20220218,20220218,134640500,13:46:42,4832,8893,12711,430692790,0,0,0
b2204,20220218,20220218,134643000,13:46:43,4832,8893,12711,430692790,0,0,0
b2204,20220218,20220218,134643500,13:46:44,4832,8893,12711,430692790,0,0,0
b2204,20220218,20220218,134650500,13:46:51,4832,8893,12711,430692790,0,0,0
b2204,20220218,20220218,134652000,13:46:52,4832,8893,12711,430692790,0,0,0
b2204,20220218,20220218,134652500,13:46:53,4832,8893,12711,430692790,0,0,0
b2204,20220218,20220218,134653000,13:46:54,4832,8893,12711,430692790,0,0,0
b2204,20220218,20220218,134653500,13:46:54,4832,8893,12711,430692790,0,0,0
b2204,20220218,20220218,134656000,13:46:56,4832,8893,12711,430692790,0,0,0
b2204,20220218,20220218,134657500,13:46:57,4832,8893,12711,430692790,0,0,0
b2204,20220218,20220218,134705500,13:47:06,4832,8893,12711,430692790,0,0,0
b2204,20220218,20220218,134706500,13:47:10,4832,8896,12714,430837720,3,3,144930
b2204,20220218,20220218,134707000,13:47:10,4832,8897,12714,430886040,1,0,48320
b2204,20220218,20220218,134709500,13:47:11,4832,8897,12714,430886040,0,0,0
b2204,20220218,20220218,134710000,13:47:11,4832,8897,12714,430886040,0,0,0
b2204,20220218,20220218,134710500,13:47:12,4832,8897,12714,430886040,0,0,0
b2204,20220218,20220218,134711500,13:47:16,4832,8897,12714,430886040,0,0,0
b2204,20220218,20220218,134712000,13:47:16,4832,8897,12714,430886040,0,0,0
b2204,20220218,20220218,134714500,13:47:17,4832,8897,12714,430886040,0,0,0
b2204,20220218,20220218,134719000,13:47:19,4832,8897,12714,430886040,0,0,0
b2204,20220218,20220218,134719500,13:47:19,4832,8897,12714,430886040,0,0,0
b2204,20220218,20220218,134728000,13:47:28,4832,8897,12714,430886040,0,0,0
b2204,20220218,20220218,134728500,13:47:28,4831,8898,12714,430934350,1,0,48310
b2204,20220218,20220218,134731000,13:47:31,4831,8898,12714,430934350,0,0,0
b2204,20220218,20220218,134732000,13:47:32,4831,8898,12714,430934350,0,0,0
b2204,20220218,20220218,134733000,13:47:34,4831,8898,12714,430934350,0,0,0
b2204,20220218,20220218,134733500,13:47:34,4831,8898,12714,430934350,0,0,0
b2204,20220218,20220218,134739500,13:47:40,4831,8898,12714,430934350,0,0,0
b2204,20220218,20220218,134740000,13:47:40,4831,8898,12714,430934350,0,0,0
b2204,20220218,20220218,134740500,13:47:40,4831,8898,12714,430934350,0,0,0
b2204,20220218,20220218,134743000,13:47:43,4831,8898,12714,430934350,0,0,0
b2204,20220218,20220218,134744500,13:47:45,4831,8898,12714,430934350,0,0,0
b2204,20220218,20220218,134745000,13:47:45,4831,8898,12714,430934350,0,0,0
b2204,20220218,20220218,134745500,13:47:46,4831,8898,12714,430934350,0,0,0
b2204,20220218,20220218,134750500,13:47:50,4831,8900,12716,431030970,2,2,96620
b2204,20220218,20220218,134754000,13:47:54,4831,8900,12716,431030970,0,0,0
b2204,20220218,20220218,134755500,13:47:55,4830,8902,12715,431127570,2,-1,96600
b2204,20220218,20220218,134756000,13:47:56,4830,8902,12715,431127570,0,0,0
b2204,20220218,20220218,134757000,13:47:57,4831,8903,12715,431175880,1,0,48310
b2204,20220218,20220218,134758500,13:47:58,4832,8904,12716,431224200,1,1,48320
b2204,20220218,20220218,134800000,13:48:00,4832,8904,12716,431224200,0,0,0
b2204,20220218,20220218,134804500,13:48:04,4832,8904,12716,431224200,0,0,0
b2204,20220218,20220218,134807000,13:48:07,4832,8904,12716,431224200,0,0,0
b2204,20220218,20220218,134810000,13:48:10,4832,8904,12716,431224200,0,0,0
b2204,20220218,20220218,134814500,13:48:14,4832,8904,12716,431224200,0,0,0
b2204,20220218,20220218,134817000,13:48:18,4832,8904,12716,431224200,0,0,0
b2204,20220218,20220218,134818000,13:48:19,4831,8905,12717,431272510,1,1,48310
b2204,20220218,20220218,134818500,13:48:20,4832,8906,12716,431320830,1,-1,48320
b2204,20220218,20220218,134819500,13:48:20,4832,8906,12716,431320830,0,0,0
b2204,20220218,20220218,134821000,13:48:22,4832,8906,12716,431320830,0,0,0
b2204,20220218,20220218,134821500,13:48:22,4832,8906,12716,431320830,0,0,0
b2204,20220218,20220218,134825500,13:48:27,4831,8908,12716,431417450,2,0,96620
b2204,20220218,20220218,134826000,13:48:27,4830,8914,12714,431707280,6,-2,289830
b2204,20220218,20220218,134826500,13:48:27,4830,8916,12712,431803880,2,-2,96600
b2204,20220218,20220218,134827000,13:48:28,4830,8916,12712,431803880,0,0,0
b2204,20220218,20220218,134827500,13:48:28,4830,8916,12712,431803880,0,0,0
b2204,20220218,20220218,134828000,13:48:28,4830,8916,12712,431803880,0,0,0
b2204,20220218,20220218,134828500,13:48:29,4830,8916,12712,431803880,0,0,0
b2204,20220218,20220218,134829000,13:48:29,4830,8916,12712,431803880,0,0,0
b2204,20220218,20220218,134829500,13:48:30,4830,8916,12712,431803880,0,0,0
b2204,20220218,20220218,134830500,13:48:31,4830,8916,12712,431803880,0,0,0
b2204,20220218,20220218,134831000,13:48:32,4830,8916,12712,431803880,0,0,0
b2204,20220218,20220218,134831500,13:48:32,4830,8916,12712,431803880,0,0,0
b2204,20220218,20220218,134832500,13:48:32,4830,8916,12712,431803880,0,0,0
b2204,20220218,20220218,134833000,13:48:33,4830,8916,12712,431803880,0,0,0
b2204,20220218,20220218,134833500,13:48:34,4830,8916,12712,431803880,0,0,0
b2204,20220218,20220218,134835500,13:48:37,4830,8916,12712,431803880,0,0,0
b2204,20220218,20220218,134836000,13:48:37,4830,8916,12712,431803880,0,0,0
b2204,20220218,20220218,134836500,13:48:37,4830,8916,12712,431803880,0,0,0
b2204,20220218,20220218,134837000,13:48:37,4830,8916,12712,431803880,0,0,0
b2204,20220218,20220218,134837500,13:48:37,4830,8916,12712,431803880,0,0,0
b2204,20220218,20220218,134838000,13:48:38,4830,8916,12712,431803880,0,0,0
b2204,20220218,20220218,134838500,13:48:38,4830,8916,12712,431803880,0,0,0
b2204,20220218,20220218,134839000,13:48:39,4830,8916,12712,431803880,0,0,0
b2204,20220218,20220218,134839500,13:48:39,4830,8916,12712,431803880,0,0,0
b2204,20220218,20220218,134840000,13:48:40,4830,8916,12712,431803880,0,0,0
b2204,20220218,20220218,134843000,13:48:43,4830,8916,12712,431803880,0,0,0
b2204,20220218,20220218,134843500,13:48:43,4830,8916,12712,431803880,0,0,0
b2204,20220218,20220218,134844000,13:48:44,4830,8916,12712,431803880,0,0,0
b2204,20220218,20220218,134844500,13:48:44,4830,8916,12712,431803880,0,0,0
b2204,20220218,20220218,134845000,13:48:45,4830,8916,12712,431803880,0,0,0
b2204,20220218,20220218,134845500,13:48:45,4830,8916,12712,431803880,0,0,0
b2204,20220218,20220218,134846500,13:48:46,4830,8916,12712,431803880,0,0,0
b2204,20220218,20220218,134856500,13:48:57,4830,8916,12712,431803880,0,0,0
b2204,20220218,20220218,134858000,13:48:59,4832,8917,12711,431852200,1,-1,48320
b2204,20220218,20220218,134858500,13:48:59,4832,8917,12711,431852200,0,0,0
b2204,20220218,20220218,134859000,13:48:59,4832,8917,12711,431852200,0,0,0
b2204,20220218,20220218,134900000,13:49:00,4832,8917,12711,431852200,0,0,0
b2204,20220218,20220218,134900500,13:49:01,4832,8917,12711,431852200,0,0,0
b2204,20220218,20220218,134901000,13:49:02,4832,8917,12711,431852200,0,0,0
b2204,20220218,20220218,134901500,13:49:02,4832,8917,12711,431852200,0,0,0
b2204,20220218,20220218,134903000,13:49:03,4832,8917,12711,431852200,0,0,0
b2204,20220218,20220218,134903500,13:49:04,4832,8917,12711,431852200,0,0,0
b2204,20220218,20220218,134905500,13:49:05,4832,8917,12711,431852200,0,0,0
b2204,20220218,20220218,134908500,13:49:08,4832,8917,12711,431852200,0,0,0
b2204,20220218,20220218,134909000,13:49:09,4832,8917,12711,431852200,0,0,0
b2204,20220218,20220218,134909500,13:49:10,4832,8917,12711,431852200,0,0,0
b2204,20220218,20220218,134912000,13:49:12,4832,8917,12711,431852200,0,0,0
b2204,20220218,20220218,134913500,13:49:13,4832,8917,12711,431852200,0,0,0
b2204,20220218,20220218,134914000,13:49:14,4832,8917,12711,431852200,0,0,0
b2204,20220218,20220218,134914500,13:49:14,4832,8917,12711,431852200,0,0,0
b2204,20220218,20220218,134915000,13:49:15,4832,8917,12711,431852200,0,0,0
b2204,20220218,20220218,134915500,13:49:16,4832,8917,12711,431852200,0,0,0
b2204,20220218,20220218,134916000,13:49:16,4832,8917,12711,431852200,0,0,0
b2204,20220218,20220218,134919000,13:49:19,4832,8917,12711,431852200,0,0,0
b2204,20220218,20220218,134919500,13:49:20,4832,8917,12711,431852200,0,0,0
b2204,20220218,20220218,134920000,13:49:20,4832,8917,12711,431852200,0,0,0
b2204,20220218,20220218,134920500,13:49:20,4832,8917,12711,431852200,0,0,0
b2204,20220218,20220218,134922000,13:49:22,4832,8917,12711,431852200,0,0,0
b2204,20220218,20220218,134922500,13:49:23,4832,8917,12711,431852200,0,0,0
b2204,20220218,20220218,134923000,13:49:24,4832,8917,12711,431852200,0,0,0
b2204,20220218,20220218,134923500,13:49:24,4832,8917,12711,431852200,0,0,0
b2204,20220218,20220218,134924000,13:49:24,4832,8917,12711,431852200,0,0,0
b2204,20220218,20220218,134924500,13:49:25,4832,8917,12711,431852200,0,0,0
b2204,20220218,20220218,134925000,13:49:25,4832,8917,12711,431852200,0,0,0
b2204,20220218,20220218,134925500,13:49:26,4832,8917,12711,431852200,0,0,0
b2204,20220218,20220218,134928000,13:49:28,4832,8917,12711,431852200,0,0,0
b2204,20220218,20220218,134928500,13:49:29,4832,8917,12711,431852200,0,0,0
b2204,20220218,20220218,134929500,13:49:29,4832,8917,12711,431852200,0,0,0
b2204,20220218,20220218,134935000,13:49:35,4830,8918,12711,431900500,1,0,48300
b2204,20220218,20220218,134935500,13:49:36,4830,8918,12711,431900500,0,0,0
b2204,20220218,20220218,134936000,13:49:36,4830,8918,12711,431900500,0,0,0
b2204,20220218,20220218,134936500,13:49:36,4830,8918,12711,431900500,0,0,0
b2204,20220218,20220218,134937000,13:49:37,4830,8918,12711,431900500,0,0,0
b2204,20220218,20220218,134937500,13:49:37,4830,8918,12711,431900500,0,0,0
b2204,20220218,20220218,134938000,13:49:38,4830,8918,12711,431900500,0,0,0
b2204,20220218,20220218,134938500,13:49:38,4830,8918,12711,431900500,0,0,0
b2204,20220218,20220218,134939000,13:49:39,4830,8918,12711,431900500,0,0,0
b2204,20220218,20220218,134939500,13:49:39,4830,8918,12711,431900500,0,0,0
b2204,20220218,20220218,134940000,13:49:40,4830,8918,12711,431900500,0,0,0
b2204,20220218,20220218,134940500,13:49:40,4830,8918,12711,431900500,0,0,0
b2204,20220218,20220218,134941000,13:49:41,4830,8918,12711,431900500,0,0,0
b2204,20220218,20220218,134941500,13:49:42,4830,8918,12711,431900500,0,0,0
b2204,20220218,20220218,134942000,13:49:42,4830,8918,12711,431900500,0,0,0
b2204,20220218,20220218,134942500,13:49:42,4830,8918,12711,431900500,0,0,0
b2204,20220218,20220218,134943000,13:49:43,4830,8918,12711,431900500,0,0,0
b2204,20220218,20220218,134943500,13:49:44,4830,8918,12711,431900500,0,0,0
b2204,20220218,20220218,134944000,13:49:44,4830,8918,12711,431900500,0,0,0
b2204,20220218,20220218,134944500,13:49:44,4830,8918,12711,431900500,0,0,0
b2204,20220218,20220218,134945000,13:49:45,4830,8918,12711,431900500,0,0,0
b2204,20220218,20220218,134945500,13:49:46,4830,8918,12711,431900500,0,0,0
b2204,20220218,20220218,134946000,13:49:46,4830,8918,12711,431900500,0,0,0
b2204,20220218,20220218,134946500,13:49:46,4830,8918,12711,431900500,0,0,0
b2204,20220218,20220218,134947000,13:49:47,4830,8918,12711,431900500,0,0,0
b2204,20220218,20220218,134947500,13:49:47,4830,8918,12711,431900500,0,0,0
b2204,20220218,20220218,134948000,13:49:48,4830,8918,12711,431900500,0,0,0
b2204,20220218,20220218,134948500,13:49:48,4830,8918,12711,431900500,0,0,0
b2204,20220218,20220218,134949000,13:49:49,4830,8918,12711,431900500,0,0,0
b2204,20220218,20220218,134949500,13:49:50,4830,8918,12711,431900500,0,0,0
b2204,20220218,20220218,134951500,13:49:52,4830,8918,12711,431900500,0,0,0
b2204,20220218,20220218,134952000,13:49:52,4830,8918,12711,431900500,0,0,0
b2204,20220218,20220218,134952500,13:49:54,4830,8918,12711,431900500,0,0,0
b2204,20220218,20220218,134953000,13:49:54,4830,8918,12711,431900500,0,0,0
b2204,20220218,20220218,134953500,13:49:55,4830,8918,12711,431900500,0,0,0
b2204,20220218,20220218,134954000,13:49:55,4830,8918,12711,431900500,0,0,0
b2204,20220218,20220218,134954500,13:49:55,4830,8918,12711,431900500,0,0,0
b2204,20220218,20220218,134955000,13:49:55,4827,8921,12710,432045300,3,-1,144800
b2204,20220218,20220218,134955500,13:49:56,4827,8921,12710,432045300,0,0,0
b2204,20220218,20220218,134956000,13:49:56,4827,8921,12710,432045300,0,0,0
b2204,20220218,20220218,134958000,13:49:58,4827,8921,12710,432045300,0,0,0
b2204,20220218,20220218,134958500,13:49:59,4827,8921,12710,432045300,0,0,0
b2204,20220218,20220218,134959500,13:49:59,4827,8921,12710,432045300,0,0,0
b2204,20220218,20220218,135000000,13:50:00,4827,8921,12710,432045300,0,0,0
b2204,20220218,20220218,135001500,13:50:02,4827,8921,12710,432045300,0,0,0
b2204,20220218,20220218,135002000,13:50:02,4827,8921,12710,432045300,0,0,0
b2204,20220218,20220218,135003000,13:50:03,4827,8921,12710,432045300,0,0,0
b2204,20220218,20220218,135003500,13:50:03,4827,8921,12710,432045300,0,0,0
b2204,20220218,20220218,135006500,13:50:07,4827,8921,12710,432045300,0,0,0
b2204,20220218,20220218,135007000,13:50:07,4827,8921,12710,432045300,0,0,0
b2204,20220218,20220218,135007500,13:50:09,4827,8921,12710,432045300,0,0,0
b2204,20220218,20220218,135022500,13:50:27,4827,8921,12710,432045300,0,0,0
b2204,20220218,20220218,135028000,13:50:35,4827,8921,12710,432045300,0,0,0
b2204,20220218,20220218,135034500,13:50:37,4829,8923,12711,432141880,2,1,96580
b2204,20220218,20220218,135041000,13:50:41,4829,8923,12711,432141880,0,0,0
b2204,20220218,20220218,135041500,13:50:42,4829,8923,12711,432141880,0,0,0
b2204,20220218,20220218,135048500,13:50:48,4829,8923,12711,432141880,0,0,0
b2204,20220218,20220218,135049000,13:50:49,4829,8923,12711,432141880,0,0,0
b2204,20220218,20220218,135049500,13:50:50,4829,8923,12711,432141880,0,0,0
b2204,20220218,20220218,135051000,13:50:51,4829,8923,12711,432141880,0,0,0
b2204,20220218,20220218,135051500,13:50:52,4829,8923,12711,432141880,0,0,0
b2204,20220218,20220218,135052000,13:50:53,4829,8923,12711,432141880,0,0,0
b2204,20220218,20220218,135052500,13:50:53,4829,8923,12711,432141880,0,0,0
b2204,20220218,20220218,135053000,13:50:53,4829,8923,12711,432141880,0,0,0
b2204,20220218,20220218,135053500,13:50:54,4829,8923,12711,432141880,0,0,0
b2204,20220218,20220218,135056500,13:50:57,4829,8923,12711,432141880,0,0,0
b2204,20220218,20220218,135102000,13:51:02,4829,8923,12711,432141880,0,0,0
b2204,20220218,20220218,135108000,13:51:21,4829,8923,12711,432141880,0,0,0
b2204,20220218,20220218,135120500,13:51:21,4829,8923,12711,432141880,0,0,0
b2204,20220218,20220218,135122500,13:51:23,4829,8923,12711,432141880,0,0,0
b2204,20220218,20220218,135123000,13:51:23,4829,8923,12711,432141880,0,0,0
b2204,20220218,20220218,135123500,13:51:23,4829,8923,12711,432141880,0,0,0
b2204,20220218,20220218,135124000,13:51:24,4829,8923,12711,432141880,0,0,0
b2204,20220218,20220218,135124500,13:51:24,4829,8923,12711,432141880,0,0,0
b2204,20220218,20220218,135125000,13:51:25,4829,8923,12711,432141880,0,0,0
b2204,20220218,20220218,135129000,13:51:29,4829,8923,12711,432141880,0,0,0
b2204,20220218,20220218,135129500,13:51:30,4829,8923,12711,432141880,0,0,0
b2204,20220218,20220218,135149500,13:51:50,4831,8924,12711,432190190,1,0,48310
b2204,20220218,20220218,135153500,13:51:53,4831,8924,12711,432190190,0,0,0
b2204,20220218,20220218,135154500,13:51:54,4831,8924,12711,432190190,0,0,0
b2204,20220218,20220218,135156500,13:51:57,4831,8924,12711,432190190,0,0,0
b2204,20220218,20220218,135159000,13:51:59,4831,8924,12711,432190190,0,0,0
b2204,20220218,20220218,135200000,13:52:00,4831,8924,12711,432190190,0,0,0
b2204,20220218,20220218,135201500,13:52:03,4831,8924,12711,432190190,0,0,0
b2204,20220218,20220218,135202500,13:52:03,4831,8924,12711,432190190,0,0,0
b2204,20220218,20220218,135203000,13:52:04,4834,8929,12713,432431890,5,2,241700
b2204,20220218,20220218,135203500,13:52:04,4834,8929,12713,432431890,0,0,0
b2204,20220218,20220218,135205500,13:52:06,4834,8935,12714,432721930,6,1,290040
b2204,20220218,20220218,135206500,13:52:08,4834,8936,12715,432770270,1,1,48340
b2204,20220218,20220218,135210500,13:52:12,4834,8936,12715,432770270,0,0,0
b2204,20220218,20220218,135211000,13:52:12,4834,8936,12715,432770270,0,0,0
b2204,20220218,20220218,135215500,13:52:15,4834,8936,12715,432770270,0,0,0
b2204,20220218,20220218,135216000,13:52:16,4834,8936,12715,432770270,0,0,0
b2204,20220218,20220218,135218500,13:52:19,4834,8936,12715,432770270,0,0,0
b2204,20220218,20220218,135219000,13:52:23,4834,8936,12715,432770270,0,0,0
b2204,20220218,20220218,135226500,13:52:27,4834,8936,12715,432770270,0,0,0
b2204,20220218,20220218,135235000,13:52:36,4834,8936,12715,432770270,0,0,0
b2204,20220218,20220218,135237000,13:52:44,4834,8936,12715,432770270,0,0,0
b2204,20220218,20220218,135241500,13:52:45,4834,8936,12715,432770270,0,0,0
b2204,20220218,20220218,135246500,13:52:48,4834,8936,12715,432770270,0,0,0
b2204,20220218,20220218,135247500,13:52:48,4834,8936,12715,432770270,0,0,0
b2204,20220218,20220218,135248000,13:52:48,4834,8936,12715,432770270,0,0,0
b2204,20220218,20220218,135248500,13:52:49,4834,8936,12715,432770270,0,0,0
b2204,20220218,20220218,135250000,13:52:50,4834,8936,12715,432770270,0,0,0
b2204,20220218,20220218,135251500,13:52:51,4834,8936,12715,432770270,0,0,0
b2204,20220218,20220218,135252000,13:52:52,4834,8936,12715,432770270,0,0,0
b2204,20220218,20220218,135252500,13:52:53,4834,8936,12715,432770270,0,0,0
b2204,20220218,20220218,135302500,13:53:03,4834,8936,12715,432770270,0,0,0
b2204,20220218,20220218,135303000,13:53:04,4834,8936,12715,432770270,0,0,0
b2204,20220218,20220218,135303500,13:53:04,4834,8936,12715,432770270,0,0,0
b2204,20220218,20220218,135306000,13:53:08,4834,8936,12715,432770270,0,0,0
b2204,20220218,20220218,135306500,13:53:09,4834,8936,12715,432770270,0,0,0
b2204,20220218,20220218,135309000,13:53:09,4834,8936,12715,432770270,0,0,0
b2204,20220218,20220218,135309500,13:53:09,4834,8936,12715,432770270,0,0,0
b2204,20220218,20220218,135310000,13:53:10,4834,8936,12715,432770270,0,0,0
b2204,20220218,20220218,135310500,13:53:11,4834,8936,12715,432770270,0,0,0
b2204,20220218,20220218,135311000,13:53:11,4834,8936,12715,432770270,0,0,0
b2204,20220218,20220218,135311500,13:53:12,4834,8936,12715,432770270,0,0,0
b2204,20220218,20220218,135312000,13:53:12,4834,8936,12715,432770270,0,0,0
b2204,20220218,20220218,135312500,13:53:13,4834,8936,12715,432770270,0,0,0
b2204,20220218,20220218,135313000,13:53:13,4834,8936,12715,432770270,0,0,0
b2204,20220218,20220218,135313500,13:53:13,4834,8936,12715,432770270,0,0,0
b2204,20220218,20220218,135314500,13:53:15,4834,8936,12715,432770270,0,0,0
b2204,20220218,20220218,135316500,13:53:20,4834,8936,12715,432770270,0,0,0
b2204,20220218,20220218,135317500,13:53:20,4834,8936,12715,432770270,0,0,0
b2204,20220218,20220218,135318000,13:53:20,4834,8936,12715,432770270,0,0,0
b2204,20220218,20220218,135320000,13:53:20,4834,8936,12715,432770270,0,0,0
b2204,20220218,20220218,135320500,13:53:21,4834,8936,12715,432770270,0,0,0
b2204,20220218,20220218,135321000,13:53:21,4834,8936,12715,432770270,0,0,0
b2204,20220218,20220218,135322000,13:53:22,4834,8936,12715,432770270,0,0,0
b2204,20220218,20220218,135323500,13:53:23,4834,8936,12715,432770270,0,0,0
b2204,20220218,20220218,135324000,13:53:24,4834,8936,12715,432770270,0,0,0
b2204,20220218,20220218,135324500,13:53:26,4834,8936,12715,432770270,0,0,0
b2204,20220218,20220218,135325000,13:53:26,4834,8936,12715,432770270,0,0,0
b2204,20220218,20220218,135326500,13:53:26,4834,8936,12715,432770270,0,0,0
b2204,20220218,20220218,135327500,13:53:28,4834,8936,12715,432770270,0,0,0
b2204,20220218,20220218,135328500,13:53:29,4834,8936,12715,432770270,0,0,0
b2204,20220218,20220218,135329000,13:53:29,4834,8936,12715,432770270,0,0,0
b2204,20220218,20220218,135330500,13:53:31,4834,8936,12715,432770270,0,0,0
b2204,20220218,20220218,135331500,13:53:32,4834,8936,12715,432770270,0,0,0
b2204,20220218,20220218,135333000,13:53:33,4834,8936,12715,432770270,0,0,0
b2204,20220218,20220218,135334000,13:53:35,4834,8936,12715,432770270,0,0,0
b2204,20220218,20220218,135336000,13:53:44,4834,8936,12715,432770270,0,0,0
b2204,20220218,20220218,135343000,13:53:45,4834,8936,12715,432770270,0,0,0
b2204,20220218,20220218,135345500,13:53:46,4834,8936,12715,432770270,0,0,0
b2204,20220218,20220218,135347000,13:53:47,4834,8936,12715,432770270,0,0,0
b2204,20220218,20220218,135349000,13:53:49,4834,8936,12715,432770270,0,0,0
b2204,20220218,20220218,135349500,13:53:50,4834,8936,12715,432770270,0,0,0
b2204,20220218,20220218,135350500,13:53:52,4834,8936,12715,432770270,0,0,0
b2204,20220218,20220218,135353000,13:53:53,4834,8936,12715,432770270,0,0,0
b2204,20220218,20220218,135353500,13:53:53,4834,8936,12715,432770270,0,0,0
b2204,20220218,20220218,135354500,13:53:55,4834,8936,12715,432770270,0,0,0
b2204,20220218,20220218,135355000,13:53:55,4834,8936,12715,432770270,0,0,0
b2204,20220218,20220218,135357500,13:53:58,4834,8936,12715,432770270,0,0,0
b2204,20220218,20220218,135359500,13:54:08,4834,8936,12715,432770270,0,0,0
b2204,20220218,20220218,135400500,13:54:08,4834,8936,12715,432770270,0,0,0
b2204,20220218,20220218,135407500,13:54:09,4834,8936,12715,432770270,0,0,0
b2204,20220218,20220218,135411000,13:54:11,4834,8936,12715,432770270,0,0,0
b2204,20220218,20220218,135415500,13:54:15,4834,8936,12715,432770270,0,0,0
b2204,20220218,20220218,135416000,13:54:16,4834,8936,12715,432770270,0,0,0
b2204,20220218,20220218,135416500,13:54:16,4834,8936,12715,432770270,0,0,0
b2204,20220218,20220218,135417000,13:54:17,4834,8936,12715,432770270,0,0,0
b2204,20220218,20220218,135417500,13:54:18,4834,8936,12715,432770270,0,0,0
b2204,20220218,20220218,135418000,13:54:18,4834,8936,12715,432770270,0,0,0
b2204,20220218,20220218,135418500,13:54:18,4834,8936,12715,432770270,0,0,0
b2204,20220218,20220218,135420000,13:54:20,4834,8936,12715,432770270,0,0,0
b2204,20220218,20220218,135420500,13:54:21,4834,8936,12715,432770270,0,0,0
b2204,20220218,20220218,135422500,13:54:22,4834,8936,12715,432770270,0,0,0
b2204,20220218,20220218,135423000,13:54:23,4834,8936,12715,432770270,0,0,0
b2204,20220218,20220218,135427500,13:54:28,4834,8936,12715,432770270,0,0,0
b2204,20220218,20220218,135431000,13:54:32,4834,8936,12715,432770270,0,0,0
b2204,20220218,20220218,135438500,13:54:39,4832,8941,12716,433011940,5,1,241670
b2204,20220218,20220218,135439000,13:54:39,4832,8941,12716,433011940,0,0,0
b2204,20220218,20220218,135439500,13:54:40,4832,8941,12716,433011940,0,0,0
b2204,20220218,20220218,135440000,13:54:40,4832,8941,12716,433011940,0,0,0
b2204,20220218,20220218,135442500,13:54:43,4832,8941,12716,433011940,0,0,0
b2204,20220218,20220218,135443500,13:54:44,4832,8941,12716,433011940,0,0,0
b2204,20220218,20220218,135444000,13:54:44,4832,8941,12716,433011940,0,0,0
b2204,20220218,20220218,135447000,13:54:47,4832,8941,12716,433011940,0,0,0
b2204,20220218,20220218,135453000,13:54:53,4832,8941,12716,433011940,0,0,0
b2204,20220218,20220218,135453500,13:54:54,4832,8941,12716,433011940,0,0,0
b2204,20220218,20220218,135454500,13:54:55,4832,8941,12716,433011940,0,0,0
b2204,20220218,20220218,135455000,13:54:55,4832,8941,12716,433011940,0,0,0
b2204,20220218,20220218,135458000,13:54:58,4832,8941,12716,433011940,0,0,0
b2204,20220218,20220218,135458500,13:54:59,4832,8941,12716,433011940,0,0,0
b2204,20220218,20220218,135503500,13:55:04,4834,8942,12717,433060280,1,1,48340
b2204,20220218,20220218,135504000,13:55:04,4835,8943,12718,433108630,1,1,48350
b2204,20220218,20220218,135504500,13:55:05,4835,8944,12718,433156980,1,0,48350
b2204,20220218,20220218,135505000,13:55:05,4835,8944,12718,433156980,0,0,0
b2204,20220218,20220218,135505500,13:55:06,4835,8944,12718,433156980,0,0,0
b2204,20220218,20220218,135506000,13:55:06,4835,8944,12718,433156980,0,0,0
b2204,20220218,20220218,135506500,13:55:06,4835,8944,12718,433156980,0,0,0
b2204,20220218,20220218,135507000,13:55:11,4835,8944,12718,433156980,0,0,0
b2204,20220218,20220218,135507500,13:55:11,4835,8944,12718,433156980,0,0,0
b2204,20220218,20220218,135513000,13:55:13,4835,8944,12718,433156980,0,0,0
b2204,20220218,20220218,135516500,13:55:16,4835,8944,12718,433156980,0,0,0
b2204,20220218,20220218,135517000,13:55:21,4835,8944,12718,433156980,0,0,0
b2204,20220218,20220218,135519500,13:55:25,4835,8944,12718,433156980,0,0,0
b2204,20220218,20220218,135527500,13:55:28,4835,8944,12718,433156980,0,0,0
b2204,20220218,20220218,135532500,13:55:32,4835,8944,12718,433156980,0,0,0
b2204,20220218,20220218,135533000,13:55:33,4836,8945,12719,433205340,1,1,48360
b2204,20220218,20220218,135544000,13:55:45,4836,8945,12719,433205340,0,0,0
b2204,20220218,20220218,135544500,13:55:45,4836,8945,12719,433205340,0,0,0
b2204,20220218,20220218,135545000,13:55:45,4836,8945,12719,433205340,0,0,0
b2204,20220218,20220218,135549500,13:55:50,4836,8945,12719,433205340,0,0,0
b2204,20220218,20220218,135550500,13:55:50,4836,8945,12719,433205340,0,0,0
b2204,20220218,20220218,135552000,13:55:52,4836,8945,12719,433205340,0,0,0
b2204,20220218,20220218,135552500,13:55:52,4836,8945,12719,433205340,0,0,0
b2204,20220218,20220218,135553000,13:55:53,4836,8945,12719,433205340,0,0,0
b2204,20220218,20220218,135553500,13:55:54,4836,8945,12719,433205340,0,0,0
b2204,20220218,20220218,135554500,13:55:54,4836,8945,12719,433205340,0,0,0
b2204,20220218,20220218,135559000,13:55:59,4836,8945,12719,433205340,0,0,0
b2204,20220218,20220218,135600000,13:56:02,4836,8945,12719,433205340,0,0,0
b2204,20220218,20220218,135600500,13:56:02,4836,8945,12719,433205340,0,0,0
b2204,20220218,20220218,135602000,13:56:11,4836,8945,12719,433205340,0,0,0
b2204,20220218,20220218,135613000,13:56:23,4836,8945,12719,433205340,0,0,0
b2204,20220218,20220218,135620500,13:56:24,4836,8945,12719,433205340,0,0,0
b2204,20220218,20220218,135634000,13:56:35,4836,8945,12719,433205340,0,0,0
b2204,20220218,20220218,135635000,13:56:35,4836,8945,12719,433205340,0,0,0
b2204,20220218,20220218,135635500,13:56:35,4836,8945,12719,433205340,0,0,0
b2204,20220218,20220218,135639000,13:56:39,4836,8945,12719,433205340,0,0,0
b2204,20220218,20220218,135645000,13:56:47,4836,8945,12719,433205340,0,0,0
b2204,20220218,20220218,135645500,13:56:47,4836,8945,12719,433205340,0,0,0
b2204,20220218,20220218,135646500,13:56:48,4836,8945,12719,433205340,0,0,0
b2204,20220218,20220218,135647000,13:56:48,4836,8945,12719,433205340,0,0,0
b2204,20220218,20220218,135650000,13:56:51,4836,8945,12719,433205340,0,0,0
b2204,20220218,20220218,135650500,13:56:51,4836,8945,12719,433205340,0,0,0
b2204,20220218,20220218,135651500,13:56:52,4836,8945,12719,433205340,0,0,0
b2204,20220218,20220218,135653000,13:56:53,4836,8945,12719,433205340,0,0,0
b2204,20220218,20220218,135654500,13:56:54,4836,8945,12719,433205340,0,0,0
b2204,20220218,20220218,135655500,13:56:55,4836,8945,12719,433205340,0,0,0
b2204,20220218,20220218,135658000,13:56:58,4836,8945,12719,433205340,0,0,0
b2204,20220218,20220218,135700500,13:57:02,4836,8945,12719,433205340,0,0,0
b2204,20220218,20220218,135702000,13:57:02,4836,8945,12719,433205340,0,0,0
b2204,20220218,20220218,135702500,13:57:02,4836,8945,12719,433205340,0,0,0
