b2205,20220218,20220218,111950500,11:20:04,4683,6355,7961,299221240,6355,298,299221240
b2205,20220218,20220218,112006000,11:20:10,4683,6355,7961,299221240,0,0,0
b2205,20220218,20220218,112019500,11:20:20,4684,6356,7961,299268080,1,0,46840
b2205,20220218,20220218,112020000,11:20:20,4684,6356,7961,299268080,0,0,0
b2205,20220218,20220218,112020500,11:20:20,4684,6356,7961,299268080,0,0,0
b2205,20220218,20220218,112021000,11:20:21,4684,6356,7961,299268080,0,0,0
b2205,20220218,20220218,112021500,11:20:21,4684,6356,7961,299268080,0,0,0
b2205,20220218,20220218,112022000,11:20:22,4684,6356,7961,299268080,0,0,0
b2205,20220218,20220218,112024000,11:20:24,4684,6356,7961,299268080,0,0,0
b2205,20220218,20220218,112026000,11:20:26,4684,6356,7961,299268080,0,0,0
b2205,20220218,20220218,112027500,11:20:28,4684,6356,7961,299268080,0,0,0
b2205,20220218,20220218,112028000,11:20:28,4684,6356,7961,299268080,0,0,0
b2205,20220218,20220218,112028500,11:20:28,4684,6356,7961,299268080,0,0,0
b2205,20220218,20220218,112029000,11:20:29,4684,6356,7961,299268080,0,0,0
b2205,20220218,20220218,112029500,11:20:30,4684,6356,7961,299268080,0,0,0
b2205,20220218,20220218,112030000,11:20:31,4684,6356,7961,299268080,0,0,0
b2205,20220218,20220218,112032000,11:20:32,4684,6356,7961,299268080,0,0,0
b2205,20220218,20220218,112034000,11:20:34,4684,6356,7961,299268080,0,0,0
b2205,20220218,20220218,112036000,11:20:36,4684,6356,7961,299268080,0,0,0
b2205,20220218,20220218,112038000,11:20:38,4684,6356,7961,299268080,0,0,0
b2205,20220218,20220218,112040000,11:20:40,4684,6356,7961,299268080,0,0,0
b2205,20220218,20220218,112041500,11:20:41,4684,6356,7961,299268080,0,0,0
b2205,20220218,20220218,112042000,11:20:42,4684,6356,7961,299268080,0,0,0
b2205,20220218,20220218,112044000,11:20:44,4684,6356,7961,299268080,0,0,0
b2205,20220218,20220218,112046000,11:20:46,4684,6356,7961,299268080,0,0,0
b2205,20220218,20220218,112048000,11:20:48,4684,6356,7961,299268080,0,0,0
b2205,20220218,20220218,112048500,11:20:50,4684,6356,7961,299268080,0,0,0
b2205,20220218,20220218,112049000,11:20:50,4684,6356,7961,299268080,0,0,0
b2205,20220218,20220218,112049500,11:20:50,4684,6356,7961,299268080,0,0,0
b2205,20220218,20220218,112050000,11:20:50,4684,6356,7961,299268080,0,0,0
b2205,20220218,20220218,112057500,11:20:58,4682,6357,7961,299314900,1,0,46820
b2205,20220218,20220218,112058000,11:20:58,4682,6357,7961,299314900,0,0,0
b2205,20220218,20220218,112058500,11:20:59,4682,6357,7961,299314900,0,0,0
b2205,20220218,20220218,112102000,11:21:02,4682,6357,7961,299314900,0,0,0
b2205,20220218,20220218,112104000,11:21:04,4682,6357,7961,299314900,0,0,0
b2205,20220218,20220218,112110000,11:21:10,4682,6357,7961,299314900,0,0,0
b2205,20220218,20220218,112110500,11:21:11,4682,6357,7961,299314900,0,0,0
b2205,20220218,20220218,112111500,11:21:12,4682,6357,7961,299314900,0,0,0
b2205,20220218,20220218,112113500,11:21:13,4682,6357,7961,299314900,0,0,0
b2205,20220218,20220218,112114000,11:21:14,4682,6357,7961,299314900,0,0,0
b2205,20220218,20220218,112116500,11:21:17,4682,6357,7961,299314900,0,0,0
b2205,20220218,20220218,112119500,11:21:19,4682,6357,7961,299314900,0,0,0
b2205,20220218,20220218,112120000,11:21:20,4682,6357,7961,299314900,0,0,0
b2205,20220218,20220218,112120500,11:21:21,4682,6357,7961,299314900,0,0,0
b2205,20220218,20220218,112121000,11:21:22,4682,6357,7961,299314900,0,0,0
b2205,20220218,20220218,112121500,11:21:22,4682,6357,7961,299314900,0,0,0
b2205,20220218,20220218,112122500,11:21:22,4682,6357,7961,299314900,0,0,0
b2205,20220218,20220218,112123000,11:21:23,4682,6357,7961,299314900,0,0,0
b2205,20220218,20220218,112123500,11:21:24,4682,6357,7961,299314900,0,0,0
b2205,20220218,20220218,112124000,11:21:24,4682,6357,7961,299314900,0,0,0
b2205,20220218,20220218,112330500,11:23:33,4682,6357,7961,299314900,0,0,0
b2205,20220218,20220218,112338500,11:23:38,4682,6357,7961,299314900,0,0,0
b2205,20220218,20220218,112339000,11:23:39,4682,6357,7961,299314900,0,0,0
b2205,20220218,20220218,112339500,11:23:39,4682,6357,7961,299314900,0,0,0
b2205,20220218,20220218,112340000,11:23:40,4682,6357,7961,299314900,0,0,0
b2205,20220218,20220218,112348500,11:23:49,4687,6375,7947,300158270,18,-14,843370
b2205,20220218,20220218,112349000,11:23:49,4687,6375,7947,300158270,0,0,0
b2205,20220218,20220218,112350000,11:23:50,4687,6375,7947,300158270,0,0,0
b2205,20220218,20220218,112350500,11:23:50,4687,6375,7947,300158270,0,0,0
b2205,20220218,20220218,112351500,11:23:51,4687,6375,7947,300158270,0,0,0
b2205,20220218,20220218,112353500,11:23:53,4687,6375,7947,300158270,0,0,0
b2205,20220218,20220218,112354000,11:23:54,4687,6375,7947,300158270,0,0,0
b2205,20220218,20220218,112354500,11:23:55,4687,6375,7947,300158270,0,0,0
b2205,20220218,20220218,112402500,11:24:02,4687,6375,7947,300158270,0,0,0
b2205,20220218,20220218,112403000,11:24:03,4687,6377,7947,300252010,2,0,93740
b2205,20220218,20220218,112403500,11:24:04,4687,6377,7947,300252010,0,0,0
b2205,20220218,20220218,112404000,11:24:04,4687,6377,7947,300252010,0,0,0
b2205,20220218,20220218,112404500,11:24:04,4687,6377,7947,300252010,0,0,0
b2205,20220218,20220218,112405000,11:24:05,4687,6377,7947,300252010,0,0,0
b2205,20220218,20220218,112405500,11:24:05,4687,6377,7947,300252010,0,0,0
b2205,20220218,20220218,112406000,11:24:06,4687,6377,7947,300252010,0,0,0
b2205,20220218,20220218,112412000,11:24:12,4687,6377,7947,300252010,0,0,0
b2205,20220218,20220218,112412500,11:24:12,4687,6377,7947,300252010,0,0,0
b2205,20220218,20220218,112413000,11:24:13,4687,6377,7947,300252010,0,0,0
b2205,20220218,20220218,112416000,11:24:16,4687,6377,7947,300252010,0,0,0
b2205,20220218,20220218,112416500,11:24:17,4687,6377,7947,300252010,0,0,0
b2205,20220218,20220218,112417000,11:24:17,4687,6377,7947,300252010,0,0,0
b2205,20220218,20220218,112417500,11:24:18,4687,6377,7947,300252010,0,0,0
b2205,20220218,20220218,112418000,11:24:18,4687,6377,7947,300252010,0,0,0
b2205,20220218,20220218,112422000,11:24:22,4687,6377,7947,300252010,0,0,0
b2205,20220218,20220218,112423500,11:24:23,4687,6377,7947,300252010,0,0,0
b2205,20220218,20220218,112425500,11:24:25,4687,6377,7947,300252010,0,0,0
b2205,20220218,20220218,112426000,11:24:26,4687,6377,7947,300252010,0,0,0
b2205,20220218,20220218,112427500,11:24:28,4687,6377,7947,300252010,0,0,0
b2205,20220218,20220218,112428000,11:24:28,4687,6377,7947,300252010,0,0,0
b2205,20220218,20220218,112428500,11:24:28,4687,6377,7947,300252010,0,0,0
b2205,20220218,20220218,112429000,11:24:29,4687,6377,7947,300252010,0,0,0
b2205,20220218,20220218,112429500,11:24:29,4687,6377,7947,300252010,0,0,0
b2205,20220218,20220218,112432000,11:24:32,4687,6377,7947,300252010,0,0,0
b2205,20220218,20220218,112433500,11:24:33,4687,6377,7947,300252010,0,0,0
b2205,20220218,20220218,112434000,11:24:34,4687,6377,7947,300252010,0,0,0
b2205,20220218,20220218,112435500,11:24:35,4687,6377,7947,300252010,0,0,0
b2205,20220218,20220218,112437500,11:24:39,4688,6378,7947,300298890,1,0,46880
b2205,20220218,20220218,112438000,11:24:39,4688,6378,7947,300298890,0,0,0
b2205,20220218,20220218,112438500,11:24:39,4688,6378,7947,300298890,0,0,0
b2205,20220218,20220218,112439000,11:24:40,4688,6378,7947,300298890,0,0,0
b2205,20220218,20220218,112439500,11:24:40,4688,6378,7947,300298890,0,0,0
b2205,20220218,20220218,112440000,11:24:40,4688,6378,7947,300298890,0,0,0
b2205,20220218,20220218,112440500,11:24:40,4688,6378,7947,300298890,0,0,0
b2205,20220218,20220218,112441000,11:24:41,4688,6378,7947,300298890,0,0,0
b2205,20220218,20220218,112444500,11:24:44,4688,6378,7947,300298890,0,0,0
b2205,20220218,20220218,112448000,11:24:48,4688,6378,7947,300298890,0,0,0
b2205,20220218,20220218,112448500,11:24:48,4688,6379,7947,300345770,1,0,46880
b2205,20220218,20220218,112449000,11:24:49,4688,6380,7947,300392650,1,0,46880
b2205,20220218,20220218,112449500,11:24:49,4688,6380,7947,300392650,0,0,0
b2205,20220218,20220218,112450000,11:24:50,4688,6380,7947,300392650,0,0,0
b2205,20220218,20220218,112450500,11:24:50,4687,6381,7947,300439520,1,0,46870
b2205,20220218,20220218,112451000,11:24:51,4687,6381,7947,300439520,0,0,0
b2205,20220218,20220218,112451500,11:24:51,4687,6381,7947,300439520,0,0,0
b2205,20220218,20220218,112452500,11:24:52,4687,6381,7947,300439520,0,0,0
b2205,20220218,20220218,112453000,11:24:53,4687,6381,7947,300439520,0,0,0
b2205,20220218,20220218,112453500,11:24:53,4687,6381,7947,300439520,0,0,0
b2205,20220218,20220218,112454500,11:24:54,4687,6381,7947,300439520,0,0,0
b2205,20220218,20220218,112455000,11:24:55,4687,6381,7947,300439520,0,0,0
b2205,20220218,20220218,112455500,11:24:56,4687,6381,7947,300439520,0,0,0
b2205,20220218,20220218,112458000,11:24:58,4687,6381,7947,300439520,0,0,0
b2205,20220218,20220218,112459500,11:24:59,4687,6381,7947,300439520,0,0,0
b2205,20220218,20220218,112500000,11:25:00,4687,6381,7947,300439520,0,0,0
b2205,20220218,20220218,112500500,11:25:01,4687,6381,7947,300439520,0,0,0
b2205,20220218,20220218,112501000,11:25:01,4687,6381,7947,300439520,0,0,0
b2205,20220218,20220218,112501500,11:25:04,4687,6381,7947,300439520,0,0,0
b2205,20220218,20220218,112502000,11:25:05,4687,6381,7947,300439520,0,0,0
b2205,20220218,20220218,112502500,11:25:06,4687,6381,7947,300439520,0,0,0
b2205,20220218,20220218,112503000,11:25:06,4687,6381,7947,300439520,0,0,0
b2205,20220218,20220218,112504500,11:25:06,4687,6381,7947,300439520,0,0,0
b2205,20220218,20220218,112505000,11:25:06,4687,6381,7947,300439520,0,0,0
b2205,20220218,20220218,112505500,11:25:06,4687,6381,7947,300439520,0,0,0
b2205,20220218,20220218,112506000,11:25:06,4687,6381,7947,300439520,0,0,0
b2205,20220218,20220218,112506500,11:25:07,4687,6381,7947,300439520,0,0,0
b2205,20220218,20220218,112508000,11:25:08,4687,6381,7947,300439520,0,0,0
b2205,20220218,20220218,112511000,11:25:11,4687,6381,7947,300439520,0,0,0
b2205,20220218,20220218,112511500,11:25:11,4687,6381,7947,300439520,0,0,0
b2205,20220218,20220218,112512000,11:25:12,4687,6381,7947,300439520,0,0,0
b2205,20220218,20220218,112512500,11:25:12,4689,6382,7948,300486410,1,1,46890
b2205,20220218,20220218,112513000,11:25:13,4688,6383,7948,300533290,1,0,46880
b2205,20220218,20220218,112513500,11:25:15,4688,6384,7947,300580170,1,-1,46880
b2205,20220218,20220218,112514000,11:25:15,4688,6384,7947,300580170,0,0,0
b2205,20220218,20220218,112516000,11:25:16,4688,6384,7947,300580170,0,0,0
b2205,20220218,20220218,112516500,11:25:16,4688,6384,7947,300580170,0,0,0
b2205,20220218,20220218,112519000,11:25:19,4688,6384,7947,300580170,0,0,0
b2205,20220218,20220218,112520500,11:25:21,4688,6384,7947,300580170,0,0,0
b2205,20220218,20220218,112521000,11:25:21,4688,6384,7947,300580170,0,0,0
b2205,20220218,20220218,112523500,11:25:24,4688,6384,7947,300580170,0,0,0
b2205,20220218,20220218,112524000,11:25:25,4688,6384,7947,300580170,0,0,0
b2205,20220218,20220218,112524500,11:25:25,4688,6384,7947,300580170,0,0,0
b2205,20220218,20220218,112525000,11:25:25,4688,6384,7947,300580170,0,0,0
b2205,20220218,20220218,112525500,11:25:26,4688,6384,7947,300580170,0,0,0
b2205,20220218,20220218,112527000,11:25:27,4688,6384,7947,300580170,0,0,0
b2205,20220218,20220218,112528000,11:25:28,4688,6384,7947,300580170,0,0,0
b2205,20220218,20220218,112529000,11:25:29,4688,6384,7947,300580170,0,0,0
b2205,20220218,20220218,112529500,11:25:30,4688,6384,7947,300580170,0,0,0
b2205,20220218,20220218,112530000,11:25:30,4690,6385,7948,300627070,1,1,46900
b2205,20220218,20220218,112531000,11:25:31,4690,6385,7948,300627070,0,0,0
b2205,20220218,20220218,112532500,11:25:33,4690,6385,7948,300627070,0,0,0
b2205,20220218,20220218,112533000,11:25:33,4690,6385,7948,300627070,0,0,0
b2205,20220218,20220218,112533500,11:25:33,4690,6385,7948,300627070,0,0,0
b2205,20220218,20220218,112534000,11:25:34,4690,6385,7948,300627070,0,0,0
b2205,20220218,20220218,112537000,11:25:37,4690,6385,7948,300627070,0,0,0
b2205,20220218,20220218,112537500,11:25:38,4690,6385,7948,300627070,0,0,0
b2205,20220218,20220218,112538000,11:25:38,4690,6385,7948,300627070,0,0,0
b2205,20220218,20220218,112538500,11:25:39,4690,6385,7948,300627070,0,0,0
b2205,20220218,20220218,112539000,11:25:39,4690,6385,7948,300627070,0,0,0
b2205,20220218,20220218,112545500,11:25:46,4689,6386,7947,300673960,1,-1,46890
b2205,20220218,20220218,112546000,11:25:47,4689,6386,7947,300673960,0,0,0
b2205,20220218,20220218,112546500,11:25:47,4689,6386,7947,300673960,0,0,0
b2205,20220218,20220218,112548000,11:25:48,4689,6386,7947,300673960,0,0,0
b2205,20220218,20220218,112549000,11:25:49,4689,6386,7947,300673960,0,0,0
b2205,20220218,20220218,112552000,11:25:52,4689,6386,7947,300673960,0,0,0
b2205,20220218,20220218,112552500,11:25:52,4689,6386,7947,300673960,0,0,0
b2205,20220218,20220218,112555500,11:25:56,4689,6386,7947,300673960,0,0,0
b2205,20220218,20220218,112556000,11:25:57,4689,6386,7947,300673960,0,0,0
b2205,20220218,20220218,112556500,11:25:57,4689,6386,7947,300673960,0,0,0
b2205,20220218,20220218,112557000,11:25:57,4689,6386,7947,300673960,0,0,0
b2205,20220218,20220218,112559500,11:26:00,4689,6386,7947,300673960,0,0,0
b2205,20220218,20220218,112603000,11:26:03,4689,6386,7947,300673960,0,0,0
b2205,20220218,20220218,112603500,11:26:03,4689,6386,7947,300673960,0,0,0
b2205,20220218,20220218,112604500,11:26:05,4689,6386,7947,300673960,0,0,0
b2205,20220218,20220218,112606000,11:26:06,4689,6386,7947,300673960,0,0,0
b2205,20220218,20220218,112607000,11:26:09,4689,6386,7947,300673960,0,0,0
b2205,20220218,20220218,112607500,11:26:09,4689,6386,7947,300673960,0,0,0
b2205,20220218,20220218,112621000,11:26:21,4689,6386,7947,300673960,0,0,0
b2205,20220218,20220218,112621500,11:26:21,4689,6386,7947,300673960,0,0,0
b2205,20220218,20220218,112622500,11:26:22,4689,6386,7947,300673960,0,0,0
b2205,20220218,20220218,112628500,11:26:28,4689,6386,7947,300673960,0,0,0
b2205,20220218,20220218,112629000,11:26:29,4689,6386,7947,300673960,0,0,0
b2205,20220218,20220218,112630500,11:26:31,4689,6386,7947,300673960,0,0,0
b2205,20220218,20220218,112631000,11:26:31,4689,6386,7947,300673960,0,0,0
b2205,20220218,20220218,112631500,11:26:32,4689,6386,7947,300673960,0,0,0
b2205,20220218,20220218,112635500,11:26:38,4689,6386,7947,300673960,0,0,0
b2205,20220218,20220218,112637000,11:26:38,4689,6386,7947,300673960,0,0,0
b2205,20220218,20220218,112652500,11:27:10,4689,6386,7947,300673960,0,0,0
b2205,20220218,20220218,112704500,11:27:12,4689,6386,7947,300673960,0,0,0
b2205,20220218,20220218,112714500,11:27:15,4689,6386,7947,300673960,0,0,0
b2205,20220218,20220218,112715000,11:27:15,4689,6386,7947,300673960,0,0,0
b2205,20220218,20220218,112725000,11:27:27,4689,6386,7947,300673960,0,0,0
b2205,20220218,20220218,112727000,11:27:27,4689,6386,7947,300673960,0,0,0
b2205,20220218,20220218,112728500,11:27:28,4689,6387,7947,300720850,1,0,46890
b2205,20220218,20220218,112729000,11:27:29,4689,6387,7947,300720850,0,0,0
b2205,20220218,20220218,112730000,11:27:30,4689,6387,7947,300720850,0,0,0
b2205,20220218,20220218,112730500,11:27:31,4689,6387,7947,300720850,0,0,0
b2205,20220218,20220218,112737500,11:27:38,4689,6387,7947,300720850,0,0,0
b2205,20220218,20220218,112742500,11:27:43,4689,6387,7947,300720850,0,0,0
b2205,20220218,20220218,112743000,11:27:43,4689,6387,7947,300720850,0,0,0
b2205,20220218,20220218,112754000,11:27:54,4689,6387,7947,300720850,0,0,0
b2205,20220218,20220218,112754500,11:27:54,4689,6387,7947,300720850,0,0,0
b2205,20220218,20220218,112758500,11:27:59,4689,6387,7947,300720850,0,0,0
b2205,20220218,20220218,112759500,11:27:59,4689,6387,7947,300720850,0,0,0
b2205,20220218,20220218,112800000,11:28:00,4689,6387,7947,300720850,0,0,0
b2205,20220218,20220218,112800500,11:28:01,4689,6387,7947,300720850,0,0,0
b2205,20220218,20220218,112801000,11:28:01,4689,6387,7947,300720850,0,0,0
b2205,20220218,20220218,112801500,11:28:02,4689,6387,7947,300720850,0,0,0
b2205,20220218,20220218,112802000,11:28:03,4689,6387,7947,300720850,0,0,0
b2205,20220218,20220218,112802500,11:28:03,4689,6387,7947,300720850,0,0,0
b2205,20220218,20220218,112803000,11:28:04,4689,6387,7947,300720850,0,0,0
b2205,20220218,20220218,112803500,11:28:04,4689,6387,7947,300720850,0,0,0
b2205,20220218,20220218,112804000,11:28:04,4689,6387,7947,300720850,0,0,0
b2205,20220218,20220218,112804500,11:28:05,4689,6387,7947,300720850,0,0,0
b2205,20220218,20220218,112805000,11:28:06,4689,6387,7947,300720850,0,0,0
b2205,20220218,20220218,112805500,11:28:06,4689,6387,7947,300720850,0,0,0
b2205,20220218,20220218,112806000,11:28:10,4689,6387,7947,300720850,0,0,0
b2205,20220218,20220218,112810000,11:28:11,4689,6387,7947,300720850,0,0,0
b2205,20220218,20220218,112812000,11:28:13,4689,6387,7947,300720850,0,0,0
b2205,20220218,20220218,112813500,11:28:14,4689,6387,7947,300720850,0,0,0
b2205,20220218,20220218,112814000,11:28:14,4689,6387,7947,300720850,0,0,0
b2205,20220218,20220218,112814500,11:28:14,4689,6387,7947,300720850,0,0,0
b2205,20220218,20220218,112815000,11:28:15,4689,6387,7947,300720850,0,0,0
b2205,20220218,20220218,112815500,11:28:15,4690,6389,7946,300814650,2,-1,93800
b2205,20220218,20220218,112816000,11:28:16,4690,6389,7946,300814650,0,0,0
b2205,20220218,20220218,112816500,11:28:16,4690,6389,7946,300814650,0,0,0
b2205,20220218,20220218,112817000,11:28:17,4690,6389,7946,300814650,0,0,0
b2205,20220218,20220218,112817500,11:28:17,4690,6389,7946,300814650,0,0,0
b2205,20220218,20220218,112818000,11:28:18,4690,6389,7946,300814650,0,0,0
b2205,20220218,20220218,112818500,11:28:18,4690,6389,7946,300814650,0,0,0
b2205,20220218,20220218,112819000,11:28:19,4690,6389,7946,300814650,0,0,0
b2205,20220218,20220218,112819500,11:28:19,4690,6389,7946,300814650,0,0,0
b2205,20220218,20220218,112820000,11:28:20,4690,6389,7946,300814650,0,0,0
b2205,20220218,20220218,112820500,11:28:20,4690,6389,7946,300814650,0,0,0
b2205,20220218,20220218,112822500,11:28:22,4690,6389,7946,300814650,0,0,0
b2205,20220218,20220218,112824500,11:28:24,4690,6389,7946,300814650,0,0,0
b2205,20220218,20220218,112826500,11:28:27,4690,6389,7946,300814650,0,0,0
b2205,20220218,20220218,112828500,11:28:28,4690,6389,7946,300814650,0,0,0
b2205,20220218,20220218,112830500,11:28:31,4690,6389,7946,300814650,0,0,0
b2205,20220218,20220218,112832500,11:28:33,4690,6389,7946,300814650,0,0,0
b2205,20220218,20220218,112833000,11:28:33,4690,6389,7946,300814650,0,0,0
b2205,20220218,20220218,112833500,11:28:33,4690,6389,7946,300814650,0,0,0
b2205,20220218,20220218,112834000,11:28:34,4690,6389,7946,300814650,0,0,0
b2205,20220218,20220218,112834500,11:28:34,4690,6389,7946,300814650,0,0,0
b2205,20220218,20220218,112836500,11:28:37,4690,6389,7946,300814650,0,0,0
b2205,20220218,20220218,112838500,11:28:38,4690,6389,7946,300814650,0,0,0
b2205,20220218,20220218,112840500,11:28:40,4690,6389,7946,300814650,0,0,0
b2205,20220218,20220218,112842500,11:28:42,4690,6389,7946,300814650,0,0,0
b2205,20220218,20220218,112844500,11:28:44,4690,6389,7946,300814650,0,0,0
b2205,20220218,20220218,112845000,11:28:45,4690,6389,7946,300814650,0,0,0
b2205,20220218,20220218,112845500,11:28:45,4690,6389,7946,300814650,0,0,0
b2205,20220218,20220218,112846000,11:28:46,4690,6389,7946,300814650,0,0,0
b2205,20220218,20220218,112846500,11:28:46,4690,6389,7946,300814650,0,0,0
b2205,20220218,20220218,112847000,11:28:47,4690,6389,7946,300814650,0,0,0
b2205,20220218,20220218,112848000,11:28:48,4690,6389,7946,300814650,0,0,0
b2205,20220218,20220218,112849000,11:28:49,4689,6390,7945,300861540,1,-1,46890
b2205,20220218,20220218,112849500,11:28:50,4689,6390,7945,300861540,0,0,0
b2205,20220218,20220218,112850000,11:28:50,4689,6390,7945,300861540,0,0,0
b2205,20220218,20220218,112850500,11:28:50,4689,6390,7945,300861540,0,0,0
b2205,20220218,20220218,112851000,11:28:51,4689,6390,7945,300861540,0,0,0
b2205,20220218,20220218,112851500,11:28:51,4689,6390,7945,300861540,0,0,0
b2205,20220218,20220218,112852000,11:28:53,4689,6390,7945,300861540,0,0,0
b2205,20220218,20220218,112853500,11:28:54,4689,6390,7945,300861540,0,0,0
b2205,20220218,20220218,112854000,11:28:54,4689,6391,7944,300908430,1,-1,46890
b2205,20220218,20220218,112855000,11:28:55,4689,6391,7944,300908430,0,0,0
b2205,20220218,20220218,112855500,11:28:56,4689,6391,7944,300908430,0,0,0
b2205,20220218,20220218,112856000,11:28:56,4689,6391,7944,300908430,0,0,0
b2205,20220218,20220218,112858000,11:28:58,4689,6391,7944,300908430,0,0,0
b2205,20220218,20220218,112858500,11:28:59,4689,6391,7944,300908430,0,0,0
b2205,20220218,20220218,112859000,11:28:59,4689,6391,7944,300908430,0,0,0
b2205,20220218,20220218,112916500,11:29:18,4689,6391,7944,300908430,0,0,0
b2205,20220218,20220218,112917000,11:29:20,4689,6391,7944,300908430,0,0,0
b2205,20220218,20220218,112917500,11:29:21,4689,6391,7944,300908430,0,0,0
b2205,20220218,20220218,112918000,11:29:21,4689,6391,7944,300908430,0,0,0
b2205,20220218,20220218,112920500,11:29:21,4689,6391,7944,300908430,0,0,0
b2205,20220218,20220218,112921000,11:29:22,4689,6391,7944,300908430,0,0,0
b2205,20220218,20220218,112921500,11:29:24,4689,6391,7944,300908430,0,0,0
b2205,20220218,20220218,112922000,11:29:24,4689,6391,7944,300908430,0,0,0
b2205,20220218,20220218,112922500,11:29:24,4689,6391,7944,300908430,0,0,0
b2205,20220218,20220218,112923000,11:29:24,4689,6391,7944,300908430,0,0,0
b2205,20220218,20220218,112924000,11:29:24,4689,6391,7944,300908430,0,0,0
b2205,20220218,20220218,112924500,11:29:25,4689,6391,7944,300908430,0,0,0
b2205,20220218,20220218,112925000,11:29:25,4689,6391,7944,300908430,0,0,0
b2205,20220218,20220218,112925500,11:29:25,4689,6391,7944,300908430,0,0,0
b2205,20220218,20220218,112926500,11:29:26,4689,6391,7944,300908430,0,0,0
b2205,20220218,20220218,112927000,11:29:27,4689,6391,7944,300908430,0,0,0
b2205,20220218,20220218,112928000,11:29:28,4689,6391,7944,300908430,0,0,0
b2205,20220218,20220218,112928500,11:29:28,4689,6391,7944,300908430,0,0,0
b2205,20220218,20220218,112929000,11:29:29,4689,6391,7944,300908430,0,0,0
b2205,20220218,20220218,112931500,11:29:32,4689,6391,7944,300908430,0,0,0
b2205,20220218,20220218,112932000,11:29:32,4689,6391,7944,300908430,0,0,0
b2205,20220218,20220218,112932500,11:29:36,4689,6391,7944,300908430,0,0,0
b2205,20220218,20220218,112933000,11:29:37,4689,6391,7944,300908430,0,0,0
b2205,20220218,20220218,112933500,11:29:37,4689,6391,7944,300908430,0,0,0
b2205,20220218,20220218,112936500,11:29:38,4689,6391,7944,300908430,0,0,0
b2205,20220218,20220218,112937500,11:29:38,4689,6391,7944,300908430,0,0,0
b2205,20220218,20220218,112938000,11:29:38,4689,6391,7944,300908430,0,0,0
b2205,20220218,20220218,112938500,11:29:39,4689,6391,7944,300908430,0,0,0
b2205,20220218,20220218,112939000,11:29:39,4689,6391,7944,300908430,0,0,0
b2205,20220218,20220218,112939500,11:29:40,4689,6391,7944,300908430,0,0,0
b2205,20220218,20220218,112940000,11:29:40,4689,6391,7944,300908430,0,0,0
b2205,20220218,20220218,112940500,11:29:40,4689,6391,7944,300908430,0,0,0
b2205,20220218,20220218,112941000,11:29:41,4689,6391,7944,300908430,0,0,0
b2205,20220218,20220218,112941500,11:29:42,4689,6391,7944,300908430,0,0,0
b2205,20220218,20220218,112942000,11:29:42,4689,6391,7944,300908430,0,0,0
b2205,20220218,20220218,112942500,11:29:44,4689,6391,7944,300908430,0,0,0
b2205,20220218,20220218,112943000,11:29:45,4689,6391,7944,300908430,0,0,0
b2205,20220218,20220218,112943500,11:29:45,4689,6391,7944,300908430,0,0,0
b2205,20220218,20220218,112944000,11:29:45,4689,6391,7944,300908430,0,0,0
b2205,20220218,20220218,112944500,11:29:45,4689,6391,7944,300908430,0,0,0
b2205,20220218,20220218,112945000,11:29:46,4689,6391,7944,300908430,0,0,0
b2205,20220218,20220218,112945500,11:29:46,4689,6391,7944,300908430,0,0,0
b2205,20220218,20220218,112946000,11:29:46,4689,6391,7944,300908430,0,0,0
b2205,20220218,20220218,112946500,11:29:47,4689,6391,7944,300908430,0,0,0
b2205,20220218,20220218,112947000,11:29:47,4689,6391,7944,300908430,0,0,0
b2205,20220218,20220218,112947500,11:29:48,4689,6391,7944,300908430,0,0,0
b2205,20220218,20220218,112948000,11:29:48,4689,6391,7944,300908430,0,0,0
b2205,20220218,20220218,112948500,11:29:49,4689,6391,7944,300908430,0,0,0
b2205,20220218,20220218,112949000,11:29:50,4689,6391,7944,300908430,0,0,0
b2205,20220218,20220218,113001000,11:30:03,4689,6391,7944,300908430,0,0,0
b2205,20220218,20220218,113001500,11:30:03,4689,6391,7944,300908430,0,0,0
b2205,20220218,20220218,133001500,13:30:02,4681,6411,7928,301844800,20,-16,936370
b2205,20220218,20220218,133002000,13:30:08,4684,6416,7928,302079020,5,0,234220
b2205,20220218,20220218,133002500,13:30:09,4682,6418,7928,302172670,2,0,93650
b2205,20220218,20220218,133008500,13:30:10,4682,6418,7928,302172670,0,0,0
b2205,20220218,20220218,133009500,13:30:10,4682,6418,7928,302172670,0,0,0
b2205,20220218,20220218,133010000,13:30:11,4682,6418,7928,302172670,0,0,0
b2205,20220218,20220218,133010500,13:30:12,4682,6418,7928,302172670,0,0,0
b2205,20220218,20220218,133011000,13:30:12,4682,6418,7928,302172670,0,0,0
b2205,20220218,20220218,133011500,13:30:13,4682,6418,7928,302172670,0,0,0
b2205,20220218,20220218,133012500,13:30:13,4682,6418,7928,302172670,0,0,0
b2205,20220218,20220218,133013000,13:30:13,4683,6424,7929,302453540,6,1,280870
b2205,20220218,20220218,133013500,13:30:14,4683,6424,7929,302453540,0,0,0
b2205,20220218,20220218,133014000,13:30:16,4683,6424,7929,302453540,0,0,0
b2205,20220218,20220218,133014500,13:30:17,4683,6424,7929,302453540,0,0,0
b2205,20220218,20220218,133015000,13:30:17,4683,6424,7929,302453540,0,0,0
b2205,20220218,20220218,133016500,13:30:18,4683,6425,7930,302500370,1,1,46830
b2205,20220218,20220218,133017000,13:30:18,4683,6425,7930,302500370,0,0,0
b2205,20220218,20220218,133018000,13:30:19,4683,6425,7930,302500370,0,0,0
b2205,20220218,20220218,133018500,13:30:20,4680,6427,7930,302593970,2,0,93600
b2205,20220218,20220218,133019000,13:30:20,4680,6427,7930,302593970,0,0,0
b2205,20220218,20220218,133019500,13:30:20,4679,6428,7930,302640760,1,0,46790
b2205,20220218,20220218,133020000,13:30:21,4679,6428,7930,302640760,0,0,0
b2205,20220218,20220218,133020500,13:30:21,4679,6428,7930,302640760,0,0,0
b2205,20220218,20220218,133021000,13:30:21,4679,6428,7930,302640760,0,0,0
b2205,20220218,20220218,133022500,13:30:38,4679,6428,7930,302640760,0,0,0
b2205,20220218,20220218,133023000,13:30:38,4678,6429,7931,302687540,1,1,46780
b2205,20220218,20220218,133038000,13:30:40,4678,6429,7931,302687540,0,0,0
b2205,20220218,20220218,133040000,13:30:42,4678,6429,7931,302687540,0,0,0
b2205,20220218,20220218,133042000,13:30:44,4678,6429,7931,302687540,0,0,0
b2205,20220218,20220218,133043000,13:30:44,4678,6429,7931,302687540,0,0,0
b2205,20220218,20220218,133043500,13:30:44,4678,6429,7931,302687540,0,0,0
b2205,20220218,20220218,133044000,13:30:46,4678,6429,7931,302687540,0,0,0
b2205,20220218,20220218,133045000,13:30:46,4678,6429,7931,302687540,0,0,0
b2205,20220218,20220218,133046000,13:30:47,4678,6429,7931,302687540,0,0,0
b2205,20220218,20220218,133046500,13:30:47,4680,6432,7932,302827930,3,1,140390
b2205,20220218,20220218,133047000,13:30:48,4680,6432,7932,302827930,0,0,0
b2205,20220218,20220218,133047500,13:30:48,4680,6432,7932,302827930,0,0,0
b2205,20220218,20220218,133048500,13:30:49,4680,6432,7932,302827930,0,0,0
b2205,20220218,20220218,133049000,13:30:49,4680,6432,7932,302827930,0,0,0
b2205,20220218,20220218,133049500,13:30:50,4680,6432,7932,302827930,0,0,0
b2205,20220218,20220218,133050500,13:30:51,4680,6432,7932,302827930,0,0,0
b2205,20220218,20220218,133057000,13:30:58,4680,6432,7932,302827930,0,0,0
b2205,20220218,20220218,133057500,13:30:58,4680,6432,7932,302827930,0,0,0
b2205,20220218,20220218,133058000,13:30:58,4680,6432,7932,302827930,0,0,0
b2205,20220218,20220218,133059000,13:30:59,4680,6432,7932,302827930,0,0,0
b2205,20220218,20220218,133103500,13:31:05,4680,6432,7932,302827930,0,0,0
b2205,20220218,20220218,133104500,13:31:07,4680,6432,7932,302827930,0,0,0
b2205,20220218,20220218,133106000,13:31:08,4680,6432,7932,302827930,0,0,0
b2205,20220218,20220218,133107000,13:31:08,4679,6433,7933,302874720,1,1,46790
b2205,20220218,20220218,133107500,13:31:09,4679,6433,7933,302874720,0,0,0
b2205,20220218,20220218,133108500,13:31:09,4679,6433,7933,302874720,0,0,0
b2205,20220218,20220218,133109000,13:31:09,4679,6433,7933,302874720,0,0,0
b2205,20220218,20220218,133110500,13:31:11,4679,6433,7933,302874720,0,0,0
b2205,20220218,20220218,133111000,13:31:11,4679,6433,7933,302874720,0,0,0
b2205,20220218,20220218,133111500,13:31:12,4679,6433,7933,302874720,0,0,0
b2205,20220218,20220218,133114500,13:31:15,4679,6433,7933,302874720,0,0,0
b2205,20220218,20220218,133117500,13:31:18,4679,6433,7933,302874720,0,0,0
b2205,20220218,20220218,133118500,13:31:19,4679,6433,7933,302874720,0,0,0
b2205,20220218,20220218,133119000,13:31:19,4679,6433,7933,302874720,0,0,0
b2205,20220218,20220218,133158500,13:31:58,4679,6433,7933,302874720,0,0,0
b2205,20220218,20220218,133159000,13:31:59,4680,6434,7933,302921520,1,0,46800
b2205,20220218,20220218,133159500,13:32:00,4680,6434,7933,302921520,0,0,0
b2205,20220218,20220218,133200000,13:32:01,4680,6434,7933,302921520,0,0,0
b2205,20220218,20220218,133201000,13:32:01,4680,6434,7933,302921520,0,0,0
b2205,20220218,20220218,133202500,13:32:03,4680,6434,7933,302921520,0,0,0
b2205,20220218,20220218,133203000,13:32:04,4680,6434,7933,302921520,0,0,0
b2205,20220218,20220218,133203500,13:32:05,4680,6434,7933,302921520,0,0,0
b2205,20220218,20220218,133205000,13:32:06,4680,6434,7933,302921520,0,0,0
b2205,20220218,20220218,133209000,13:32:10,4680,6434,7933,302921520,0,0,0
b2205,20220218,20220218,133209500,13:32:10,4681,6456,7948,303951340,22,15,1029820
b2205,20220218,20220218,133210000,13:32:10,4681,6456,7948,303951340,0,0,0
b2205,20220218,20220218,133212500,13:32:15,4680,6472,7948,304700140,16,0,748800
b2205,20220218,20220218,133214000,13:32:15,4680,6474,7949,304793740,2,1,93600
b2205,20220218,20220218,133225500,13:32:25,4680,6476,7950,304887340,2,1,93600
b2205,20220218,20220218,133226000,13:32:27,4680,6476,7950,304887340,0,0,0
b2205,20220218,20220218,133226500,13:32:27,4680,6476,7950,304887340,0,0,0
b2205,20220218,20220218,133228000,13:32:32,4680,6476,7950,304887340,0,0,0
b2205,20220218,20220218,133228500,13:32:32,4680,6476,7950,304887340,0,0,0
b2205,20220218,20220218,133232000,13:32:35,4680,6476,7950,304887340,0,0,0
b2205,20220218,20220218,133232500,13:32:35,4680,6476,7950,304887340,0,0,0
b2205,20220218,20220218,133233000,13:32:35,4680,6476,7950,304887340,0,0,0
b2205,20220218,20220218,133236000,13:32:36,4680,6476,7950,304887340,0,0,0
b2205,20220218,20220218,133236500,13:32:37,4680,6476,7950,304887340,0,0,0
b2205,20220218,20220218,133239000,13:32:39,4680,6476,7950,304887340,0,0,0
b2205,20220218,20220218,133240000,13:32:40,4680,6476,7950,304887340,0,0,0
b2205,20220218,20220218,133240500,13:32:40,4680,6476,7950,304887340,0,0,0
b2205,20220218,20220218,133241000,13:32:41,4680,6476,7950,304887340,0,0,0
b2205,20220218,20220218,133245000,13:32:45,4680,6476,7950,304887340,0,0,0
b2205,20220218,20220218,133245500,13:32:45,4680,6476,7950,304887340,0,0,0
b2205,20220218,20220218,133247000,13:32:47,4680,6477,7950,304934140,1,0,46800
b2205,20220218,20220218,133247500,13:32:48,4680,6477,7950,304934140,0,0,0
b2205,20220218,20220218,133248000,13:32:48,4680,6477,7950,304934140,0,0,0
b2205,20220218,20220218,133257500,13:33:00,4680,6477,7950,304934140,0,0,0
b2205,20220218,20220218,133302000,13:33:02,4680,6477,7950,304934140,0,0,0
b2205,20220218,20220218,133302500,13:33:03,4680,6477,7950,304934140,0,0,0
b2205,20220218,20220218,133303500,13:33:04,4680,6477,7950,304934140,0,0,0
b2205,20220218,20220218,133304000,13:33:04,4680,6477,7950,304934140,0,0,0
b2205,20220218,20220218,133308000,13:33:08,4679,6478,7950,304980930,1,0,46790
b2205,20220218,20220218,133308500,13:33:09,4679,6478,7950,304980930,0,0,0
b2205,20220218,20220218,133310500,13:33:12,4679,6478,7950,304980930,0,0,0
b2205,20220218,20220218,133311000,13:33:13,4679,6478,7950,304980930,0,0,0
b2205,20220218,20220218,133311500,13:33:14,4679,6478,7950,304980930,0,0,0
b2205,20220218,20220218,133312000,13:33:14,4679,6478,7950,304980930,0,0,0
b2205,20220218,20220218,133315500,13:33:18,4679,6478,7950,304980930,0,0,0
b2205,20220218,20220218,133318000,13:33:19,4682,6479,7949,305027750,1,-1,46820
b2205,20220218,20220218,133318500,13:33:19,4682,6479,7949,305027750,0,0,0
b2205,20220218,20220218,133319000,13:33:20,4682,6479,7949,305027750,0,0,0
b2205,20220218,20220218,133319500,13:33:20,4682,6479,7949,305027750,0,0,0
b2205,20220218,20220218,133320000,13:33:21,4682,6479,7949,305027750,0,0,0
b2205,20220218,20220218,133320500,13:33:22,4682,6479,7949,305027750,0,0,0
b2205,20220218,20220218,133321000,13:33:22,4682,6479,7949,305027750,0,0,0
b2205,20220218,20220218,133322000,13:33:22,4682,6479,7949,305027750,0,0,0
b2205,20220218,20220218,133322500,13:33:22,4682,6479,7949,305027750,0,0,0
b2205,20220218,20220218,133323000,13:33:23,4684,6480,7950,305074590,1,1,46840
b2205,20220218,20220218,133323500,13:33:24,4684,6480,7950,305074590,0,0,0
b2205,20220218,20220218,133324000,13:33:24,4684,6480,7950,305074590,0,0,0
b2205,20220218,20220218,133325500,13:33:26,4684,6480,7950,305074590,0,0,0
b2205,20220218,20220218,133326000,13:33:28,4684,6480,7950,305074590,0,0,0
b2205,20220218,20220218,133326500,13:33:29,4684,6480,7950,305074590,0,0,0
b2205,20220218,20220218,133328500,13:33:30,4684,6480,7950,305074590,0,0,0
b2205,20220218,20220218,133329000,13:33:30,4684,6480,7950,305074590,0,0,0
b2205,20220218,20220218,133329500,13:33:30,4684,6480,7950,305074590,0,0,0
b2205,20220218,20220218,133330000,13:33:30,4684,6480,7950,305074590,0,0,0
b2205,20220218,20220218,133330500,13:33:31,4684,6480,7950,305074590,0,0,0
b2205,20220218,20220218,133331000,13:33:32,4684,6480,7950,305074590,0,0,0
b2205,20220218,20220218,133331500,13:33:32,4684,6480,7950,305074590,0,0,0
b2205,20220218,20220218,133332000,13:33:32,4684,6480,7950,305074590,0,0,0
b2205,20220218,20220218,133332500,13:33:32,4684,6480,7950,305074590,0,0,0
b2205,20220218,20220218,133335000,13:33:35,4684,6480,7950,305074590,0,0,0
b2205,20220218,20220218,133335500,13:33:35,4684,6480,7950,305074590,0,0,0
b2205,20220218,20220218,133336000,13:33:36,4684,6480,7950,305074590,0,0,0
b2205,20220218,20220218,133336500,13:33:36,4684,6480,7950,305074590,0,0,0
b2205,20220218,20220218,133337000,13:33:37,4684,6480,7950,305074590,0,0,0
b2205,20220218,20220218,133337500,13:33:37,4684,6480,7950,305074590,0,0,0
b2205,20220218,20220218,133338000,13:33:38,4684,6480,7950,305074590,0,0,0
b2205,20220218,20220218,133341500,13:33:42,4684,6480,7950,305074590,0,0,0
b2205,20220218,20220218,133342500,13:33:42,4684,6480,7950,305074590,0,0,0
b2205,20220218,20220218,133343000,13:33:43,4684,6480,7950,305074590,0,0,0
b2205,20220218,20220218,133343500,13:33:44,4684,6480,7950,305074590,0,0,0
b2205,20220218,20220218,133344000,13:33:45,4684,6480,7950,305074590,0,0,0
b2205,20220218,20220218,133344500,13:33:45,4684,6480,7950,305074590,0,0,0
b2205,20220218,20220218,133346500,13:33:48,4684,6480,7950,305074590,0,0,0
b2205,20220218,20220218,133347000,13:33:48,4684,6480,7950,305074590,0,0,0
b2205,20220218,20220218,133347500,13:33:49,4684,6480,7950,305074590,0,0,0
b2205,20220218,20220218,133348000,13:33:49,4684,6480,7950,305074590,0,0,0
b2205,20220218,20220218,133348500,13:33:49,4684,6480,7950,305074590,0,0,0
b2205,20220218,20220218,133349500,13:33:50,4684,6480,7950,305074590,0,0,0
b2205,20220218,20220218,133350000,13:33:50,4684,6480,7950,305074590,0,0,0
b2205,20220218,20220218,133350500,13:33:50,4684,6480,7950,305074590,0,0,0
b2205,20220218,20220218,133351000,13:33:51,4684,6480,7950,305074590,0,0,0
b2205,20220218,20220218,133351500,13:33:52,4684,6480,7950,305074590,0,0,0
b2205,20220218,20220218,133352000,13:33:52,4684,6480,7950,305074590,0,0,0
b2205,20220218,20220218,133353500,13:33:53,4684,6480,7950,305074590,0,0,0
b2205,20220218,20220218,133354000,13:33:54,4684,6480,7950,305074590,0,0,0
b2205,20220218,20220218,133354500,13:33:54,4684,6480,7950,305074590,0,0,0
b2205,20220218,20220218,133355000,13:33:56,4684,6480,7950,305074590,0,0,0
b2205,20220218,20220218,133355500,13:33:56,4684,6480,7950,305074590,0,0,0
b2205,20220218,20220218,133356000,13:33:56,4684,6480,7950,305074590,0,0,0
b2205,20220218,20220218,133358000,13:33:58,4684,6480,7950,305074590,0,0,0
b2205,20220218,20220218,133358500,13:33:58,4684,6480,7950,305074590,0,0,0
b2205,20220218,20220218,133359000,13:33:59,4684,6480,7950,305074590,0,0,0
b2205,20220218,20220218,133359500,13:33:59,4684,6480,7950,305074590,0,0,0
b2205,20220218,20220218,133400000,13:34:00,4684,6480,7950,305074590,0,0,0
b2205,20220218,20220218,133400500,13:34:00,4684,6480,7950,305074590,0,0,0
b2205,20220218,20220218,133401500,13:34:02,4684,6480,7950,305074590,0,0,0
b2205,20220218,20220218,133402000,13:34:02,4684,6480,7950,305074590,0,0,0
b2205,20220218,20220218,133403000,13:34:10,4684,6480,7950,305074590,0,0,0
b2205,20220218,20220218,133403500,13:34:11,4684,6480,7950,305074590,0,0,0
b2205,20220218,20220218,133410000,13:34:12,4684,6480,7950,305074590,0,0,0
b2205,20220218,20220218,133410500,13:34:12,4684,6480,7950,305074590,0,0,0
b2205,20220218,20220218,133411000,13:34:12,4684,6480,7950,305074590,0,0,0
b2205,20220218,20220218,133411500,13:34:12,4684,6480,7950,305074590,0,0,0
b2205,20220218,20220218,133412000,13:34:12,4684,6480,7950,305074590,0,0,0
b2205,20220218,20220218,133412500,13:34:13,4684,6480,7950,305074590,0,0,0
b2205,20220218,20220218,133413000,13:34:13,4684,6480,7950,305074590,0,0,0
b2205,20220218,20220218,133413500,13:34:14,4684,6480,7950,305074590,0,0,0
b2205,20220218,20220218,133414000,13:34:14,4683,6496,7947,305824020,16,-3,749430
b2205,20220218,20220218,133417000,13:34:17,4683,6497,7947,305870850,1,0,46830
b2205,20220218,20220218,133425000,13:34:25,4684,6543,7989,308025490,46,42,2154640
b2205,20220218,20220218,133425500,13:34:25,4684,6543,7989,308025490,0,0,0
b2205,20220218,20220218,133426000,13:34:26,4684,6543,7989,308025490,0,0,0
b2205,20220218,20220218,133426500,13:34:26,4684,6543,7989,308025490,0,0,0
b2205,20220218,20220218,133427500,13:34:27,4685,6544,7990,308072340,1,1,46850
b2205,20220218,20220218,133431500,13:34:31,4685,6544,7990,308072340,0,0,0
b2205,20220218,20220218,133432500,13:34:32,4685,6544,7990,308072340,0,0,0
b2205,20220218,20220218,133436500,13:34:36,4685,6544,7990,308072340,0,0,0
b2205,20220218,20220218,133437000,13:34:37,4685,6544,7990,308072340,0,0,0
b2205,20220218,20220218,133437500,13:34:38,4685,6544,7990,308072340,0,0,0
b2205,20220218,20220218,133438000,13:34:38,4685,6544,7990,308072340,0,0,0
b2205,20220218,20220218,133450000,13:34:51,4685,6544,7990,308072340,0,0,0
b2205,20220218,20220218,133450500,13:34:51,4686,6545,7990,308119200,1,0,46860
b2205,20220218,20220218,133451000,13:34:51,4686,6545,7990,308119200,0,0,0
b2205,20220218,20220218,133451500,13:34:51,4686,6545,7990,308119200,0,0,0
b2205,20220218,20220218,133453000,13:34:53,4686,6545,7990,308119200,0,0,0
b2205,20220218,20220218,133504500,13:35:10,4686,6545,7990,308119200,0,0,0
b2205,20220218,20220218,133508500,13:35:10,4686,6545,7990,308119200,0,0,0
b2205,20220218,20220218,133512000,13:35:12,4684,6547,7990,308212890,2,0,93690
b2205,20220218,20220218,133512500,13:35:13,4684,6549,7990,308306570,2,0,93680
b2205,20220218,20220218,133514500,13:35:15,4684,6550,7989,308353410,1,-1,46840
b2205,20220218,20220218,133519500,13:35:20,4684,6550,7989,308353410,0,0,0
b2205,20220218,20220218,133521500,13:35:22,4684,6550,7989,308353410,0,0,0
b2205,20220218,20220218,133522000,13:35:22,4684,6550,7989,308353410,0,0,0
b2205,20220218,20220218,133522500,13:35:23,4684,6550,7989,308353410,0,0,0
b2205,20220218,20220218,133540500,13:35:43,4684,6553,7988,308493930,3,-1,140520
b2205,20220218,20220218,133541500,13:35:43,4684,6553,7988,308493930,0,0,0
b2205,20220218,20220218,133543500,13:35:44,4684,6554,7988,308540770,1,0,46840
b2205,20220218,20220218,133545000,13:35:46,4684,6554,7988,308540770,0,0,0
b2205,20220218,20220218,133545500,13:35:46,4684,6554,7988,308540770,0,0,0
b2205,20220218,20220218,133546500,13:35:46,4684,6554,7988,308540770,0,0,0
b2205,20220218,20220218,133547500,13:35:48,4684,6554,7988,308540770,0,0,0
b2205,20220218,20220218,133548000,13:35:48,4684,6554,7988,308540770,0,0,0
b2205,20220218,20220218,133548500,13:35:48,4684,6555,7987,308587610,1,-1,46840
b2205,20220218,20220218,133549000,13:35:49,4684,6555,7987,308587610,0,0,0
b2205,20220218,20220218,133549500,13:35:49,4684,6555,7987,308587610,0,0,0
b2205,20220218,20220218,133550000,13:35:50,4684,6556,7986,308634450,1,-1,46840
b2205,20220218,20220218,133550500,13:35:50,4684,6556,7986,308634450,0,0,0
b2205,20220218,20220218,133551000,13:35:51,4684,6556,7986,308634450,0,0,0
b2205,20220218,20220218,133551500,13:35:51,4684,6556,7986,308634450,0,0,0
b2205,20220218,20220218,133552000,13:35:52,4684,6556,7986,308634450,0,0,0
b2205,20220218,20220218,133552500,13:35:52,4684,6556,7986,308634450,0,0,0
b2205,20220218,20220218,133553000,13:35:53,4684,6556,7986,308634450,0,0,0
b2205,20220218,20220218,133553500,13:35:55,4684,6556,7986,308634450,0,0,0
b2205,20220218,20220218,133554000,13:35:55,4684,6556,7986,308634450,0,0,0
b2205,20220218,20220218,133554500,13:35:56,4684,6556,7986,308634450,0,0,0
b2205,20220218,20220218,133555000,13:35:56,4684,6556,7986,308634450,0,0,0
b2205,20220218,20220218,133555500,13:35:56,4684,6556,7986,308634450,0,0,0
b2205,20220218,20220218,133556000,13:35:56,4684,6556,7986,308634450,0,0,0
b2205,20220218,20220218,133557500,13:35:59,4684,6556,7986,308634450,0,0,0
b2205,20220218,20220218,133558000,13:36:01,4684,6556,7986,308634450,0,0,0
b2205,20220218,20220218,133600000,13:36:03,4684,6556,7986,308634450,0,0,0
b2205,20220218,20220218,133601500,13:36:03,4684,6556,7986,308634450,0,0,0
b2205,20220218,20220218,133602500,13:36:03,4684,6556,7986,308634450,0,0,0
b2205,20220218,20220218,133603000,13:36:05,4684,6556,7986,308634450,0,0,0
b2205,20220218,20220218,133603500,13:36:05,4684,6556,7986,308634450,0,0,0
b2205,20220218,20220218,133604000,13:36:06,4684,6556,7986,308634450,0,0,0
b2205,20220218,20220218,133605000,13:36:06,4684,6556,7986,308634450,0,0,0
b2205,20220218,20220218,133605500,13:36:07,4682,6557,7985,308681270,1,-1,46820
b2205,20220218,20220218,133606000,13:36:07,4682,6557,7985,308681270,0,0,0
b2205,20220218,20220218,133606500,13:36:07,4682,6557,7985,308681270,0,0,0
b2205,20220218,20220218,133607000,13:36:07,4682,6557,7985,308681270,0,0,0
b2205,20220218,20220218,133611000,13:36:11,4682,6557,7985,308681270,0,0,0
b2205,20220218,20220218,133611500,13:36:12,4682,6557,7985,308681270,0,0,0
b2205,20220218,20220218,133612500,13:36:12,4682,6557,7985,308681270,0,0,0
b2205,20220218,20220218,133613000,13:36:13,4682,6557,7985,308681270,0,0,0
b2205,20220218,20220218,133614000,13:36:14,4682,6557,7985,308681270,0,0,0
b2205,20220218,20220218,133625000,13:36:25,4682,6557,7985,308681270,0,0,0
b2205,20220218,20220218,133625500,13:36:26,4682,6557,7985,308681270,0,0,0
b2205,20220218,20220218,133627500,13:36:28,4682,6557,7985,308681270,0,0,0
b2205,20220218,20220218,133628000,13:36:28,4682,6557,7985,308681270,0,0,0
b2205,20220218,20220218,133630500,13:36:31,4682,6557,7985,308681270,0,0,0
b2205,20220218,20220218,133631000,13:36:31,4682,6557,7985,308681270,0,0,0
b2205,20220218,20220218,133631500,13:36:31,4682,6557,7985,308681270,0,0,0
b2205,20220218,20220218,133632000,13:36:32,4682,6557,7985,308681270,0,0,0
b2205,20220218,20220218,133634500,13:36:35,4682,6557,7985,308681270,0,0,0
b2205,20220218,20220218,133635000,13:36:35,4682,6558,7984,308728090,1,-1,46820
b2205,20220218,20220218,133635500,13:36:36,4682,6558,7984,308728090,0,0,0
b2205,20220218,20220218,133640500,13:36:40,4682,6558,7984,308728090,0,0,0
b2205,20220218,20220218,133641500,13:36:42,4682,6558,7984,308728090,0,0,0
b2205,20220218,20220218,133647000,13:36:47,4682,6558,7984,308728090,0,0,0
b2205,20220218,20220218,133647500,13:36:48,4682,6558,7984,308728090,0,0,0
b2205,20220218,20220218,133648000,13:36:48,4682,6558,7984,308728090,0,0,0
b2205,20220218,20220218,133649000,13:36:49,4682,6558,7984,308728090,0,0,0
b2205,20220218,20220218,133649500,13:36:49,4682,6558,7984,308728090,0,0,0
b2205,20220218,20220218,133651500,13:36:51,4682,6558,7984,308728090,0,0,0
b2205,20220218,20220218,133656000,13:36:56,4682,6558,7984,308728090,0,0,0
b2205,20220218,20220218,133656500,13:36:57,4682,6558,7984,308728090,0,0,0
b2205,20220218,20220218,133657000,13:36:58,4682,6558,7984,308728090,0,0,0
b2205,20220218,20220218,133657500,13:36:58,4682,6558,7984,308728090,0,0,0
b2205,20220218,20220218,133658000,13:36:58,4682,6558,7984,308728090,0,0,0
b2205,20220218,20220218,133658500,13:36:59,4682,6558,7984,308728090,0,0,0
b2205,20220218,20220218,133700500,13:37:00,4682,6558,7984,308728090,0,0,0
b2205,20220218,20220218,133701000,13:37:01,4682,6558,7984,308728090,0,0,0
b2205,20220218,20220218,133701500,13:37:02,4682,6558,7984,308728090,0,0,0
b2205,20220218,20220218,133702000,13:37:02,4682,6558,7984,308728090,0,0,0
b2205,20220218,20220218,133702500,13:37:03,4682,6558,7984,308728090,0,0,0
b2205,20220218,20220218,133703000,13:37:03,4682,6558,7984,308728090,0,0,0
b2205,20220218,20220218,133703500,13:37:03,4682,6558,7984,308728090,0,0,0
b2205,20220218,20220218,133704000,13:37:04,4682,6558,7984,308728090,0,0,0
b2205,20220218,20220218,133704500,13:37:05,4682,6558,7984,308728090,0,0,0
b2205,20220218,20220218,133705000,13:37:05,4682,6558,7984,308728090,0,0,0
b2205,20220218,20220218,133705500,13:37:07,4682,6558,7984,308728090,0,0,0
b2205,20220218,20220218,133706000,13:37:08,4682,6558,7984,308728090,0,0,0
b2205,20220218,20220218,133706500,13:37:08,4682,6558,7984,308728090,0,0,0
b2205,20220218,20220218,133707000,13:37:08,4682,6558,7984,308728090,0,0,0
b2205,20220218,20220218,133707500,13:37:08,4682,6558,7984,308728090,0,0,0
b2205,20220218,20220218,133708500,13:37:08,4682,6558,7984,308728090,0,0,0
b2205,20220218,20220218,133709000,13:37:09,4682,6558,7984,308728090,0,0,0
b2205,20220218,20220218,133709500,13:37:11,4682,6558,7984,308728090,0,0,0
b2205,20220218,20220218,133710000,13:37:11,4682,6558,7984,308728090,0,0,0
b2205,20220218,20220218,133710500,13:37:11,4682,6558,7984,308728090,0,0,0
b2205,20220218,20220218,133711500,13:37:13,4682,6558,7984,308728090,0,0,0
b2205,20220218,20220218,133713500,13:37:14,4682,6558,7984,308728090,0,0,0
b2205,20220218,20220218,133714000,13:37:14,4682,6558,7984,308728090,0,0,0
b2205,20220218,20220218,133719500,13:37:20,4682,6558,7984,308728090,0,0,0
b2205,20220218,20220218,133720000,13:37:21,4682,6558,7984,308728090,0,0,0
b2205,20220218,20220218,133721500,13:37:21,4682,6558,7984,308728090,0,0,0
b2205,20220218,20220218,133722000,13:37:22,4682,6558,7984,308728090,0,0,0
b2205,20220218,20220218,133723000,13:37:23,4682,6558,7984,308728090,0,0,0
b2205,20220218,20220218,133732500,13:37:33,4682,6558,7984,308728090,0,0,0
b2205,20220218,20220218,133733000,13:37:33,4682,6558,7984,308728090,0,0,0
b2205,20220218,20220218,133733500,13:37:33,4682,6558,7984,308728090,0,0,0
b2205,20220218,20220218,133734000,13:37:34,4682,6558,7984,308728090,0,0,0
b2205,20220218,20220218,133738000,13:37:38,4682,6558,7984,308728090,0,0,0
b2205,20220218,20220218,133738500,13:37:39,4682,6558,7984,308728090,0,0,0
b2205,20220218,20220218,133739000,13:37:39,4682,6558,7984,308728090,0,0,0
b2205,20220218,20220218,133739500,13:37:39,4682,6558,7984,308728090,0,0,0
b2205,20220218,20220218,133740000,13:37:40,4682,6558,7984,308728090,0,0,0
b2205,20220218,20220218,133740500,13:37:40,4682,6558,7984,308728090,0,0,0
b2205,20220218,20220218,133742000,13:37:42,4682,6558,7984,308728090,0,0,0
b2205,20220218,20220218,133742500,13:37:43,4682,6558,7984,308728090,0,0,0
b2205,20220218,20220218,133743000,13:37:44,4682,6558,7984,308728090,0,0,0
b2205,20220218,20220218,133743500,13:37:44,4682,6558,7984,308728090,0,0,0
b2205,20220218,20220218,133744500,13:37:45,4682,6558,7984,308728090,0,0,0
b2205,20220218,20220218,133745000,13:37:45,4682,6558,7984,308728090,0,0,0
b2205,20220218,20220218,133746000,13:37:46,4682,6558,7984,308728090,0,0,0
b2205,20220218,20220218,133748000,13:37:48,4682,6558,7984,308728090,0,0,0
b2205,20220218,20220218,133748500,13:37:48,4682,6558,7984,308728090,0,0,0
b2205,20220218,20220218,133749000,13:37:49,4682,6558,7984,308728090,0,0,0
b2205,20220218,20220218,133749500,13:37:49,4685,6559,7985,308774940,1,1,46850
b2205,20220218,20220218,133750000,13:37:50,4685,6559,7985,308774940,0,0,0
b2205,20220218,20220218,133750500,13:37:51,4685,6559,7985,308774940,0,0,0
b2205,20220218,20220218,133751000,13:37:51,4685,6559,7985,308774940,0,0,0
b2205,20220218,20220218,133751500,13:37:53,4685,6559,7985,308774940,0,0,0
b2205,20220218,20220218,133753500,13:37:54,4685,6559,7985,308774940,0,0,0
b2205,20220218,20220218,133755000,13:37:55,4685,6559,7985,308774940,0,0,0
b2205,20220218,20220218,133757000,13:37:57,4685,6559,7985,308774940,0,0,0
b2205,20220218,20220218,133758500,13:37:59,4685,6559,7985,308774940,0,0,0
b2205,20220218,20220218,133759000,13:37:59,4685,6559,7985,308774940,0,0,0
b2205,20220218,20220218,133759500,13:38:00,4685,6561,7986,308868640,2,1,93700
b2205,20220218,20220218,133800000,13:38:02,4685,6561,7986,308868640,0,0,0
b2205,20220218,20220218,133800500,13:38:02,4686,6562,7987,308915500,1,1,46860
b2205,20220218,20220218,133804500,13:38:06,4686,6562,7987,308915500,0,0,0
b2205,20220218,20220218,133805500,13:38:07,4686,6562,7987,308915500,0,0,0
b2205,20220218,20220218,133806000,13:38:08,4686,6562,7987,308915500,0,0,0
b2205,20220218,20220218,133808000,13:38:09,4686,6563,7987,308962360,1,0,46860
b2205,20220218,20220218,133814500,13:38:17,4687,6564,7987,309009230,1,0,46870
b2205,20220218,20220218,133815000,13:38:17,4687,6564,7987,309009230,0,0,0
b2205,20220218,20220218,133815500,13:38:17,4687,6568,7985,309196710,4,-2,187480
b2205,20220218,20220218,133817000,13:38:18,4687,6568,7985,309196710,0,0,0
b2205,20220218,20220218,133817500,13:38:18,4687,6568,7985,309196710,0,0,0
b2205,20220218,20220218,133818000,13:38:18,4688,6583,7986,309899890,15,1,703180
b2205,20220218,20220218,133818500,13:38:19,4688,6583,7986,309899890,0,0,0
b2205,20220218,20220218,133819000,13:38:19,4688,6583,7986,309899890,0,0,0
b2205,20220218,20220218,133819500,13:38:19,4688,6583,7986,309899890,0,0,0
b2205,20220218,20220218,133820000,13:38:20,4688,6583,7986,309899890,0,0,0
b2205,20220218,20220218,133820500,13:38:22,4688,6583,7986,309899890,0,0,0
b2205,20220218,20220218,133821000,13:38:22,4688,6583,7986,309899890,0,0,0
b2205,20220218,20220218,133821500,13:38:23,4688,6583,7986,309899890,0,0,0
b2205,20220218,20220218,133822000,13:38:23,4688,6583,7986,309899890,0,0,0
b2205,20220218,20220218,133825000,13:38:41,4688,6583,7986,309899890,0,0,0
b2205,20220218,20220218,133825500,13:38:41,4688,6585,7988,309993650,2,2,93760
b2205,20220218,20220218,133838000,13:38:42,4687,6596,7994,310509290,11,6,515640
b2205,20220218,20220218,133846000,13:38:46,4687,6596,7994,310509290,0,0,0
b2205,20220218,20220218,133847000,13:38:47,4687,6596,7994,310509290,0,0,0
b2205,20220218,20220218,133847500,13:38:47,4687,6596,7994,310509290,0,0,0
b2205,20220218,20220218,133859500,13:38:59,4687,6596,7994,310509290,0,0,0
b2205,20220218,20220218,133901000,13:39:01,4687,6596,7994,310509290,0,0,0
b2205,20220218,20220218,133901500,13:39:01,4687,6596,7994,310509290,0,0,0
b2205,20220218,20220218,133902000,13:39:02,4687,6596,7994,310509290,0,0,0
b2205,20220218,20220218,133906000,13:39:06,4687,6596,7994,310509290,0,0,0
b2205,20220218,20220218,133913500,13:39:13,4687,6596,7994,310509290,0,0,0
b2205,20220218,20220218,133914000,13:39:15,4687,6596,7994,310509290,0,0,0
b2205,20220218,20220218,133914500,13:39:16,4691,6670,7984,313979980,74,-10,3470690
b2205,20220218,20220218,133915000,13:39:18,4691,6670,7984,313979980,0,0,0
b2205,20220218,20220218,133915500,13:39:19,4691,6670,7984,313979980,0,0,0
b2205,20220218,20220218,133918000,13:39:19,4691,6670,7984,313979980,0,0,0
b2205,20220218,20220218,133919000,13:39:19,4691,6670,7984,313979980,0,0,0
b2205,20220218,20220218,133919500,13:39:19,4689,6671,7983,314026870,1,-1,46890
b2205,20220218,20220218,133920500,13:39:20,4689,6671,7983,314026870,0,0,0
b2205,20220218,20220218,133922500,13:39:23,4689,6671,7983,314026870,0,0,0
b2205,20220218,20220218,133923500,13:39:23,4689,6671,7983,314026870,0,0,0
b2205,20220218,20220218,133932000,13:39:32,4689,6671,7983,314026870,0,0,0
b2205,20220218,20220218,133933500,13:39:33,4689,6671,7983,314026870,0,0,0
b2205,20220218,20220218,133934500,13:39:34,4689,6671,7983,314026870,0,0,0
b2205,20220218,20220218,133935500,13:39:35,4689,6671,7983,314026870,0,0,0
b2205,20220218,20220218,133945000,13:39:45,4689,6671,7983,314026870,0,0,0
b2205,20220218,20220218,133945500,13:39:46,4690,6672,7984,314073770,1,1,46900
b2205,20220218,20220218,133946000,13:39:47,4690,6672,7984,314073770,0,0,0
b2205,20220218,20220218,133949000,13:39:49,4690,6672,7984,314073770,0,0,0
b2205,20220218,20220218,133950000,13:39:50,4690,6672,7984,314073770,0,0,0
b2205,20220218,20220218,133951500,13:39:51,4690,6672,7984,314073770,0,0,0
b2205,20220218,20220218,133952000,13:39:52,4690,6672,7984,314073770,0,0,0
b2205,20220218,20220218,133952500,13:39:53,4690,6672,7984,314073770,0,0,0
b2205,20220218,20220218,133955500,13:39:56,4690,6672,7984,314073770,0,0,0
b2205,20220218,20220218,133956000,13:39:56,4690,6672,7984,314073770,0,0,0
b2205,20220218,20220218,133956500,13:39:57,4690,6672,7984,314073770,0,0,0
b2205,20220218,20220218,133957000,13:39:57,4690,6672,7984,314073770,0,0,0
b2205,20220218,20220218,133957500,13:40:13,4690,6672,7984,314073770,0,0,0
b2205,20220218,20220218,134012500,13:40:13,4690,6672,7984,314073770,0,0,0
b2205,20220218,20220218,134014500,13:40:15,4690,6672,7984,314073770,0,0,0
b2205,20220218,20220218,134015000,13:40:16,4690,6672,7984,314073770,0,0,0
b2205,20220218,20220218,134015500,13:40:16,4690,6672,7984,314073770,0,0,0
b2205,20220218,20220218,134016000,13:40:16,4690,6672,7984,314073770,0,0,0
b2205,20220218,20220218,134016500,13:40:16,4690,6672,7984,314073770,0,0,0
b2205,20220218,20220218,134017000,13:40:17,4690,6672,7984,314073770,0,0,0
b2205,20220218,20220218,134017500,13:40:18,4690,6672,7984,314073770,0,0,0
b2205,20220218,20220218,134018000,13:40:19,4690,6672,7984,314073770,0,0,0
b2205,20220218,20220218,134018500,13:40:19,4690,6672,7984,314073770,0,0,0
b2205,20220218,20220218,134019500,13:40:20,4690,6672,7984,314073770,0,0,0
b2205,20220218,20220218,134021500,13:40:22,4688,6674,7984,314167530,2,0,93760
b2205,20220218,20220218,134022000,13:40:22,4688,6674,7984,314167530,0,0,0
b2205,20220218,20220218,134022500,13:40:23,4688,6674,7984,314167530,0,0,0
b2205,20220218,20220218,134023000,13:40:23,4688,6674,7984,314167530,0,0,0
b2205,20220218,20220218,134023500,13:40:24,4688,6676,7983,314261290,2,-1,93760
b2205,20220218,20220218,134024000,13:40:24,4688,6676,7983,314261290,0,0,0
b2205,20220218,20220218,134024500,13:40:25,4688,6676,7983,314261290,0,0,0
b2205,20220218,20220218,134043000,13:40:43,4688,6677,7983,314308170,1,0,46880
b2205,20220218,20220218,134050500,13:40:50,4688,6678,7982,314355050,1,-1,46880
b2205,20220218,20220218,134051000,13:40:55,4688,6680,7982,314448810,2,0,93760
b2205,20220218,20220218,134052500,13:40:55,4688,6680,7982,314448810,0,0,0
b2205,20220218,20220218,134054500,13:40:55,4688,6680,7982,314448810,0,0,0
b2205,20220218,20220218,134056500,13:40:58,4688,6680,7982,314448810,0,0,0
b2205,20220218,20220218,134057000,13:40:58,4688,6680,7982,314448810,0,0,0
b2205,20220218,20220218,134058500,13:40:59,4688,6680,7982,314448810,0,0,0
b2205,20220218,20220218,134059000,13:40:59,4688,6680,7982,314448810,0,0,0
b2205,20220218,20220218,134101500,13:41:01,4688,6681,7981,314495690,1,-1,46880
b2205,20220218,20220218,134102000,13:41:02,4688,6681,7981,314495690,0,0,0
b2205,20220218,20220218,134102500,13:41:02,4688,6681,7981,314495690,0,0,0
b2205,20220218,20220218,134103500,13:41:05,4688,6681,7981,314495690,0,0,0
b2205,20220218,20220218,134104000,13:41:05,4688,6681,7981,314495690,0,0,0
b2205,20220218,20220218,134104500,13:41:06,4688,6681,7981,314495690,0,0,0
b2205,20220218,20220218,134105000,13:41:06,4688,6681,7981,314495690,0,0,0
b2205,20220218,20220218,134105500,13:41:06,4688,6681,7981,314495690,0,0,0
b2205,20220218,20220218,134106000,13:41:07,4688,6681,7981,314495690,0,0,0
b2205,20220218,20220218,134106500,13:41:07,4688,6681,7981,314495690,0,0,0
b2205,20220218,20220218,134107000,13:41:07,4688,6681,7981,314495690,0,0,0
b2205,20220218,20220218,134107500,13:41:09,4688,6681,7981,314495690,0,0,0
b2205,20220218,20220218,134108500,13:41:10,4688,6681,7981,314495690,0,0,0
b2205,20220218,20220218,134109000,13:41:10,4688,6681,7981,314495690,0,0,0
b2205,20220218,20220218,134109500,13:41:10,4688,6681,7981,314495690,0,0,0
b2205,20220218,20220218,134110000,13:41:10,4688,6681,7981,314495690,0,0,0
b2205,20220218,20220218,134110500,13:41:10,4688,6681,7981,314495690,0,0,0
b2205,20220218,20220218,134116000,13:41:16,4688,6681,7981,314495690,0,0,0
b2205,20220218,20220218,134116500,13:41:17,4688,6681,7981,314495690,0,0,0
b2205,20220218,20220218,134117000,13:41:17,4688,6681,7981,314495690,0,0,0
b2205,20220218,20220218,134117500,13:41:18,4688,6681,7981,314495690,0,0,0
b2205,20220218,20220218,134119500,13:41:20,4688,6681,7981,314495690,0,0,0
b2205,20220218,20220218,134120000,13:41:20,4688,6681,7981,314495690,0,0,0
b2205,20220218,20220218,134120500,13:41:23,4688,6681,7981,314495690,0,0,0
b2205,20220218,20220218,134121000,13:41:23,4688,6681,7981,314495690,0,0,0
b2205,20220218,20220218,134121500,13:41:23,4688,6681,7981,314495690,0,0,0
b2205,20220218,20220218,134122000,13:41:24,4688,6681,7981,314495690,0,0,0
b2205,20220218,20220218,134123000,13:41:24,4688,6681,7981,314495690,0,0,0
b2205,20220218,20220218,134123500,13:41:24,4688,6681,7981,314495690,0,0,0
b2205,20220218,20220218,134130500,13:41:31,4688,6681,7981,314495690,0,0,0
b2205,20220218,20220218,134131000,13:41:31,4688,6681,7981,314495690,0,0,0
b2205,20220218,20220218,134138000,13:41:42,4688,6681,7981,314495690,0,0,0
b2205,20220218,20220218,134142000,13:41:42,4688,6681,7981,314495690,0,0,0
b2205,20220218,20220218,134142500,13:41:42,4688,6681,7981,314495690,0,0,0
b2205,20220218,20220218,134143000,13:41:43,4688,6681,7981,314495690,0,0,0
b2205,20220218,20220218,134143500,13:41:44,4688,6681,7981,314495690,0,0,0
b2205,20220218,20220218,134144000,13:41:44,4688,6681,7981,314495690,0,0,0
b2205,20220218,20220218,134146000,13:41:46,4688,6681,7981,314495690,0,0,0
b2205,20220218,20220218,134146500,13:41:47,4688,6681,7981,314495690,0,0,0
b2205,20220218,20220218,134147000,13:41:47,4688,6681,7981,314495690,0,0,0
b2205,20220218,20220218,134148000,13:41:48,4688,6681,7981,314495690,0,0,0
b2205,20220218,20220218,134148500,13:41:49,4688,6681,7981,314495690,0,0,0
b2205,20220218,20220218,134149000,13:41:49,4688,6681,7981,314495690,0,0,0
b2205,20220218,20220218,134149500,13:41:50,4688,6681,7981,314495690,0,0,0
b2205,20220218,20220218,134150000,13:41:50,4688,6681,7981,314495690,0,0,0
b2205,20220218,20220218,134150500,13:41:51,4688,6681,7981,314495690,0,0,0
b2205,20220218,20220218,134151000,13:41:51,4688,6681,7981,314495690,0,0,0
b2205,20220218,20220218,134151500,13:41:52,4688,6681,7981,314495690,0,0,0
b2205,20220218,20220218,134152000,13:41:52,4688,6681,7981,314495690,0,0,0
b2205,20220218,20220218,134152500,13:41:53,4688,6681,7981,314495690,0,0,0
b2205,20220218,20220218,134153000,13:41:53,4688,6681,7981,314495690,0,0,0
b2205,20220218,20220218,134154500,13:42:02,4688,6681,7981,314495690,0,0,0
b2205,20220218,20220218,134155000,13:42:06,4688,6681,7981,314495690,0,0,0
b2205,20220218,20220218,134201500,13:42:10,4688,6681,7981,314495690,0,0,0
b2205,20220218,20220218,134202500,13:42:11,4688,6681,7981,314495690,0,0,0
b2205,20220218,20220218,134208000,13:42:12,4688,6681,7981,314495690,0,0,0
b2205,20220218,20220218,134210500,13:42:12,4688,6681,7981,314495690,0,0,0
b2205,20220218,20220218,134212000,13:42:13,4688,6681,7981,314495690,0,0,0
b2205,20220218,20220218,134212500,13:42:13,4688,6681,7981,314495690,0,0,0
b2205,20220218,20220218,134213000,13:42:13,4688,6681,7981,314495690,0,0,0
b2205,20220218,20220218,134214000,13:42:14,4688,6681,7981,314495690,0,0,0
b2205,20220218,20220218,134214500,13:42:15,4688,6681,7981,314495690,0,0,0
b2205,20220218,20220218,134215000,13:42:15,4688,6681,7981,314495690,0,0,0
b2205,20220218,20220218,134215500,13:42:16,4688,6681,7981,314495690,0,0,0
b2205,20220218,20220218,134216000,13:42:16,4688,6681,7981,314495690,0,0,0
b2205,20220218,20220218,134216500,13:42:17,4688,6681,7981,314495690,0,0,0
b2205,20220218,20220218,134218000,13:42:20,4688,6681,7981,314495690,0,0,0
b2205,20220218,20220218,134218500,13:42:20,4688,6681,7981,314495690,0,0,0
b2205,20220218,20220218,134219000,13:42:20,4688,6681,7981,314495690,0,0,0
b2205,20220218,20220218,134220000,13:42:20,4688,6681,7981,314495690,0,0,0
b2205,20220218,20220218,134221000,13:42:21,4688,6681,7981,314495690,0,0,0
b2205,20220218,20220218,134222000,13:42:22,4691,6685,7984,314683330,4,3,187640
b2205,20220218,20220218,134222500,13:42:22,4690,6686,7984,314730230,1,0,46900
b2205,20220218,20220218,134223000,13:42:23,4690,6686,7984,314730230,0,0,0
b2205,20220218,20220218,134223500,13:42:24,4690,6686,7984,314730230,0,0,0
b2205,20220218,20220218,134224000,13:42:25,4690,6686,7984,314730230,0,0,0
b2205,20220218,20220218,134226000,13:42:26,4690,6686,7984,314730230,0,0,0
b2205,20220218,20220218,134226500,13:42:27,4690,6686,7984,314730230,0,0,0
b2205,20220218,20220218,134227000,13:42:28,4690,6686,7984,314730230,0,0,0
b2205,20220218,20220218,134227500,13:42:29,4690,6686,7984,314730230,0,0,0
b2205,20220218,20220218,134228000,13:42:29,4690,6686,7984,314730230,0,0,0
b2205,20220218,20220218,134228500,13:42:29,4690,6686,7984,314730230,0,0,0
b2205,20220218,20220218,134229000,13:42:29,4690,6686,7984,314730230,0,0,0
b2205,20220218,20220218,134235500,13:42:35,4690,6686,7984,314730230,0,0,0
b2205,20220218,20220218,134256000,13:42:56,4690,6686,7984,314730230,0,0,0
b2205,20220218,20220218,134256500,13:42:57,4690,6686,7984,314730230,0,0,0
b2205,20220218,20220218,134257000,13:42:59,4691,6687,7985,314777140,1,1,46910
b2205,20220218,20220218,134258000,13:42:59,4691,6687,7985,314777140,0,0,0
b2205,20220218,20220218,134259000,13:42:59,4691,6687,7985,314777140,0,0,0
b2205,20220218,20220218,134259500,13:43:01,4691,6687,7985,314777140,0,0,0
b2205,20220218,20220218,134300000,13:43:01,4691,6687,7985,314777140,0,0,0
b2205,20220218,20220218,134300500,13:43:02,4691,6687,7985,314777140,0,0,0
b2205,20220218,20220218,134303000,13:43:05,4691,6687,7985,314777140,0,0,0
b2205,20220218,20220218,134303500,13:43:11,4691,6687,7985,314777140,0,0,0
b2205,20220218,20220218,134304000,13:43:11,4691,6687,7985,314777140,0,0,0
b2205,20220218,20220218,134304500,13:43:11,4691,6687,7985,314777140,0,0,0
b2205,20220218,20220218,134309500,13:43:12,4691,6687,7985,314777140,0,0,0
b2205,20220218,20220218,134311500,13:43:14,4691,6687,7985,314777140,0,0,0
b2205,20220218,20220218,134317500,13:43:17,4687,6690,7986,314917810,3,1,140670
b2205,20220218,20220218,134318000,13:43:18,4687,6690,7986,314917810,0,0,0
b2205,20220218,20220218,134318500,13:43:18,4687,6690,7986,314917810,0,0,0
b2205,20220218,20220218,134319000,13:43:19,4689,6691,7987,314964700,1,1,46890
b2205,20220218,20220218,134319500,13:43:20,4689,6691,7987,314964700,0,0,0
b2205,20220218,20220218,134320500,13:43:21,4689,6691,7987,314964700,0,0,0
b2205,20220218,20220218,134321000,13:43:21,4689,6691,7987,314964700,0,0,0
b2205,20220218,20220218,134321500,13:43:21,4689,6691,7987,314964700,0,0,0
b2205,20220218,20220218,134322000,13:43:22,4689,6691,7987,314964700,0,0,0
b2205,20220218,20220218,134322500,13:43:23,4689,6691,7987,314964700,0,0,0
b2205,20220218,20220218,134323000,13:43:23,4689,6691,7987,314964700,0,0,0
b2205,20220218,20220218,134323500,13:43:24,4689,6691,7987,314964700,0,0,0
b2205,20220218,20220218,134324000,13:43:24,4689,6691,7987,314964700,0,0,0
b2205,20220218,20220218,134324500,13:43:24,4689,6691,7987,314964700,0,0,0
b2205,20220218,20220218,134325000,13:43:25,4689,6691,7987,314964700,0,0,0
b2205,20220218,20220218,134326500,13:43:27,4689,6691,7987,314964700,0,0,0
b2205,20220218,20220218,134327000,13:43:27,4689,6691,7987,314964700,0,0,0
b2205,20220218,20220218,134327500,13:43:27,4689,6691,7987,314964700,0,0,0
b2205,20220218,20220218,134328000,13:43:29,4689,6691,7987,314964700,0,0,0
b2205,20220218,20220218,134328500,13:43:29,4689,6691,7987,314964700,0,0,0
b2205,20220218,20220218,134330500,13:43:30,4689,6691,7987,314964700,0,0,0
b2205,20220218,20220218,134332500,13:43:32,4689,6691,7987,314964700,0,0,0
b2205,20220218,20220218,134334500,13:43:34,4689,6691,7987,314964700,0,0,0
b2205,20220218,20220218,134336500,13:43:37,4689,6691,7987,314964700,0,0,0
b2205,20220218,20220218,134337500,13:43:38,4689,6691,7987,314964700,0,0,0
b2205,20220218,20220218,134338000,13:43:38,4689,6691,7987,314964700,0,0,0
b2205,20220218,20220218,134338500,13:43:38,4689,6691,7987,314964700,0,0,0
b2205,20220218,20220218,134351500,13:44:04,4689,6691,7987,314964700,0,0,0
b2205,20220218,20220218,134357000,13:44:04,4689,6691,7987,314964700,0,0,0
b2205,20220218,20220218,134403500,13:44:04,4689,6691,7987,314964700,0,0,0
b2205,20220218,20220218,134404500,13:44:05,4689,6691,7987,314964700,0,0,0
b2205,20220218,20220218,134405000,13:44:05,4689,6691,7987,314964700,0,0,0
b2205,20220218,20220218,134405500,13:44:06,4689,6691,7987,314964700,0,0,0
b2205,20220218,20220218,134406000,13:44:06,4689,6691,7987,314964700,0,0,0
b2205,20220218,20220218,134406500,13:44:06,4689,6691,7987,314964700,0,0,0
b2205,20220218,20220218,134407000,13:44:07,4689,6691,7987,314964700,0,0,0
b2205,20220218,20220218,134407500,13:44:08,4689,6691,7987,314964700,0,0,0
b2205,20220218,20220218,134408000,13:44:08,4689,6691,7987,314964700,0,0,0
b2205,20220218,20220218,134409000,13:44:17,4689,6691,7987,314964700,0,0,0
b2205,20220218,20220218,134409500,13:44:17,4689,6691,7987,314964700,0,0,0
b2205,20220218,20220218,134417000,13:44:17,4689,6691,7987,314964700,0,0,0
b2205,20220218,20220218,134418000,13:44:18,4689,6691,7987,314964700,0,0,0
b2205,20220218,20220218,134418500,13:44:19,4689,6691,7987,314964700,0,0,0
b2205,20220218,20220218,134419000,13:44:23,4689,6691,7987,314964700,0,0,0
b2205,20220218,20220218,134419500,13:44:23,4689,6691,7987,314964700,0,0,0
b2205,20220218,20220218,134420000,13:44:23,4689,6691,7987,314964700,0,0,0
b2205,20220218,20220218,134423000,13:44:23,4689,6691,7987,314964700,0,0,0
b2205,20220218,20220218,134423500,13:44:24,4689,6691,7987,314964700,0,0,0
b2205,20220218,20220218,134424000,13:44:24,4689,6691,7987,314964700,0,0,0
b2205,20220218,20220218,134424500,13:44:24,4689,6691,7987,314964700,0,0,0
b2205,20220218,20220218,134425000,13:44:25,4689,6691,7987,314964700,0,0,0
b2205,20220218,20220218,134425500,13:44:25,4689,6691,7987,314964700,0,0,0
b2205,20220218,20220218,134426000,13:44:26,4689,6691,7987,314964700,0,0,0
b2205,20220218,20220218,134426500,13:44:26,4689,6691,7987,314964700,0,0,0
b2205,20220218,20220218,134430000,13:44:37,4689,6691,7987,314964700,0,0,0
b2205,20220218,20220218,134431000,13:44:37,4689,6691,7987,314964700,0,0,0
b2205,20220218,20220218,134436500,13:44:37,4689,6691,7987,314964700,0,0,0
b2205,20220218,20220218,134439000,13:44:39,4689,6691,7987,314964700,0,0,0
b2205,20220218,20220218,134445000,13:44:45,4689,6697,7990,315246020,6,3,281320
b2205,20220218,20220218,134445500,13:44:45,4689,6697,7990,315246020,0,0,0
b2205,20220218,20220218,134446000,13:44:46,4689,6697,7990,315246020,0,0,0
b2205,20220218,20220218,134446500,13:44:46,4689,6697,7990,315246020,0,0,0
b2205,20220218,20220218,134447000,13:44:47,4689,6697,7990,315246020,0,0,0
b2205,20220218,20220218,134451000,13:44:51,4689,6697,7990,315246020,0,0,0
b2205,20220218,20220218,134451500,13:44:52,4689,6697,7990,315246020,0,0,0
b2205,20220218,20220218,134452000,13:44:53,4689,6697,7990,315246020,0,0,0
b2205,20220218,20220218,134454500,13:44:55,4689,6697,7990,315246020,0,0,0
b2205,20220218,20220218,134455000,13:44:55,4689,6697,7990,315246020,0,0,0
b2205,20220218,20220218,134456500,13:44:56,4689,6697,7990,315246020,0,0,0
b2205,20220218,20220218,134457000,13:44:57,4689,6697,7990,315246020,0,0,0
b2205,20220218,20220218,134459500,13:44:59,4691,6702,7994,315480570,5,4,234550
b2205,20220218,20220218,134500500,13:45:01,4691,6704,7996,315574390,2,2,93820
b2205,20220218,20220218,134501000,13:45:01,4691,6704,7996,315574390,0,0,0
b2205,20220218,20220218,134501500,13:45:02,4691,6704,7996,315574390,0,0,0
b2205,20220218,20220218,134503000,13:45:03,4691,6704,7996,315574390,0,0,0
b2205,20220218,20220218,134504000,13:45:08,4691,6704,7996,315574390,0,0,0
b2205,20220218,20220218,134508000,13:45:09,4691,6704,7996,315574390,0,0,0
b2205,20220218,20220218,134511000,13:45:11,4691,6704,7996,315574390,0,0,0
b2205,20220218,20220218,134512000,13:45:12,4691,6704,7996,315574390,0,0,0
b2205,20220218,20220218,134514000,13:45:15,4692,6709,8001,315808960,5,5,234570
b2205,20220218,20220218,134514500,13:45:16,4692,6709,8001,315808960,0,0,0
b2205,20220218,20220218,134515000,13:45:16,4692,6709,8001,315808960,0,0,0
b2205,20220218,20220218,134515500,13:45:17,4692,6709,8001,315808960,0,0,0
b2205,20220218,20220218,134516000,13:45:17,4692,6709,8001,315808960,0,0,0
b2205,20220218,20220218,134516500,13:45:17,4692,6709,8001,315808960,0,0,0
b2205,20220218,20220218,134517000,13:45:19,4692,6709,8001,315808960,0,0,0
b2205,20220218,20220218,134520500,13:45:23,4690,6713,7999,315996560,4,-2,187600
b2205,20220218,20220218,134521000,13:45:23,4689,6718,7999,316231010,5,0,234450
b2205,20220218,20220218,134521500,13:45:23,4691,6720,8000,316324830,2,1,93820
b2205,20220218,20220218,134522000,13:45:24,4691,6720,8000,316324830,0,0,0
b2205,20220218,20220218,134523500,13:45:24,4691,6720,8000,316324830,0,0,0
b2205,20220218,20220218,134524000,13:45:24,4691,6720,8000,316324830,0,0,0
b2205,20220218,20220218,134524500,13:45:25,4691,6720,8000,316324830,0,0,0
b2205,20220218,20220218,134525000,13:45:26,4691,6720,8000,316324830,0,0,0
b2205,20220218,20220218,134525500,13:45:27,4691,6720,8000,316324830,0,0,0
b2205,20220218,20220218,134526000,13:45:27,4691,6720,8000,316324830,0,0,0
b2205,20220218,20220218,134528000,13:45:30,4691,6720,8000,316324830,0,0,0
b2205,20220218,20220218,134530000,13:45:30,4691,6720,8000,316324830,0,0,0
b2205,20220218,20220218,134530500,13:45:31,4691,6720,8000,316324830,0,0,0
b2205,20220218,20220218,134531000,13:45:31,4691,6721,8001,316371740,1,1,46910
b2205,20220218,20220218,134533000,13:45:33,4691,6721,8001,316371740,0,0,0
b2205,20220218,20220218,134533500,13:45:34,4691,6721,8001,316371740,0,0,0
b2205,20220218,20220218,134534000,13:45:35,4691,6722,8002,316418650,1,1,46910
b2205,20220218,20220218,134534500,13:45:35,4691,6723,8002,316465560,1,0,46910
b2205,20220218,20220218,134535000,13:45:35,4691,6723,8002,316465560,0,0,0
b2205,20220218,20220218,134535500,13:45:35,4691,6723,8002,316465560,0,0,0
b2205,20220218,20220218,134536000,13:45:36,4691,6723,8002,316465560,0,0,0
b2205,20220218,20220218,134536500,13:45:37,4691,6723,8002,316465560,0,0,0
b2205,20220218,20220218,134537000,13:45:37,4691,6723,8002,316465560,0,0,0
b2205,20220218,20220218,134542000,13:45:45,4691,6723,8002,316465560,0,0,0
b2205,20220218,20220218,134542500,13:45:45,4691,6723,8002,316465560,0,0,0
b2205,20220218,20220218,134543000,13:45:46,4691,6723,8002,316465560,0,0,0
b2205,20220218,20220218,134545500,13:45:46,4691,6723,8002,316465560,0,0,0
b2205,20220218,20220218,134546000,13:45:47,4691,6723,8002,316465560,0,0,0
b2205,20220218,20220218,134546500,13:45:47,4691,6723,8002,316465560,0,0,0
b2205,20220218,20220218,134547000,13:45:47,4689,6725,8002,316559340,2,0,93780
b2205,20220218,20220218,134547500,13:45:47,4689,6725,8002,316559340,0,0,0
b2205,20220218,20220218,134549000,13:45:53,4689,6725,8002,316559340,0,0,0
b2205,20220218,20220218,134549500,13:45:53,4689,6725,8002,316559340,0,0,0
b2205,20220218,20220218,134550000,13:45:53,4689,6725,8002,316559340,0,0,0
b2205,20220218,20220218,134550500,13:45:54,4689,6725,8002,316559340,0,0,0
b2205,20220218,20220218,134551000,13:45:54,4689,6725,8002,316559340,0,0,0
b2205,20220218,20220218,134553500,13:45:54,4689,6725,8002,316559340,0,0,0
b2205,20220218,20220218,134554000,13:45:54,4689,6725,8002,316559340,0,0,0
b2205,20220218,20220218,134554500,13:45:55,4689,6725,8002,316559340,0,0,0
b2205,20220218,20220218,134555000,13:45:55,4689,6725,8002,316559340,0,0,0
b2205,20220218,20220218,134555500,13:45:56,4689,6725,8002,316559340,0,0,0
b2205,20220218,20220218,134556000,13:45:58,4689,6725,8002,316559340,0,0,0
b2205,20220218,20220218,134556500,13:46:00,4689,6725,8002,316559340,0,0,0
b2205,20220218,20220218,134557000,13:46:01,4689,6725,8002,316559340,0,0,0
b2205,20220218,20220218,134600000,13:46:01,4689,6725,8002,316559340,0,0,0
b2205,20220218,20220218,134600500,13:46:01,4689,6725,8002,316559340,0,0,0
b2205,20220218,20220218,134603000,13:46:04,4689,6725,8002,316559340,0,0,0
b2205,20220218,20220218,134603500,13:46:04,4689,6725,8002,316559340,0,0,0
b2205,20220218,20220218,134604000,13:46:05,4689,6725,8002,316559340,0,0,0
b2205,20220218,20220218,134605000,13:46:05,4689,6725,8002,316559340,0,0,0
b2205,20220218,20220218,134605500,13:46:05,4689,6725,8002,316559340,0,0,0
b2205,20220218,20220218,134606000,13:46:06,4689,6725,8002,316559340,0,0,0
b2205,20220218,20220218,134606500,13:46:07,4689,6725,8002,316559340,0,0,0
b2205,20220218,20220218,134607000,13:46:07,4689,6725,8002,316559340,0,0,0
b2205,20220218,20220218,134607500,13:46:08,4689,6725,8002,316559340,0,0,0
b2205,20220218,20220218,134608000,13:46:08,4689,6725,8002,316559340,0,0,0
b2205,20220218,20220218,134609000,13:46:09,4689,6725,8002,316559340,0,0,0
b2205,20220218,20220218,134609500,13:46:10,4689,6725,8002,316559340,0,0,0
b2205,20220218,20220218,134610000,13:46:11,4689,6725,8002,316559340,0,0,0
b2205,20220218,20220218,134610500,13:46:11,4689,6725,8002,316559340,0,0,0
b2205,20220218,20220218,134612500,13:46:13,4689,6725,8002,316559340,0,0,0
b2205,20220218,20220218,134613000,13:46:13,4689,6725,8002,316559340,0,0,0
b2205,20220218,20220218,134614000,13:46:14,4689,6725,8002,316559340,0,0,0
b2205,20220218,20220218,134614500,13:46:15,4689,6725,8002,316559340,0,0,0
b2205,20220218,20220218,134615000,13:46:15,4689,6725,8002,316559340,0,0,0
b2205,20220218,20220218,134615500,13:46:17,4689,6725,8002,316559340,0,0,0
b2205,20220218,20220218,134616000,13:46:17,4689,6725,8002,316559340,0,0,0
b2205,20220218,20220218,134616500,13:46:18,4689,6725,8002,316559340,0,0,0
b2205,20220218,20220218,134618500,13:46:19,4689,6725,8002,316559340,0,0,0
b2205,20220218,20220218,134619500,13:46:19,4689,6725,8002,316559340,0,0,0
b2205,20220218,20220218,134620000,13:46:20,4689,6725,8002,316559340,0,0,0
b2205,20220218,20220218,134621000,13:46:21,4689,6725,8002,316559340,0,0,0
b2205,20220218,20220218,134621500,13:46:21,4689,6725,8002,316559340,0,0,0
b2205,20220218,20220218,134623000,13:46:30,4689,6725,8002,316559340,0,0,0
b2205,20220218,20220218,134630000,13:46:31,4689,6725,8002,316559340,0,0,0
b2205,20220218,20220218,134630500,13:46:31,4689,6725,8002,316559340,0,0,0
b2205,20220218,20220218,134634000,13:46:34,4689,6725,8002,316559340,0,0,0
b2205,20220218,20220218,134634500,13:46:35,4689,6725,8002,316559340,0,0,0
b2205,20220218,20220218,134640500,13:46:42,4689,6725,8002,316559340,0,0,0
b2205,20220218,20220218,134641000,13:46:42,4689,6725,8002,316559340,0,0,0
b2205,20220218,20220218,134641500,13:46:43,4689,6725,8002,316559340,0,0,0
b2205,20220218,20220218,134643500,13:46:44,4689,6725,8002,316559340,0,0,0
b2205,20220218,20220218,134647500,13:46:47,4689,6725,8002,316559340,0,0,0
b2205,20220218,20220218,134648000,13:46:48,4689,6725,8002,316559340,0,0,0
b2205,20220218,20220218,134648500,13:46:48,4689,6725,8002,316559340,0,0,0
b2205,20220218,20220218,134649000,13:46:49,4689,6725,8002,316559340,0,0,0
b2205,20220218,20220218,134650500,13:46:51,4689,6725,8002,316559340,0,0,0
b2205,20220218,20220218,134651000,13:46:51,4689,6725,8002,316559340,0,0,0
b2205,20220218,20220218,134651500,13:46:51,4689,6725,8002,316559340,0,0,0
b2205,20220218,20220218,134652000,13:46:52,4689,6725,8002,316559340,0,0,0
b2205,20220218,20220218,134652500,13:46:52,4689,6725,8002,316559340,0,0,0
b2205,20220218,20220218,134653000,13:46:54,4689,6725,8002,316559340,0,0,0
b2205,20220218,20220218,134653500,13:46:54,4689,6725,8002,316559340,0,0,0
b2205,20220218,20220218,134657500,13:46:57,4689,6725,8002,316559340,0,0,0
b2205,20220218,20220218,134705500,13:47:06,4689,6725,8002,316559340,0,0,0
b2205,20220218,20220218,134706500,13:47:10,4689,6725,8002,316559340,0,0,0
b2205,20220218,20220218,134707000,13:47:10,4689,6725,8002,316559340,0,0,0
b2205,20220218,20220218,134707500,13:47:11,4689,6725,8002,316559340,0,0,0
b2205,20220218,20220218,134709500,13:47:11,4689,6725,8002,316559340,0,0,0
b2205,20220218,20220218,134710000,13:47:11,4689,6725,8002,316559340,0,0,0
b2205,20220218,20220218,134710500,13:47:12,4689,6725,8002,316559340,0,0,0
b2205,20220218,20220218,134711000,13:47:14,4689,6725,8002,316559340,0,0,0
b2205,20220218,20220218,134711500,13:47:16,4689,6725,8002,316559340,0,0,0
b2205,20220218,20220218,134714500,13:47:17,4689,6725,8002,316559340,0,0,0
b2205,20220218,20220218,134719000,13:47:19,4689,6725,8002,316559340,0,0,0
b2205,20220218,20220218,134719500,13:47:19,4689,6725,8002,316559340,0,0,0
b2205,20220218,20220218,134726500,13:47:27,4687,6731,8000,316840590,6,-2,281250
b2205,20220218,20220218,134727500,13:47:28,4687,6731,8000,316840590,0,0,0
b2205,20220218,20220218,134728000,13:47:28,4687,6731,8000,316840590,0,0,0
b2205,20220218,20220218,134728500,13:47:28,4687,6731,8000,316840590,0,0,0
b2205,20220218,20220218,134731000,13:47:31,4687,6731,8000,316840590,0,0,0
b2205,20220218,20220218,134731500,13:47:31,4687,6731,8000,316840590,0,0,0
b2205,20220218,20220218,134732000,13:47:32,4687,6731,8000,316840590,0,0,0
b2205,20220218,20220218,134733000,13:47:34,4687,6731,8000,316840590,0,0,0
b2205,20220218,20220218,134733500,13:47:34,4687,6731,8000,316840590,0,0,0
b2205,20220218,20220218,134734000,13:47:36,4687,6731,8000,316840590,0,0,0
b2205,20220218,20220218,134736000,13:47:36,4687,6731,8000,316840590,0,0,0
b2205,20220218,20220218,134736500,13:47:36,4687,6731,8000,316840590,0,0,0
b2205,20220218,20220218,134739000,13:47:39,4687,6731,8000,316840590,0,0,0
b2205,20220218,20220218,134739500,13:47:40,4687,6731,8000,316840590,0,0,0
b2205,20220218,20220218,134740000,13:47:40,4687,6731,8000,316840590,0,0,0
b2205,20220218,20220218,134740500,13:47:40,4687,6731,8000,316840590,0,0,0
b2205,20220218,20220218,134741000,13:47:41,4687,6731,8000,316840590,0,0,0
b2205,20220218,20220218,134743000,13:47:43,4687,6731,8000,316840590,0,0,0
b2205,20220218,20220218,134744000,13:47:44,4687,6731,8000,316840590,0,0,0
b2205,20220218,20220218,134744500,13:47:45,4687,6731,8000,316840590,0,0,0
b2205,20220218,20220218,134745000,13:47:45,4687,6731,8000,316840590,0,0,0
b2205,20220218,20220218,134745500,13:47:46,4687,6731,8000,316840590,0,0,0
b2205,20220218,20220218,134746000,13:47:47,4687,6731,8000,316840590,0,0,0
b2205,20220218,20220218,134746500,13:47:47,4687,6731,8000,316840590,0,0,0
b2205,20220218,20220218,134747500,13:47:47,4687,6731,8000,316840590,0,0,0
b2205,20220218,20220218,134749000,13:47:50,4687,6731,8000,316840590,0,0,0
b2205,20220218,20220218,134749500,13:47:50,4687,6731,8000,316840590,0,0,0
b2205,20220218,20220218,134750500,13:47:50,4687,6735,7998,317028070,4,-2,187480
b2205,20220218,20220218,134754000,13:47:54,4687,6738,7996,317168680,3,-2,140610
b2205,20220218,20220218,134755500,13:47:55,4687,6738,7996,317168680,0,0,0
b2205,20220218,20220218,134756000,13:47:56,4687,6738,7996,317168680,0,0,0
b2205,20220218,20220218,134757000,13:47:57,4687,6739,7995,317215550,1,-1,46870
b2205,20220218,20220218,134758500,13:47:58,4687,6740,7995,317262420,1,0,46870
b2205,20220218,20220218,134800000,13:48:00,4687,6740,7995,317262420,0,0,0
b2205,20220218,20220218,134801500,13:48:01,4687,6740,7995,317262420,0,0,0
b2205,20220218,20220218,134808500,13:48:09,4687,6740,7995,317262420,0,0,0
b2205,20220218,20220218,134810000,13:48:10,4687,6740,7995,317262420,0,0,0
b2205,20220218,20220218,134811000,13:48:11,4687,6740,7995,317262420,0,0,0
b2205,20220218,20220218,134812000,13:48:12,4687,6740,7995,317262420,0,0,0
b2205,20220218,20220218,134814500,13:48:14,4687,6740,7995,317262420,0,0,0
b2205,20220218,20220218,134817000,13:48:17,4686,6741,7995,317309280,1,0,46860
b2205,20220218,20220218,134817500,13:48:18,4686,6741,7995,317309280,0,0,0
b2205,20220218,20220218,134818000,13:48:19,4685,6745,7996,317496700,4,1,187420
b2205,20220218,20220218,134819000,13:48:20,4685,6745,7996,317496700,0,0,0
b2205,20220218,20220218,134819500,13:48:20,4685,6745,7996,317496700,0,0,0
b2205,20220218,20220218,134820000,13:48:22,4685,6745,7996,317496700,0,0,0
b2205,20220218,20220218,134820500,13:48:22,4685,6745,7996,317496700,0,0,0
b2205,20220218,20220218,134821000,13:48:22,4685,6745,7996,317496700,0,0,0
b2205,20220218,20220218,134822500,13:48:23,4685,6745,7996,317496700,0,0,0
b2205,20220218,20220218,134823000,13:48:23,4685,6745,7996,317496700,0,0,0
b2205,20220218,20220218,134825500,13:48:27,4685,6745,7996,317496700,0,0,0
b2205,20220218,20220218,134826000,13:48:27,4688,6823,8029,321152910,78,33,3656210
b2205,20220218,20220218,134826500,13:48:27,4688,6825,8027,321246670,2,-2,93760
b2205,20220218,20220218,134827000,13:48:28,4688,6825,8027,321246670,0,0,0
b2205,20220218,20220218,134827500,13:48:28,4688,6825,8027,321246670,0,0,0
b2205,20220218,20220218,134828000,13:48:28,4688,6825,8027,321246670,0,0,0
b2205,20220218,20220218,134828500,13:48:29,4688,6825,8027,321246670,0,0,0
b2205,20220218,20220218,134830000,13:48:30,4688,6825,8027,321246670,0,0,0
b2205,20220218,20220218,134832500,13:48:32,4688,6825,8027,321246670,0,0,0
b2205,20220218,20220218,134833000,13:48:33,4688,6825,8027,321246670,0,0,0
b2205,20220218,20220218,134835500,13:48:36,4688,6826,8027,321293550,1,0,46880
b2205,20220218,20220218,134836500,13:48:37,4688,6826,8027,321293550,0,0,0
b2205,20220218,20220218,134839000,13:48:39,4688,6826,8027,321293550,0,0,0
b2205,20220218,20220218,134839500,13:48:39,4688,6826,8027,321293550,0,0,0
b2205,20220218,20220218,134843500,13:48:43,4688,6826,8027,321293550,0,0,0
b2205,20220218,20220218,134844000,13:48:44,4688,6826,8027,321293550,0,0,0
b2205,20220218,20220218,134844500,13:48:44,4688,6826,8027,321293550,0,0,0
b2205,20220218,20220218,134845000,13:48:45,4688,6826,8027,321293550,0,0,0
b2205,20220218,20220218,134846500,13:48:46,4690,6827,8026,321340450,1,-1,46900
b2205,20220218,20220218,134855000,13:48:56,4690,6828,8025,321387350,1,-1,46900
b2205,20220218,20220218,134855500,13:48:56,4690,6829,8024,321434250,1,-1,46900
b2205,20220218,20220218,134858000,13:48:58,4690,6830,8023,321481150,1,-1,46900
b2205,20220218,20220218,134858500,13:48:59,4690,6830,8023,321481150,0,0,0
b2205,20220218,20220218,134900000,13:49:00,4690,6830,8023,321481150,0,0,0
b2205,20220218,20220218,134900500,13:49:01,4690,6830,8023,321481150,0,0,0
b2205,20220218,20220218,134902500,13:49:03,4690,6830,8023,321481150,0,0,0
b2205,20220218,20220218,134905500,13:49:05,4690,6830,8023,321481150,0,0,0
b2205,20220218,20220218,134908500,13:49:08,4691,6837,8018,321809490,7,-5,328340
b2205,20220218,20220218,134909000,13:49:09,4691,6838,8018,321856400,1,0,46910
b2205,20220218,20220218,134909500,13:49:10,4691,6838,8018,321856400,0,0,0
b2205,20220218,20220218,134910000,13:49:10,4691,6838,8018,321856400,0,0,0
b2205,20220218,20220218,134911500,13:49:12,4691,6838,8018,321856400,0,0,0
b2205,20220218,20220218,134912000,13:49:12,4691,6838,8018,321856400,0,0,0
b2205,20220218,20220218,134914500,13:49:14,4691,6838,8018,321856400,0,0,0
b2205,20220218,20220218,134915000,13:49:15,4691,6838,8018,321856400,0,0,0
b2205,20220218,20220218,134918000,13:49:18,4691,6843,8014,322090950,5,-4,234550
b2205,20220218,20220218,134919000,13:49:19,4691,6843,8014,322090950,0,0,0
b2205,20220218,20220218,134919500,13:49:20,4691,6843,8014,322090950,0,0,0
b2205,20220218,20220218,134920000,13:49:20,4691,6843,8014,322090950,0,0,0
b2205,20220218,20220218,134920500,13:49:20,4691,6843,8014,322090950,0,0,0
b2205,20220218,20220218,134921000,13:49:21,4691,6843,8014,322090950,0,0,0
b2205,20220218,20220218,134921500,13:49:21,4691,6843,8014,322090950,0,0,0
b2205,20220218,20220218,134922000,13:49:22,4691,6843,8014,322090950,0,0,0
b2205,20220218,20220218,134922500,13:49:23,4691,6843,8014,322090950,0,0,0
b2205,20220218,20220218,134923000,13:49:23,4691,6843,8014,322090950,0,0,0
b2205,20220218,20220218,134923500,13:49:24,4691,6843,8014,322090950,0,0,0
b2205,20220218,20220218,134924000,13:49:24,4691,6843,8014,322090950,0,0,0
b2205,20220218,20220218,134924500,13:49:25,4691,6843,8014,322090950,0,0,0
b2205,20220218,20220218,134926000,13:49:26,4691,6843,8014,322090950,0,0,0
b2205,20220218,20220218,134926500,13:49:27,4691,6843,8014,322090950,0,0,0
b2205,20220218,20220218,134927000,13:49:27,4691,6843,8014,322090950,0,0,0
b2205,20220218,20220218,134927500,13:49:28,4691,6843,8014,322090950,0,0,0
b2205,20220218,20220218,134928500,13:49:29,4691,6843,8014,322090950,0,0,0
b2205,20220218,20220218,134929500,13:49:29,4691,6843,8014,322090950,0,0,0
b2205,20220218,20220218,134930000,13:49:30,4691,6843,8014,322090950,0,0,0
b2205,20220218,20220218,134930500,13:49:31,4691,6843,8014,322090950,0,0,0
b2205,20220218,20220218,134934500,13:49:35,4691,6843,8014,322090950,0,0,0
b2205,20220218,20220218,134935500,13:49:36,4691,6843,8014,322090950,0,0,0
b2205,20220218,20220218,134936000,13:49:36,4691,6843,8014,322090950,0,0,0
b2205,20220218,20220218,134938000,13:49:38,4691,6843,8014,322090950,0,0,0
b2205,20220218,20220218,134938500,13:49:38,4691,6843,8014,322090950,0,0,0
b2205,20220218,20220218,134941500,13:49:42,4688,6845,8015,322184710,2,1,93760
b2205,20220218,20220218,134942000,13:49:42,4688,6845,8015,322184710,0,0,0
b2205,20220218,20220218,134942500,13:49:42,4688,6845,8015,322184710,0,0,0
b2205,20220218,20220218,134943000,13:49:43,4688,6845,8015,322184710,0,0,0
b2205,20220218,20220218,134943500,13:49:44,4688,6845,8015,322184710,0,0,0
b2205,20220218,20220218,134944000,13:49:44,4688,6845,8015,322184710,0,0,0
b2205,20220218,20220218,134946000,13:49:46,4688,6845,8015,322184710,0,0,0
b2205,20220218,20220218,134946500,13:49:46,4688,6845,8015,322184710,0,0,0
b2205,20220218,20220218,134948000,13:49:48,4688,6845,8015,322184710,0,0,0
b2205,20220218,20220218,134948500,13:49:48,4688,6845,8015,322184710,0,0,0
b2205,20220218,20220218,134949000,13:49:49,4688,6845,8015,322184710,0,0,0
b2205,20220218,20220218,134949500,13:49:50,4687,6847,8017,322278450,2,2,93740
b2205,20220218,20220218,134950000,13:49:50,4687,6847,8017,322278450,0,0,0
b2205,20220218,20220218,134950500,13:49:50,4687,6847,8017,322278450,0,0,0
b2205,20220218,20220218,134951000,13:49:51,4687,6847,8017,322278450,0,0,0
b2205,20220218,20220218,134952000,13:49:52,4687,6847,8017,322278450,0,0,0
b2205,20220218,20220218,134952500,13:49:54,4687,6847,8017,322278450,0,0,0
b2205,20220218,20220218,134953000,13:49:54,4687,6847,8017,322278450,0,0,0
b2205,20220218,20220218,134953500,13:49:55,4687,6847,8017,322278450,0,0,0
b2205,20220218,20220218,134954000,13:49:55,4687,6847,8017,322278450,0,0,0
b2205,20220218,20220218,134954500,13:49:55,4687,6847,8017,322278450,0,0,0
b2205,20220218,20220218,134955000,13:49:55,4685,6866,8017,323168440,19,0,889990
b2205,20220218,20220218,134955500,13:49:56,4685,6866,8017,323168440,0,0,0
b2205,20220218,20220218,134956000,13:49:56,4685,6866,8017,323168440,0,0,0
b2205,20220218,20220218,134956500,13:49:57,4685,6866,8017,323168440,0,0,0
b2205,20220218,20220218,134958500,13:49:59,4685,6866,8017,323168440,0,0,0
b2205,20220218,20220218,134959500,13:49:59,4685,6866,8017,323168440,0,0,0
b2205,20220218,20220218,135000000,13:50:00,4685,6866,8017,323168440,0,0,0
b2205,20220218,20220218,135000500,13:50:00,4685,6866,8017,323168440,0,0,0
b2205,20220218,20220218,135001000,13:50:01,4685,6866,8017,323168440,0,0,0
b2205,20220218,20220218,135001500,13:50:02,4685,6866,8017,323168440,0,0,0
b2205,20220218,20220218,135002000,13:50:02,4685,6866,8017,323168440,0,0,0
b2205,20220218,20220218,135003000,13:50:03,4685,6866,8017,323168440,0,0,0
b2205,20220218,20220218,135003500,13:50:03,4685,6866,8017,323168440,0,0,0
b2205,20220218,20220218,135004000,13:50:04,4685,6866,8017,323168440,0,0,0
b2205,20220218,20220218,135005000,13:50:05,4685,6866,8017,323168440,0,0,0
b2205,20220218,20220218,135006000,13:50:06,4685,6866,8017,323168440,0,0,0
b2205,20220218,20220218,135006500,13:50:07,4685,6866,8017,323168440,0,0,0
b2205,20220218,20220218,135007500,13:50:09,4685,6866,8017,323168440,0,0,0
b2205,20220218,20220218,135008000,13:50:10,4685,6866,8017,323168440,0,0,0
b2205,20220218,20220218,135025000,13:50:27,4685,6866,8017,323168440,0,0,0
b2205,20220218,20220218,135027000,13:50:35,4685,6866,8017,323168440,0,0,0
b2205,20220218,20220218,135028500,13:50:35,4685,6866,8017,323168440,0,0,0
b2205,20220218,20220218,135033500,13:50:37,4685,6866,8017,323168440,0,0,0
b2205,20220218,20220218,135035500,13:50:37,4685,6866,8017,323168440,0,0,0
b2205,20220218,20220218,135037000,13:50:38,4685,6866,8017,323168440,0,0,0
b2205,20220218,20220218,135039000,13:50:39,4685,6866,8017,323168440,0,0,0
b2205,20220218,20220218,135040500,13:50:41,4685,6866,8017,323168440,0,0,0
b2205,20220218,20220218,135041000,13:50:41,4685,6866,8017,323168440,0,0,0
b2205,20220218,20220218,135041500,13:50:42,4685,6866,8017,323168440,0,0,0
b2205,20220218,20220218,135048000,13:50:48,4685,6866,8017,323168440,0,0,0
b2205,20220218,20220218,135048500,13:50:48,4685,6866,8017,323168440,0,0,0
b2205,20220218,20220218,135049000,13:50:49,4685,6866,8017,323168440,0,0,0
b2205,20220218,20220218,135051000,13:50:51,4685,6866,8017,323168440,0,0,0
b2205,20220218,20220218,135051500,13:50:52,4685,6866,8017,323168440,0,0,0
b2205,20220218,20220218,135053000,13:50:53,4685,6866,8017,323168440,0,0,0
b2205,20220218,20220218,135053500,13:50:54,4685,6866,8017,323168440,0,0,0
b2205,20220218,20220218,135055500,13:50:55,4685,6866,8017,323168440,0,0,0
b2205,20220218,20220218,135056500,13:50:57,4685,6866,8017,323168440,0,0,0
b2205,20220218,20220218,135108000,13:51:21,4685,6866,8017,323168440,0,0,0
b2205,20220218,20220218,135120500,13:51:21,4685,6866,8017,323168440,0,0,0
b2205,20220218,20220218,135121000,13:51:21,4685,6866,8017,323168440,0,0,0
b2205,20220218,20220218,135122000,13:51:22,4685,6866,8017,323168440,0,0,0
b2205,20220218,20220218,135122500,13:51:23,4685,6866,8017,323168440,0,0,0
b2205,20220218,20220218,135123000,13:51:23,4685,6866,8017,323168440,0,0,0
b2205,20220218,20220218,135123500,13:51:23,4685,6866,8017,323168440,0,0,0
b2205,20220218,20220218,135124000,13:51:24,4685,6866,8017,323168440,0,0,0
b2205,20220218,20220218,135130000,13:51:30,4685,6866,8017,323168440,0,0,0
b2205,20220218,20220218,135144500,13:51:44,4685,6866,8017,323168440,0,0,0
b2205,20220218,20220218,135149500,13:51:50,4687,6867,8018,323215310,1,1,46870
b2205,20220218,20220218,135153500,13:51:53,4687,6867,8018,323215310,0,0,0
b2205,20220218,20220218,135154500,13:51:54,4687,6867,8018,323215310,0,0,0
b2205,20220218,20220218,135156500,13:51:57,4687,6867,8018,323215310,0,0,0
b2205,20220218,20220218,135159000,13:51:59,4687,6867,8018,323215310,0,0,0
b2205,20220218,20220218,135200000,13:52:00,4687,6867,8018,323215310,0,0,0
b2205,20220218,20220218,135201500,13:52:02,4687,6867,8018,323215310,0,0,0
b2205,20220218,20220218,135202000,13:52:03,4687,6867,8018,323215310,0,0,0
b2205,20220218,20220218,135202500,13:52:03,4687,6867,8018,323215310,0,0,0
b2205,20220218,20220218,135203000,13:52:04,4687,6867,8018,323215310,0,0,0
b2205,20220218,20220218,135203500,13:52:04,4687,6867,8018,323215310,0,0,0
b2205,20220218,20220218,135206500,13:52:08,4690,6868,8018,323262210,1,0,46900
b2205,20220218,20220218,135207000,13:52:09,4690,6868,8018,323262210,0,0,0
b2205,20220218,20220218,135207500,13:52:10,4690,6868,8018,323262210,0,0,0
b2205,20220218,20220218,135211000,13:52:12,4690,6868,8018,323262210,0,0,0
b2205,20220218,20220218,135215500,13:52:15,4690,6868,8018,323262210,0,0,0
b2205,20220218,20220218,135216000,13:52:16,4690,6868,8018,323262210,0,0,0
b2205,20220218,20220218,135218500,13:52:19,4690,6868,8018,323262210,0,0,0
b2205,20220218,20220218,135219000,13:52:23,4690,6868,8018,323262210,0,0,0
b2205,20220218,20220218,135226500,13:52:27,4690,6868,8018,323262210,0,0,0
b2205,20220218,20220218,135227000,13:52:27,4690,6868,8018,323262210,0,0,0
b2205,20220218,20220218,135235000,13:52:36,4690,6868,8018,323262210,0,0,0
b2205,20220218,20220218,135237000,13:52:44,4690,6868,8018,323262210,0,0,0
b2205,20220218,20220218,135237500,13:52:44,4690,6868,8018,323262210,0,0,0
b2205,20220218,20220218,135238000,13:52:44,4690,6868,8018,323262210,0,0,0
b2205,20220218,20220218,135241500,13:52:45,4690,6868,8018,323262210,0,0,0
b2205,20220218,20220218,135246500,13:52:48,4690,6868,8018,323262210,0,0,0
b2205,20220218,20220218,135247000,13:52:48,4690,6868,8018,323262210,0,0,0
b2205,20220218,20220218,135247500,13:52:48,4690,6868,8018,323262210,0,0,0
b2205,20220218,20220218,135248500,13:52:49,4690,6868,8018,323262210,0,0,0
b2205,20220218,20220218,135251500,13:52:51,4690,6868,8018,323262210,0,0,0
b2205,20220218,20220218,135252000,13:52:52,4690,6868,8018,323262210,0,0,0
b2205,20220218,20220218,135252500,13:52:53,4690,6868,8018,323262210,0,0,0
b2205,20220218,20220218,135253500,13:52:54,4691,6869,8019,323309120,1,1,46910
b2205,20220218,20220218,135255500,13:52:55,4691,6869,8019,323309120,0,0,0
b2205,20220218,20220218,135256500,13:52:57,4691,6869,8019,323309120,0,0,0
b2205,20220218,20220218,135259000,13:52:59,4689,6870,8019,323356010,1,0,46890
b2205,20220218,20220218,135302500,13:53:03,4691,6871,8018,323402920,1,-1,46910
b2205,20220218,20220218,135303000,13:53:04,4691,6871,8018,323402920,0,0,0
b2205,20220218,20220218,135303500,13:53:04,4691,6871,8018,323402920,0,0,0
b2205,20220218,20220218,135306000,13:53:08,4691,6871,8018,323402920,0,0,0
b2205,20220218,20220218,135306500,13:53:09,4691,6871,8018,323402920,0,0,0
b2205,20220218,20220218,135308500,13:53:09,4691,6871,8018,323402920,0,0,0
b2205,20220218,20220218,135309000,13:53:09,4691,6871,8018,323402920,0,0,0
b2205,20220218,20220218,135309500,13:53:09,4691,6871,8018,323402920,0,0,0
b2205,20220218,20220218,135310000,13:53:10,4691,6871,8018,323402920,0,0,0
b2205,20220218,20220218,135310500,13:53:11,4691,6871,8018,323402920,0,0,0
b2205,20220218,20220218,135311000,13:53:11,4691,6871,8018,323402920,0,0,0
b2205,20220218,20220218,135312000,13:53:12,4691,6871,8018,323402920,0,0,0
b2205,20220218,20220218,135312500,13:53:13,4691,6871,8018,323402920,0,0,0
b2205,20220218,20220218,135313000,13:53:13,4691,6871,8018,323402920,0,0,0
b2205,20220218,20220218,135313500,13:53:13,4691,6871,8018,323402920,0,0,0
b2205,20220218,20220218,135314000,13:53:14,4691,6871,8018,323402920,0,0,0
b2205,20220218,20220218,135316500,13:53:20,4691,6871,8018,323402920,0,0,0
b2205,20220218,20220218,135317500,13:53:20,4691,6871,8018,323402920,0,0,0
b2205,20220218,20220218,135318000,13:53:20,4691,6871,8018,323402920,0,0,0
b2205,20220218,20220218,135320000,13:53:20,4691,6871,8018,323402920,0,0,0
b2205,20220218,20220218,135321000,13:53:21,4691,6871,8018,323402920,0,0,0
b2205,20220218,20220218,135322000,13:53:22,4691,6871,8018,323402920,0,0,0
b2205,20220218,20220218,135323500,13:53:23,4691,6871,8018,323402920,0,0,0
b2205,20220218,20220218,135324000,13:53:24,4691,6871,8018,323402920,0,0,0
b2205,20220218,20220218,135324500,13:53:26,4691,6871,8018,323402920,0,0,0
b2205,20220218,20220218,135325000,13:53:26,4691,6871,8018,323402920,0,0,0
b2205,20220218,20220218,135325500,13:53:26,4691,6871,8018,323402920,0,0,0
b2205,20220218,20220218,135329000,13:53:29,4691,6871,8018,323402920,0,0,0
b2205,20220218,20220218,135329500,13:53:29,4691,6871,8018,323402920,0,0,0
b2205,20220218,20220218,135330500,13:53:31,4691,6871,8018,323402920,0,0,0
b2205,20220218,20220218,135333500,13:53:33,4691,6871,8018,323402920,0,0,0
b2205,20220218,20220218,135334000,13:53:34,4691,6871,8018,323402920,0,0,0
b2205,20220218,20220218,135335000,13:53:35,4691,6871,8018,323402920,0,0,0
b2205,20220218,20220218,135336000,13:53:44,4691,6871,8018,323402920,0,0,0
b2205,20220218,20220218,135336500,13:53:44,4691,6871,8018,323402920,0,0,0
b2205,20220218,20220218,135344000,13:53:45,4691,6871,8018,323402920,0,0,0
b2205,20220218,20220218,135349000,13:53:49,4691,6871,8018,323402920,0,0,0
b2205,20220218,20220218,135354000,13:53:55,4691,6871,8018,323402920,0,0,0
b2205,20220218,20220218,135354500,13:53:55,4691,6871,8018,323402920,0,0,0
b2205,20220218,20220218,135355000,13:53:55,4691,6871,8018,323402920,0,0,0
b2205,20220218,20220218,135355500,13:53:56,4691,6871,8018,323402920,0,0,0
b2205,20220218,20220218,135356500,13:53:57,4691,6871,8018,323402920,0,0,0
b2205,20220218,20220218,135357000,13:53:57,4691,6871,8018,323402920,0,0,0
b2205,20220218,20220218,135359000,13:54:00,4691,6871,8018,323402920,0,0,0
b2205,20220218,20220218,135359500,13:54:08,4689,6874,8020,323543590,3,2,140670
b2205,20220218,20220218,135400000,13:54:08,4689,6874,8020,323543590,0,0,0
b2205,20220218,20220218,135400500,13:54:08,4689,6875,8020,323590480,1,0,46890
b2205,20220218,20220218,135401000,13:54:09,4689,6875,8020,323590480,0,0,0
b2205,20220218,20220218,135407000,13:54:09,4689,6875,8020,323590480,0,0,0
b2205,20220218,20220218,135411500,13:54:12,4689,6876,8020,323637370,1,0,46890
b2205,20220218,20220218,135412000,13:54:12,4689,6876,8020,323637370,0,0,0
b2205,20220218,20220218,135416500,13:54:16,4689,6876,8020,323637370,0,0,0
b2205,20220218,20220218,135417000,13:54:17,4689,6876,8020,323637370,0,0,0
b2205,20220218,20220218,135417500,13:54:18,4689,6876,8020,323637370,0,0,0
b2205,20220218,20220218,135420500,13:54:21,4689,6876,8020,323637370,0,0,0
b2205,20220218,20220218,135427000,13:54:28,4689,6876,8020,323637370,0,0,0
b2205,20220218,20220218,135427500,13:54:28,4689,6876,8020,323637370,0,0,0
b2205,20220218,20220218,135428000,13:54:30,4689,6876,8020,323637370,0,0,0
b2205,20220218,20220218,135430500,13:54:31,4689,6876,8020,323637370,0,0,0
b2205,20220218,20220218,135431000,13:54:32,4689,6876,8020,323637370,0,0,0
b2205,20220218,20220218,135434500,13:54:34,4689,6876,8020,323637370,0,0,0
b2205,20220218,20220218,135435000,13:54:35,4689,6876,8020,323637370,0,0,0
b2205,20220218,20220218,135438000,13:54:38,4689,6876,8020,323637370,0,0,0
b2205,20220218,20220218,135438500,13:54:39,4689,6876,8020,323637370,0,0,0
b2205,20220218,20220218,135439000,13:54:39,4689,6876,8020,323637370,0,0,0
b2205,20220218,20220218,135439500,13:54:40,4689,6876,8020,323637370,0,0,0
b2205,20220218,20220218,135442500,13:54:43,4689,6876,8020,323637370,0,0,0
b2205,20220218,20220218,135443000,13:54:44,4689,6876,8020,323637370,0,0,0
b2205,20220218,20220218,135443500,13:54:44,4689,6876,8020,323637370,0,0,0
b2205,20220218,20220218,135444000,13:54:44,4689,6876,8020,323637370,0,0,0
b2205,20220218,20220218,135447000,13:54:47,4689,6876,8020,323637370,0,0,0
b2205,20220218,20220218,135451500,13:54:51,4689,6876,8020,323637370,0,0,0
b2205,20220218,20220218,135453000,13:54:53,4689,6876,8020,323637370,0,0,0
b2205,20220218,20220218,135453500,13:54:54,4689,6876,8020,323637370,0,0,0
b2205,20220218,20220218,135454000,13:54:54,4689,6876,8020,323637370,0,0,0
b2205,20220218,20220218,135454500,13:54:55,4689,6876,8020,323637370,0,0,0
b2205,20220218,20220218,135455000,13:54:55,4689,6876,8020,323637370,0,0,0
b2205,20220218,20220218,135502500,13:55:03,4689,6876,8020,323637370,0,0,0
b2205,20220218,20220218,135503000,13:55:03,4689,6876,8020,323637370,0,0,0
b2205,20220218,20220218,135503500,13:55:04,4689,6877,8021,323684260,1,1,46890
b2205,20220218,20220218,135504000,13:55:04,4689,6877,8021,323684260,0,0,0
b2205,20220218,20220218,135504500,13:55:05,4689,6877,8021,323684260,0,0,0
b2205,20220218,20220218,135506000,13:55:06,4689,6877,8021,323684260,0,0,0
b2205,20220218,20220218,135506500,13:55:06,4689,6877,8021,323684260,0,0,0
b2205,20220218,20220218,135507000,13:55:11,4689,6877,8021,323684260,0,0,0
b2205,20220218,20220218,135507500,13:55:11,4689,6877,8021,323684260,0,0,0
b2205,20220218,20220218,135513000,13:55:13,4690,6878,8022,323731160,1,1,46900
b2205,20220218,20220218,135513500,13:55:15,4690,6878,8022,323731160,0,0,0
b2205,20220218,20220218,135514500,13:55:15,4690,6878,8022,323731160,0,0,0
b2205,20220218,20220218,135515000,13:55:15,4690,6878,8022,323731160,0,0,0
b2205,20220218,20220218,135515500,13:55:16,4690,6878,8022,323731160,0,0,0
b2205,20220218,20220218,135516500,13:55:16,4690,6878,8022,323731160,0,0,0
b2205,20220218,20220218,135517000,13:55:21,4690,6878,8022,323731160,0,0,0
b2205,20220218,20220218,135518500,13:55:25,4690,6878,8022,323731160,0,0,0
b2205,20220218,20220218,135520500,13:55:25,4690,6878,8022,323731160,0,0,0
b2205,20220218,20220218,135526500,13:55:27,4690,6878,8022,323731160,0,0,0
b2205,20220218,20220218,135527000,13:55:27,4690,6878,8022,323731160,0,0,0
