b2206,20220218,20220218,111946500,11:20:09,4649,5229,3639,245045160,5229,211,245045160
b2206,20220218,20220218,112028000,11:20:28,4649,5229,3639,245045160,0,0,0
b2206,20220218,20220218,112104500,11:21:05,4649,5229,3639,245045160,0,0,0
b2206,20220218,20220218,112113000,11:21:13,4649,5229,3639,245045160,0,0,0
b2206,20220218,20220218,112120000,11:21:20,4649,5229,3639,245045160,0,0,0
b2206,20220218,20220218,112120500,11:21:22,4649,5229,3639,245045160,0,0,0
b2206,20220218,20220218,112121000,11:21:22,4649,5229,3639,245045160,0,0,0
b2206,20220218,20220218,112121500,11:21:22,4649,5229,3639,245045160,0,0,0
b2206,20220218,20220218,112123500,11:21:24,4649,5229,3639,245045160,0,0,0
b2206,20220218,20220218,112332500,11:23:33,4649,5229,3639,245045160,0,0,0
b2206,20220218,20220218,112333500,11:23:33,4649,5229,3639,245045160,0,0,0
b2206,20220218,20220218,112334000,11:23:34,4649,5229,3639,245045160,0,0,0
b2206,20220218,20220218,112334500,11:23:34,4649,5229,3639,245045160,0,0,0
b2206,20220218,20220218,112336000,11:23:36,4649,5229,3639,245045160,0,0,0
b2206,20220218,20220218,112338000,11:23:38,4649,5229,3639,245045160,0,0,0
b2206,20220218,20220218,112338500,11:23:38,4649,5229,3639,245045160,0,0,0
b2206,20220218,20220218,112339000,11:23:39,4649,5229,3639,245045160,0,0,0
b2206,20220218,20220218,112339500,11:23:39,4649,5229,3639,245045160,0,0,0
b2206,20220218,20220218,112340000,11:23:40,4649,5229,3639,245045160,0,0,0
b2206,20220218,20220218,112340500,11:23:40,4649,5229,3639,245045160,0,0,0
b2206,20220218,20220218,112341000,11:23:41,4649,5229,3639,245045160,0,0,0
b2206,20220218,20220218,112342000,11:23:42,4649,5229,3639,245045160,0,0,0
b2206,20220218,20220218,112343000,11:23:43,4649,5229,3639,245045160,0,0,0
b2206,20220218,20220218,112345000,11:23:48,4649,5229,3639,245045160,0,0,0
b2206,20220218,20220218,112346500,11:23:48,4649,5229,3639,245045160,0,0,0
b2206,20220218,20220218,112348500,11:23:49,4649,5229,3639,245045160,0,0,0
b2206,20220218,20220218,112350000,11:23:50,4649,5229,3639,245045160,0,0,0
b2206,20220218,20220218,112350500,11:23:50,4649,5229,3639,245045160,0,0,0
b2206,20220218,20220218,112351000,11:23:51,4649,5229,3639,245045160,0,0,0
b2206,20220218,20220218,112351500,11:23:51,4649,5229,3639,245045160,0,0,0
b2206,20220218,20220218,112352000,11:23:52,4649,5229,3639,245045160,0,0,0
b2206,20220218,20220218,112353500,11:23:53,4649,5229,3639,245045160,0,0,0
b2206,20220218,20220218,112354000,11:23:54,4649,5229,3639,245045160,0,0,0
b2206,20220218,20220218,112354500,11:23:55,4649,5229,3639,245045160,0,0,0
b2206,20220218,20220218,112355000,11:23:55,4649,5229,3639,245045160,0,0,0
b2206,20220218,20220218,112355500,11:23:55,4649,5229,3639,245045160,0,0,0
b2206,20220218,20220218,112356000,11:23:56,4649,5229,3639,245045160,0,0,0
b2206,20220218,20220218,112356500,11:23:56,4649,5229,3639,245045160,0,0,0
b2206,20220218,20220218,112357000,11:23:57,4649,5229,3639,245045160,0,0,0
b2206,20220218,20220218,112357500,11:23:57,4649,5229,3639,245045160,0,0,0
b2206,20220218,20220218,112359000,11:23:59,4649,5229,3639,245045160,0,0,0
b2206,20220218,20220218,112359500,11:23:59,4649,5229,3639,245045160,0,0,0
b2206,20220218,20220218,112401500,11:24:01,4649,5229,3639,245045160,0,0,0
b2206,20220218,20220218,112402000,11:24:02,4649,5229,3639,245045160,0,0,0
b2206,20220218,20220218,112402500,11:24:02,4649,5229,3639,245045160,0,0,0
b2206,20220218,20220218,112403000,11:24:03,4649,5229,3639,245045160,0,0,0
b2206,20220218,20220218,112404000,11:24:04,4649,5229,3639,245045160,0,0,0
b2206,20220218,20220218,112404500,11:24:04,4649,5229,3639,245045160,0,0,0
b2206,20220218,20220218,112405000,11:24:05,4649,5229,3639,245045160,0,0,0
b2206,20220218,20220218,112405500,11:24:05,4649,5229,3639,245045160,0,0,0
b2206,20220218,20220218,112412500,11:24:12,4649,5229,3639,245045160,0,0,0
b2206,20220218,20220218,112413000,11:24:13,4649,5229,3639,245045160,0,0,0
b2206,20220218,20220218,112413500,11:24:14,4649,5229,3639,245045160,0,0,0
b2206,20220218,20220218,112414000,11:24:14,4649,5229,3639,245045160,0,0,0
b2206,20220218,20220218,112415500,11:24:15,4649,5229,3639,245045160,0,0,0
b2206,20220218,20220218,112416500,11:24:17,4649,5229,3639,245045160,0,0,0
b2206,20220218,20220218,112417000,11:24:17,4649,5229,3639,245045160,0,0,0
b2206,20220218,20220218,112417500,11:24:18,4649,5229,3639,245045160,0,0,0
b2206,20220218,20220218,112418000,11:24:18,4649,5229,3639,245045160,0,0,0
b2206,20220218,20220218,112418500,11:24:19,4649,5229,3639,245045160,0,0,0
b2206,20220218,20220218,112419000,11:24:19,4649,5229,3639,245045160,0,0,0
b2206,20220218,20220218,112420000,11:24:20,4649,5229,3639,245045160,0,0,0
b2206,20220218,20220218,112422000,11:24:22,4649,5229,3639,245045160,0,0,0
b2206,20220218,20220218,112424000,11:24:24,4649,5229,3639,245045160,0,0,0
b2206,20220218,20220218,112425500,11:24:25,4649,5229,3639,245045160,0,0,0
b2206,20220218,20220218,112426000,11:24:26,4649,5229,3639,245045160,0,0,0
b2206,20220218,20220218,112426500,11:24:26,4649,5229,3639,245045160,0,0,0
b2206,20220218,20220218,112428500,11:24:28,4649,5229,3639,245045160,0,0,0
b2206,20220218,20220218,112429000,11:24:29,4649,5229,3639,245045160,0,0,0
b2206,20220218,20220218,112429500,11:24:29,4649,5229,3639,245045160,0,0,0
b2206,20220218,20220218,112433000,11:24:33,4649,5229,3639,245045160,0,0,0
b2206,20220218,20220218,112433500,11:24:33,4649,5229,3639,245045160,0,0,0
b2206,20220218,20220218,112434000,11:24:34,4649,5229,3639,245045160,0,0,0
b2206,20220218,20220218,112438000,11:24:39,4649,5229,3639,245045160,0,0,0
b2206,20220218,20220218,112438500,11:24:39,4649,5229,3639,245045160,0,0,0
b2206,20220218,20220218,112439000,11:24:40,4649,5229,3639,245045160,0,0,0
b2206,20220218,20220218,112439500,11:24:40,4649,5229,3639,245045160,0,0,0
b2206,20220218,20220218,112445000,11:24:45,4649,5229,3639,245045160,0,0,0
b2206,20220218,20220218,112445500,11:24:45,4649,5229,3639,245045160,0,0,0
b2206,20220218,20220218,112449000,11:24:49,4649,5229,3639,245045160,0,0,0
b2206,20220218,20220218,112449500,11:24:49,4649,5229,3639,245045160,0,0,0
b2206,20220218,20220218,112450000,11:24:50,4649,5229,3639,245045160,0,0,0
b2206,20220218,20220218,112450500,11:24:50,4654,5232,3637,245184740,3,-2,139580
b2206,20220218,20220218,112451000,11:24:51,4654,5232,3637,245184740,0,0,0
b2206,20220218,20220218,112451500,11:24:52,4654,5232,3637,245184740,0,0,0
b2206,20220218,20220218,112452000,11:24:52,4654,5232,3637,245184740,0,0,0
b2206,20220218,20220218,112452500,11:24:52,4654,5232,3637,245184740,0,0,0
b2206,20220218,20220218,112453000,11:24:53,4654,5232,3637,245184740,0,0,0
b2206,20220218,20220218,112453500,11:24:53,4654,5232,3637,245184740,0,0,0
b2206,20220218,20220218,112454000,11:24:54,4654,5232,3637,245184740,0,0,0
b2206,20220218,20220218,112454500,11:24:54,4654,5232,3637,245184740,0,0,0
b2206,20220218,20220218,112455000,11:24:55,4654,5232,3637,245184740,0,0,0
b2206,20220218,20220218,112455500,11:24:56,4654,5232,3637,245184740,0,0,0
b2206,20220218,20220218,112456000,11:24:56,4654,5232,3637,245184740,0,0,0
b2206,20220218,20220218,112456500,11:24:56,4654,5232,3637,245184740,0,0,0
b2206,20220218,20220218,112457000,11:24:57,4654,5232,3637,245184740,0,0,0
b2206,20220218,20220218,112500500,11:25:01,4654,5232,3637,245184740,0,0,0
b2206,20220218,20220218,112501000,11:25:02,4654,5232,3637,245184740,0,0,0
b2206,20220218,20220218,112501500,11:25:04,4654,5232,3637,245184740,0,0,0
b2206,20220218,20220218,112502000,11:25:05,4658,5233,3637,245231320,1,0,46580
b2206,20220218,20220218,112502500,11:25:06,4658,5233,3637,245231320,0,0,0
b2206,20220218,20220218,112503000,11:25:06,4658,5233,3637,245231320,0,0,0
b2206,20220218,20220218,112505500,11:25:06,4658,5233,3637,245231320,0,0,0
b2206,20220218,20220218,112506000,11:25:06,4658,5233,3637,245231320,0,0,0
b2206,20220218,20220218,112506500,11:25:07,4658,5233,3637,245231320,0,0,0
b2206,20220218,20220218,112507000,11:25:07,4658,5233,3637,245231320,0,0,0
b2206,20220218,20220218,112507500,11:25:07,4658,5233,3637,245231320,0,0,0
b2206,20220218,20220218,112508000,11:25:08,4658,5233,3637,245231320,0,0,0
b2206,20220218,20220218,112508500,11:25:08,4658,5233,3637,245231320,0,0,0
b2206,20220218,20220218,112509000,11:25:09,4658,5233,3637,245231320,0,0,0
b2206,20220218,20220218,112509500,11:25:09,4658,5233,3637,245231320,0,0,0
b2206,20220218,20220218,112510500,11:25:10,4658,5233,3637,245231320,0,0,0
b2206,20220218,20220218,112511000,11:25:11,4658,5233,3637,245231320,0,0,0
b2206,20220218,20220218,112511500,11:25:11,4658,5233,3637,245231320,0,0,0
b2206,20220218,20220218,112512000,11:25:12,4658,5233,3637,245231320,0,0,0
b2206,20220218,20220218,112512500,11:25:12,4658,5233,3637,245231320,0,0,0
b2206,20220218,20220218,112513000,11:25:13,4658,5233,3637,245231320,0,0,0
b2206,20220218,20220218,112513500,11:25:15,4658,5233,3637,245231320,0,0,0
b2206,20220218,20220218,112514000,11:25:15,4658,5233,3637,245231320,0,0,0
b2206,20220218,20220218,112514500,11:25:15,4658,5233,3637,245231320,0,0,0
b2206,20220218,20220218,112516500,11:25:16,4658,5233,3637,245231320,0,0,0
b2206,20220218,20220218,112524500,11:25:25,4656,5235,3637,245324440,2,0,93120
b2206,20220218,20220218,112525000,11:25:25,4658,5237,3636,245417600,2,-1,93160
b2206,20220218,20220218,112525500,11:25:26,4658,5237,3636,245417600,0,0,0
b2206,20220218,20220218,112526000,11:25:26,4658,5237,3636,245417600,0,0,0
b2206,20220218,20220218,112526500,11:25:27,4658,5237,3636,245417600,0,0,0
b2206,20220218,20220218,112527000,11:25:28,4658,5237,3636,245417600,0,0,0
b2206,20220218,20220218,112527500,11:25:28,4658,5237,3636,245417600,0,0,0
b2206,20220218,20220218,112528000,11:25:28,4658,5237,3636,245417600,0,0,0
b2206,20220218,20220218,112528500,11:25:28,4658,5237,3636,245417600,0,0,0
b2206,20220218,20220218,112529000,11:25:29,4658,5237,3636,245417600,0,0,0
b2206,20220218,20220218,112529500,11:25:30,4658,5237,3636,245417600,0,0,0
b2206,20220218,20220218,112530000,11:25:31,4658,5237,3636,245417600,0,0,0
b2206,20220218,20220218,112530500,11:25:31,4658,5237,3636,245417600,0,0,0
b2206,20220218,20220218,112531000,11:25:31,4658,5237,3636,245417600,0,0,0
b2206,20220218,20220218,112531500,11:25:32,4658,5237,3636,245417600,0,0,0
b2206,20220218,20220218,112533000,11:25:33,4658,5237,3636,245417600,0,0,0
b2206,20220218,20220218,112533500,11:25:33,4658,5237,3636,245417600,0,0,0
b2206,20220218,20220218,112534000,11:25:34,4658,5237,3636,245417600,0,0,0
b2206,20220218,20220218,112546000,11:25:47,4658,5237,3636,245417600,0,0,0
b2206,20220218,20220218,112546500,11:25:47,4658,5237,3636,245417600,0,0,0
b2206,20220218,20220218,112547000,11:25:48,4658,5237,3636,245417600,0,0,0
b2206,20220218,20220218,112547500,11:25:48,4658,5237,3636,245417600,0,0,0
b2206,20220218,20220218,112548000,11:25:48,4658,5237,3636,245417600,0,0,0
b2206,20220218,20220218,112548500,11:25:48,4658,5237,3636,245417600,0,0,0
b2206,20220218,20220218,112549000,11:25:49,4658,5237,3636,245417600,0,0,0
b2206,20220218,20220218,112549500,11:25:49,4658,5237,3636,245417600,0,0,0
b2206,20220218,20220218,112552000,11:25:52,4657,5238,3636,245464170,1,0,46570
b2206,20220218,20220218,112552500,11:25:52,4657,5239,3636,245510740,1,0,46570
b2206,20220218,20220218,112553000,11:25:53,4657,5239,3636,245510740,0,0,0
b2206,20220218,20220218,112553500,11:25:54,4657,5239,3636,245510740,0,0,0
b2206,20220218,20220218,112554000,11:25:54,4657,5239,3636,245510740,0,0,0
b2206,20220218,20220218,112554500,11:25:55,4657,5239,3636,245510740,0,0,0
b2206,20220218,20220218,112555000,11:25:55,4657,5239,3636,245510740,0,0,0
b2206,20220218,20220218,112556000,11:25:57,4657,5239,3636,245510740,0,0,0
b2206,20220218,20220218,112556500,11:25:57,4657,5239,3636,245510740,0,0,0
b2206,20220218,20220218,112557000,11:25:57,4657,5239,3636,245510740,0,0,0
b2206,20220218,20220218,112557500,11:25:57,4657,5239,3636,245510740,0,0,0
b2206,20220218,20220218,112558000,11:25:59,4657,5239,3636,245510740,0,0,0
b2206,20220218,20220218,112558500,11:25:59,4657,5239,3636,245510740,0,0,0
b2206,20220218,20220218,112600500,11:26:01,4657,5239,3636,245510740,0,0,0
b2206,20220218,20220218,112601000,11:26:01,4657,5239,3636,245510740,0,0,0
b2206,20220218,20220218,112602500,11:26:03,4657,5239,3636,245510740,0,0,0
b2206,20220218,20220218,112604500,11:26:05,4657,5239,3636,245510740,0,0,0
b2206,20220218,20220218,112605000,11:26:05,4657,5239,3636,245510740,0,0,0
b2206,20220218,20220218,112606000,11:26:06,4657,5239,3636,245510740,0,0,0
b2206,20220218,20220218,112606500,11:26:07,4657,5239,3636,245510740,0,0,0
b2206,20220218,20220218,112607000,11:26:09,4657,5239,3636,245510740,0,0,0
b2206,20220218,20220218,112607500,11:26:09,4657,5239,3636,245510740,0,0,0
b2206,20220218,20220218,112609000,11:26:10,4657,5239,3636,245510740,0,0,0
b2206,20220218,20220218,112609500,11:26:10,4657,5239,3636,245510740,0,0,0
b2206,20220218,20220218,112610000,11:26:10,4657,5239,3636,245510740,0,0,0
b2206,20220218,20220218,112612000,11:26:14,4657,5239,3636,245510740,0,0,0
b2206,20220218,20220218,112614000,11:26:15,4657,5239,3636,245510740,0,0,0
b2206,20220218,20220218,112616000,11:26:16,4657,5239,3636,245510740,0,0,0
b2206,20220218,20220218,112618000,11:26:18,4657,5239,3636,245510740,0,0,0
b2206,20220218,20220218,112620000,11:26:20,4657,5239,3636,245510740,0,0,0
b2206,20220218,20220218,112622000,11:26:22,4657,5239,3636,245510740,0,0,0
b2206,20220218,20220218,112623000,11:26:23,4657,5239,3636,245510740,0,0,0
b2206,20220218,20220218,112625000,11:26:25,4657,5239,3636,245510740,0,0,0
b2206,20220218,20220218,112625500,11:26:25,4657,5239,3636,245510740,0,0,0
b2206,20220218,20220218,112627000,11:26:27,4657,5239,3636,245510740,0,0,0
b2206,20220218,20220218,112628500,11:26:28,4657,5239,3636,245510740,0,0,0
b2206,20220218,20220218,112630000,11:26:31,4657,5239,3636,245510740,0,0,0
b2206,20220218,20220218,112630500,11:26:31,4657,5239,3636,245510740,0,0,0
b2206,20220218,20220218,112631000,11:26:31,4657,5239,3636,245510740,0,0,0
b2206,20220218,20220218,112631500,11:26:32,4657,5239,3636,245510740,0,0,0
b2206,20220218,20220218,112632000,11:26:32,4657,5239,3636,245510740,0,0,0
b2206,20220218,20220218,112632500,11:26:32,4657,5239,3636,245510740,0,0,0
b2206,20220218,20220218,112634500,11:26:37,4657,5239,3636,245510740,0,0,0
b2206,20220218,20220218,112636000,11:26:38,4657,5239,3636,245510740,0,0,0
b2206,20220218,20220218,112637000,11:26:38,4657,5239,3636,245510740,0,0,0
b2206,20220218,20220218,112637500,11:26:54,4657,5239,3636,245510740,0,0,0
b2206,20220218,20220218,112638500,11:27:10,4657,5239,3636,245510740,0,0,0
b2206,20220218,20220218,112652500,11:27:10,4657,5239,3636,245510740,0,0,0
b2206,20220218,20220218,112710000,11:27:12,4657,5239,3636,245510740,0,0,0
b2206,20220218,20220218,112712000,11:27:12,4657,5239,3636,245510740,0,0,0
b2206,20220218,20220218,112713000,11:27:14,4657,5239,3636,245510740,0,0,0
b2206,20220218,20220218,112714500,11:27:15,4657,5239,3636,245510740,0,0,0
b2206,20220218,20220218,112715000,11:27:16,4656,5241,3634,245603860,2,-2,93120
b2206,20220218,20220218,112715500,11:27:16,4656,5242,3633,245650420,1,-1,46560
b2206,20220218,20220218,112716000,11:27:17,4656,5243,3632,245696980,1,-1,46560
b2206,20220218,20220218,112716500,11:27:17,4656,5243,3632,245696980,0,0,0
b2206,20220218,20220218,112717000,11:27:17,4656,5243,3632,245696980,0,0,0
b2206,20220218,20220218,112717500,11:27:17,4656,5243,3632,245696980,0,0,0
b2206,20220218,20220218,112718000,11:27:18,4656,5243,3632,245696980,0,0,0
b2206,20220218,20220218,112718500,11:27:19,4656,5243,3632,245696980,0,0,0
b2206,20220218,20220218,112719000,11:27:19,4656,5243,3632,245696980,0,0,0
b2206,20220218,20220218,112720500,11:27:21,4656,5243,3632,245696980,0,0,0
b2206,20220218,20220218,112722500,11:27:22,4656,5243,3632,245696980,0,0,0
b2206,20220218,20220218,112723500,11:27:27,4656,5243,3632,245696980,0,0,0
b2206,20220218,20220218,112725500,11:27:27,4656,5243,3632,245696980,0,0,0
b2206,20220218,20220218,112727000,11:27:27,4656,5243,3632,245696980,0,0,0
b2206,20220218,20220218,112727500,11:27:27,4656,5243,3632,245696980,0,0,0
b2206,20220218,20220218,112728500,11:27:28,4656,5243,3632,245696980,0,0,0
b2206,20220218,20220218,112729000,11:27:29,4656,5243,3632,245696980,0,0,0
b2206,20220218,20220218,112729500,11:27:29,4656,5243,3632,245696980,0,0,0
b2206,20220218,20220218,112730000,11:27:30,4656,5243,3632,245696980,0,0,0
b2206,20220218,20220218,112730500,11:27:31,4656,5243,3632,245696980,0,0,0
b2206,20220218,20220218,112732500,11:27:36,4656,5243,3632,245696980,0,0,0
b2206,20220218,20220218,112735500,11:27:36,4656,5263,3632,246628270,20,0,931290
b2206,20220218,20220218,112736000,11:27:37,4655,5297,3639,248211140,34,7,1582870
b2206,20220218,20220218,112736500,11:27:38,4655,5297,3639,248211140,0,0,0
b2206,20220218,20220218,112737000,11:27:38,4655,5297,3639,248211140,0,0,0
b2206,20220218,20220218,112740500,11:27:40,4655,5297,3639,248211140,0,0,0
b2206,20220218,20220218,112741000,11:27:41,4655,5297,3639,248211140,0,0,0
b2206,20220218,20220218,112741500,11:27:42,4655,5297,3639,248211140,0,0,0
b2206,20220218,20220218,112742000,11:27:42,4655,5297,3639,248211140,0,0,0
b2206,20220218,20220218,112742500,11:27:43,4655,5297,3639,248211140,0,0,0
b2206,20220218,20220218,112743000,11:27:43,4655,5297,3639,248211140,0,0,0
b2206,20220218,20220218,112743500,11:27:43,4655,5297,3639,248211140,0,0,0
b2206,20220218,20220218,112744000,11:27:44,4655,5297,3639,248211140,0,0,0
b2206,20220218,20220218,112744500,11:27:45,4655,5297,3639,248211140,0,0,0
b2206,20220218,20220218,112746500,11:27:47,4655,5297,3639,248211140,0,0,0
b2206,20220218,20220218,112748500,11:27:54,4655,5297,3639,248211140,0,0,0
b2206,20220218,20220218,112749000,11:27:54,4655,5297,3639,248211140,0,0,0
b2206,20220218,20220218,112754000,11:27:54,4655,5297,3639,248211140,0,0,0
b2206,20220218,20220218,112756000,11:27:56,4655,5297,3639,248211140,0,0,0
b2206,20220218,20220218,112758000,11:27:58,4655,5297,3639,248211140,0,0,0
b2206,20220218,20220218,112758500,11:27:59,4655,5297,3639,248211140,0,0,0
b2206,20220218,20220218,112800500,11:28:01,4655,5297,3639,248211140,0,0,0
b2206,20220218,20220218,112801000,11:28:01,4655,5297,3639,248211140,0,0,0
b2206,20220218,20220218,112801500,11:28:02,4655,5297,3639,248211140,0,0,0
b2206,20220218,20220218,112803000,11:28:04,4655,5297,3639,248211140,0,0,0
b2206,20220218,20220218,112805000,11:28:06,4655,5297,3639,248211140,0,0,0
b2206,20220218,20220218,112805500,11:28:06,4655,5297,3639,248211140,0,0,0
b2206,20220218,20220218,112806000,11:28:10,4655,5297,3639,248211140,0,0,0
b2206,20220218,20220218,112806500,11:28:10,4655,5297,3639,248211140,0,0,0
b2206,20220218,20220218,112816000,11:28:16,4655,5297,3639,248211140,0,0,0
b2206,20220218,20220218,112816500,11:28:16,4655,5297,3639,248211140,0,0,0
b2206,20220218,20220218,112817000,11:28:17,4655,5297,3639,248211140,0,0,0
b2206,20220218,20220218,112818500,11:28:18,4655,5297,3639,248211140,0,0,0
b2206,20220218,20220218,112822000,11:28:22,4655,5297,3639,248211140,0,0,0
b2206,20220218,20220218,112829000,11:28:29,4655,5297,3639,248211140,0,0,0
b2206,20220218,20220218,112829500,11:28:30,4655,5297,3639,248211140,0,0,0
b2206,20220218,20220218,112830000,11:28:30,4655,5297,3639,248211140,0,0,0
b2206,20220218,20220218,112849000,11:28:49,4655,5297,3639,248211140,0,0,0
b2206,20220218,20220218,112849500,11:28:50,4655,5297,3639,248211140,0,0,0
b2206,20220218,20220218,112850000,11:28:50,4655,5297,3639,248211140,0,0,0
b2206,20220218,20220218,112850500,11:28:50,4655,5297,3639,248211140,0,0,0
b2206,20220218,20220218,112851000,11:28:51,4655,5297,3639,248211140,0,0,0
b2206,20220218,20220218,112853000,11:28:54,4655,5297,3639,248211140,0,0,0
b2206,20220218,20220218,112854500,11:28:54,4655,5297,3639,248211140,0,0,0
b2206,20220218,20220218,112855000,11:28:55,4655,5297,3639,248211140,0,0,0
b2206,20220218,20220218,112856000,11:28:56,4655,5297,3639,248211140,0,0,0
b2206,20220218,20220218,112856500,11:28:56,4655,5297,3639,248211140,0,0,0
b2206,20220218,20220218,112857000,11:28:57,4655,5297,3639,248211140,0,0,0
b2206,20220218,20220218,112857500,11:28:58,4655,5297,3639,248211140,0,0,0
b2206,20220218,20220218,112859000,11:28:59,4655,5297,3639,248211140,0,0,0
b2206,20220218,20220218,112859500,11:29:00,4655,5297,3639,248211140,0,0,0
b2206,20220218,20220218,112900000,11:29:00,4655,5297,3639,248211140,0,0,0
b2206,20220218,20220218,112900500,11:29:01,4655,5297,3639,248211140,0,0,0
b2206,20220218,20220218,112901000,11:29:01,4655,5297,3639,248211140,0,0,0
b2206,20220218,20220218,112901500,11:29:01,4655,5297,3639,248211140,0,0,0
b2206,20220218,20220218,112902000,11:29:02,4655,5297,3639,248211140,0,0,0
b2206,20220218,20220218,112902500,11:29:03,4655,5297,3639,248211140,0,0,0
b2206,20220218,20220218,112903000,11:29:03,4655,5297,3639,248211140,0,0,0
b2206,20220218,20220218,112903500,11:29:04,4655,5297,3639,248211140,0,0,0
b2206,20220218,20220218,112904000,11:29:04,4655,5297,3639,248211140,0,0,0
b2206,20220218,20220218,112904500,11:29:04,4655,5297,3639,248211140,0,0,0
b2206,20220218,20220218,112905000,11:29:05,4655,5297,3639,248211140,0,0,0
b2206,20220218,20220218,112905500,11:29:06,4655,5297,3639,248211140,0,0,0
b2206,20220218,20220218,112906000,11:29:06,4655,5297,3639,248211140,0,0,0
b2206,20220218,20220218,112906500,11:29:06,4655,5297,3639,248211140,0,0,0
b2206,20220218,20220218,112907000,11:29:08,4655,5297,3639,248211140,0,0,0
b2206,20220218,20220218,112907500,11:29:08,4655,5297,3639,248211140,0,0,0
b2206,20220218,20220218,112908000,11:29:08,4655,5297,3639,248211140,0,0,0
b2206,20220218,20220218,112908500,11:29:08,4655,5297,3639,248211140,0,0,0
b2206,20220218,20220218,112909000,11:29:09,4655,5297,3639,248211140,0,0,0
b2206,20220218,20220218,112909500,11:29:09,4655,5297,3639,248211140,0,0,0
b2206,20220218,20220218,112910000,11:29:10,4655,5297,3639,248211140,0,0,0
b2206,20220218,20220218,112910500,11:29:10,4655,5297,3639,248211140,0,0,0
b2206,20220218,20220218,112911000,11:29:11,4655,5297,3639,248211140,0,0,0
b2206,20220218,20220218,112911500,11:29:12,4655,5297,3639,248211140,0,0,0
b2206,20220218,20220218,112912000,11:29:12,4655,5297,3639,248211140,0,0,0
b2206,20220218,20220218,112912500,11:29:12,4655,5297,3639,248211140,0,0,0
b2206,20220218,20220218,112913000,11:29:13,4655,5297,3639,248211140,0,0,0
b2206,20220218,20220218,112913500,11:29:14,4655,5297,3639,248211140,0,0,0
b2206,20220218,20220218,112914000,11:29:14,4655,5297,3639,248211140,0,0,0
b2206,20220218,20220218,112914500,11:29:15,4655,5297,3639,248211140,0,0,0
b2206,20220218,20220218,112915000,11:29:15,4655,5297,3639,248211140,0,0,0
b2206,20220218,20220218,112915500,11:29:16,4655,5297,3639,248211140,0,0,0
b2206,20220218,20220218,112916000,11:29:16,4655,5297,3639,248211140,0,0,0
b2206,20220218,20220218,112916500,11:29:20,4655,5297,3639,248211140,0,0,0
b2206,20220218,20220218,112917000,11:29:20,4655,5297,3639,248211140,0,0,0
b2206,20220218,20220218,112917500,11:29:21,4655,5297,3639,248211140,0,0,0
b2206,20220218,20220218,112918000,11:29:21,4655,5297,3639,248211140,0,0,0
b2206,20220218,20220218,112920500,11:29:21,4655,5297,3639,248211140,0,0,0
b2206,20220218,20220218,112921000,11:29:22,4655,5297,3639,248211140,0,0,0
b2206,20220218,20220218,112921500,11:29:24,4655,5297,3639,248211140,0,0,0
b2206,20220218,20220218,112922000,11:29:24,4655,5297,3639,248211140,0,0,0
b2206,20220218,20220218,112922500,11:29:24,4655,5297,3639,248211140,0,0,0
b2206,20220218,20220218,112923000,11:29:24,4655,5297,3639,248211140,0,0,0
b2206,20220218,20220218,112924000,11:29:24,4655,5297,3639,248211140,0,0,0
b2206,20220218,20220218,112924500,11:29:25,4655,5297,3639,248211140,0,0,0
b2206,20220218,20220218,112925000,11:29:25,4655,5297,3639,248211140,0,0,0
b2206,20220218,20220218,112925500,11:29:25,4655,5297,3639,248211140,0,0,0
b2206,20220218,20220218,112926000,11:29:26,4655,5297,3639,248211140,0,0,0
b2206,20220218,20220218,112926500,11:29:26,4655,5297,3639,248211140,0,0,0
b2206,20220218,20220218,112927000,11:29:27,4655,5297,3639,248211140,0,0,0
b2206,20220218,20220218,112927500,11:29:27,4655,5297,3639,248211140,0,0,0
b2206,20220218,20220218,112928000,11:29:28,4655,5297,3639,248211140,0,0,0
b2206,20220218,20220218,112928500,11:29:29,4655,5297,3639,248211140,0,0,0
b2206,20220218,20220218,112929000,11:29:29,4655,5297,3639,248211140,0,0,0
b2206,20220218,20220218,112929500,11:29:29,4655,5297,3639,248211140,0,0,0
b2206,20220218,20220218,112930000,11:29:30,4655,5297,3639,248211140,0,0,0
b2206,20220218,20220218,112930500,11:29:31,4655,5297,3639,248211140,0,0,0
b2206,20220218,20220218,112931000,11:29:32,4655,5297,3639,248211140,0,0,0
b2206,20220218,20220218,112931500,11:29:32,4655,5297,3639,248211140,0,0,0
b2206,20220218,20220218,112932000,11:29:32,4653,5311,3638,248862560,14,-1,651420
b2206,20220218,20220218,112932500,11:29:37,4653,5311,3638,248862560,0,0,0
b2206,20220218,20220218,112933000,11:29:37,4653,5311,3638,248862560,0,0,0
b2206,20220218,20220218,112936500,11:29:38,4653,5312,3638,248909090,1,0,46530
b2206,20220218,20220218,112937500,11:29:38,4653,5312,3638,248909090,0,0,0
b2206,20220218,20220218,112938000,11:29:38,4653,5312,3638,248909090,0,0,0
b2206,20220218,20220218,112938500,11:29:39,4653,5312,3638,248909090,0,0,0
b2206,20220218,20220218,112939000,11:29:39,4653,5312,3638,248909090,0,0,0
b2206,20220218,20220218,112939500,11:29:40,4653,5312,3638,248909090,0,0,0
b2206,20220218,20220218,112940000,11:29:40,4653,5312,3638,248909090,0,0,0
b2206,20220218,20220218,112940500,11:29:40,4653,5312,3638,248909090,0,0,0
b2206,20220218,20220218,112941000,11:29:41,4653,5312,3638,248909090,0,0,0
b2206,20220218,20220218,112941500,11:29:42,4653,5312,3638,248909090,0,0,0
b2206,20220218,20220218,112942000,11:29:44,4653,5312,3638,248909090,0,0,0
b2206,20220218,20220218,112942500,11:29:44,4653,5312,3638,248909090,0,0,0
b2206,20220218,20220218,112943000,11:29:45,4653,5312,3638,248909090,0,0,0
b2206,20220218,20220218,112943500,11:29:45,4653,5312,3638,248909090,0,0,0
b2206,20220218,20220218,112944000,11:29:45,4653,5312,3638,248909090,0,0,0
b2206,20220218,20220218,112944500,11:29:45,4653,5312,3638,248909090,0,0,0
b2206,20220218,20220218,112945000,11:29:46,4653,5312,3638,248909090,0,0,0
b2206,20220218,20220218,112945500,11:29:46,4653,5312,3638,248909090,0,0,0
b2206,20220218,20220218,112946000,11:29:46,4653,5312,3638,248909090,0,0,0
b2206,20220218,20220218,112946500,11:29:47,4653,5312,3638,248909090,0,0,0
b2206,20220218,20220218,112947000,11:29:47,4653,5312,3638,248909090,0,0,0
b2206,20220218,20220218,112947500,11:29:48,4653,5312,3638,248909090,0,0,0
b2206,20220218,20220218,112948000,11:29:49,4653,5312,3638,248909090,0,0,0
b2206,20220218,20220218,112948500,11:29:50,4653,5312,3638,248909090,0,0,0
b2206,20220218,20220218,112950500,11:29:52,4653,5312,3638,248909090,0,0,0
b2206,20220218,20220218,112954500,11:29:54,4653,5312,3638,248909090,0,0,0
b2206,20220218,20220218,112956000,11:30:00,4653,5312,3638,248909090,0,0,0
b2206,20220218,20220218,112957500,11:30:02,4653,5312,3638,248909090,0,0,0
b2206,20220218,20220218,112959000,11:30:02,4653,5312,3638,248909090,0,0,0
b2206,20220218,20220218,113000500,11:30:03,4653,5312,3638,248909090,0,0,0
b2206,20220218,20220218,133002000,13:30:08,4653,5312,3638,248909090,0,0,0
b2206,20220218,20220218,133002500,13:30:09,4653,5313,3638,248955620,1,0,46530
b2206,20220218,20220218,133008000,13:30:10,4653,5313,3638,248955620,0,0,0
b2206,20220218,20220218,133008500,13:30:10,4653,5313,3638,248955620,0,0,0
b2206,20220218,20220218,133009000,13:30:10,4653,5313,3638,248955620,0,0,0
b2206,20220218,20220218,133010000,13:30:11,4653,5313,3638,248955620,0,0,0
b2206,20220218,20220218,133010500,13:30:12,4653,5313,3638,248955620,0,0,0
b2206,20220218,20220218,133011500,13:30:13,4653,5313,3638,248955620,0,0,0
b2206,20220218,20220218,133012000,13:30:13,4653,5313,3638,248955620,0,0,0
b2206,20220218,20220218,133013500,13:30:14,4653,5313,3638,248955620,0,0,0
b2206,20220218,20220218,133014500,13:30:17,4653,5313,3638,248955620,0,0,0
b2206,20220218,20220218,133015000,13:30:18,4653,5313,3638,248955620,0,0,0
b2206,20220218,20220218,133016500,13:30:18,4653,5313,3638,248955620,0,0,0
b2206,20220218,20220218,133017000,13:30:18,4653,5313,3638,248955620,0,0,0
b2206,20220218,20220218,133017500,13:30:18,4653,5313,3638,248955620,0,0,0
b2206,20220218,20220218,133018000,13:30:19,4653,5313,3638,248955620,0,0,0
b2206,20220218,20220218,133018500,13:30:20,4653,5313,3638,248955620,0,0,0
b2206,20220218,20220218,133019000,13:30:20,4653,5313,3638,248955620,0,0,0
b2206,20220218,20220218,133038000,13:30:40,4653,5313,3638,248955620,0,0,0
b2206,20220218,20220218,133040500,13:30:42,4653,5313,3638,248955620,0,0,0
b2206,20220218,20220218,133041000,13:30:43,4653,5313,3638,248955620,0,0,0
b2206,20220218,20220218,133042000,13:30:44,4653,5313,3638,248955620,0,0,0
b2206,20220218,20220218,133043500,13:30:45,4653,5313,3638,248955620,0,0,0
b2206,20220218,20220218,133044000,13:30:46,4653,5313,3638,248955620,0,0,0
b2206,20220218,20220218,133044500,13:30:46,4653,5313,3638,248955620,0,0,0
b2206,20220218,20220218,133045500,13:30:46,4653,5313,3638,248955620,0,0,0
b2206,20220218,20220218,133046500,13:30:47,4653,5313,3638,248955620,0,0,0
b2206,20220218,20220218,133047500,13:30:48,4653,5313,3638,248955620,0,0,0
b2206,20220218,20220218,133051000,13:30:52,4653,5313,3638,248955620,0,0,0
b2206,20220218,20220218,133057500,13:30:58,4653,5313,3638,248955620,0,0,0
b2206,20220218,20220218,133058000,13:30:58,4653,5313,3638,248955620,0,0,0
b2206,20220218,20220218,133058500,13:30:59,4653,5313,3638,248955620,0,0,0
b2206,20220218,20220218,133059500,13:31:00,4653,5313,3638,248955620,0,0,0
b2206,20220218,20220218,133103500,13:31:05,4653,5313,3638,248955620,0,0,0
b2206,20220218,20220218,133104000,13:31:06,4653,5313,3638,248955620,0,0,0
b2206,20220218,20220218,133106500,13:31:08,4653,5313,3638,248955620,0,0,0
b2206,20220218,20220218,133111500,13:31:12,4653,5313,3638,248955620,0,0,0
b2206,20220218,20220218,133117500,13:31:18,4653,5313,3638,248955620,0,0,0
b2206,20220218,20220218,133118000,13:31:19,4653,5313,3638,248955620,0,0,0
b2206,20220218,20220218,133118500,13:31:19,4653,5313,3638,248955620,0,0,0
b2206,20220218,20220218,133159000,13:31:59,4653,5313,3638,248955620,0,0,0
b2206,20220218,20220218,133159500,13:32:00,4653,5313,3638,248955620,0,0,0
b2206,20220218,20220218,133200000,13:32:01,4653,5313,3638,248955620,0,0,0
b2206,20220218,20220218,133201000,13:32:01,4653,5313,3638,248955620,0,0,0
b2206,20220218,20220218,133202500,13:32:04,4653,5313,3638,248955620,0,0,0
b2206,20220218,20220218,133203500,13:32:05,4653,5313,3638,248955620,0,0,0
b2206,20220218,20220218,133205000,13:32:06,4653,5313,3638,248955620,0,0,0
b2206,20220218,20220218,133205500,13:32:06,4653,5313,3638,248955620,0,0,0
b2206,20220218,20220218,133209500,13:32:10,4653,5313,3638,248955620,0,0,0
b2206,20220218,20220218,133210000,13:32:11,4653,5313,3638,248955620,0,0,0
b2206,20220218,20220218,133210500,13:32:13,4653,5313,3638,248955620,0,0,0
b2206,20220218,20220218,133211000,13:32:14,4653,5313,3638,248955620,0,0,0
b2206,20220218,20220218,133213000,13:32:15,4653,5313,3638,248955620,0,0,0
b2206,20220218,20220218,133214000,13:32:15,4653,5313,3638,248955620,0,0,0
b2206,20220218,20220218,133215000,13:32:16,4653,5313,3638,248955620,0,0,0
b2206,20220218,20220218,133220500,13:32:21,4653,5313,3638,248955620,0,0,0
b2206,20220218,20220218,133226000,13:32:27,4653,5313,3638,248955620,0,0,0
b2206,20220218,20220218,133232000,13:32:35,4647,5316,3636,249094990,3,-2,139370
b2206,20220218,20220218,133232500,13:32:35,4647,5316,3636,249094990,0,0,0
b2206,20220218,20220218,133241500,13:32:42,4647,5316,3636,249094990,0,0,0
b2206,20220218,20220218,133242000,13:32:42,4647,5316,3636,249094990,0,0,0
b2206,20220218,20220218,133243500,13:32:43,4647,5316,3636,249094990,0,0,0
b2206,20220218,20220218,133245000,13:32:45,4647,5316,3636,249094990,0,0,0
b2206,20220218,20220218,133245500,13:32:45,4647,5316,3636,249094990,0,0,0
b2206,20220218,20220218,133247000,13:32:47,4647,5318,3636,249187930,2,0,92940
b2206,20220218,20220218,133247500,13:32:48,4646,5319,3636,249234390,1,0,46460
b2206,20220218,20220218,133248000,13:32:49,4646,5319,3636,249234390,0,0,0
b2206,20220218,20220218,133251000,13:32:52,4647,5320,3636,249280860,1,0,46470
b2206,20220218,20220218,133251500,13:32:53,4647,5321,3637,249327330,1,1,46470
b2206,20220218,20220218,133252000,13:32:53,4647,5321,3637,249327330,0,0,0
b2206,20220218,20220218,133258000,13:33:00,4647,5321,3637,249327330,0,0,0
b2206,20220218,20220218,133258500,13:33:01,4647,5321,3637,249327330,0,0,0
b2206,20220218,20220218,133302000,13:33:03,4647,5321,3637,249327330,0,0,0
b2206,20220218,20220218,133302500,13:33:03,4647,5321,3637,249327330,0,0,0
b2206,20220218,20220218,133312000,13:33:14,4647,5321,3637,249327330,0,0,0
b2206,20220218,20220218,133313500,13:33:15,4647,5321,3637,249327330,0,0,0
b2206,20220218,20220218,133314000,13:33:17,4647,5321,3637,249327330,0,0,0
b2206,20220218,20220218,133314500,13:33:17,4647,5321,3637,249327330,0,0,0
b2206,20220218,20220218,133315000,13:33:18,4647,5321,3637,249327330,0,0,0
b2206,20220218,20220218,133318000,13:33:19,4647,5321,3637,249327330,0,0,0
b2206,20220218,20220218,133318500,13:33:19,4647,5321,3637,249327330,0,0,0
b2206,20220218,20220218,133319000,13:33:20,4647,5321,3637,249327330,0,0,0
b2206,20220218,20220218,133319500,13:33:20,4647,5321,3637,249327330,0,0,0
b2206,20220218,20220218,133322000,13:33:22,4647,5321,3637,249327330,0,0,0
b2206,20220218,20220218,133322500,13:33:22,4647,5321,3637,249327330,0,0,0
b2206,20220218,20220218,133323000,13:33:23,4647,5321,3637,249327330,0,0,0
b2206,20220218,20220218,133323500,13:33:24,4647,5321,3637,249327330,0,0,0
b2206,20220218,20220218,133324000,13:33:24,4647,5321,3637,249327330,0,0,0
b2206,20220218,20220218,133324500,13:33:25,4647,5321,3637,249327330,0,0,0
b2206,20220218,20220218,133325000,13:33:26,4647,5321,3637,249327330,0,0,0
b2206,20220218,20220218,133325500,13:33:26,4647,5321,3637,249327330,0,0,0
b2206,20220218,20220218,133326000,13:33:28,4647,5321,3637,249327330,0,0,0
b2206,20220218,20220218,133326500,13:33:29,4647,5321,3637,249327330,0,0,0
b2206,20220218,20220218,133327000,13:33:29,4647,5321,3637,249327330,0,0,0
b2206,20220218,20220218,133328500,13:33:30,4647,5321,3637,249327330,0,0,0
b2206,20220218,20220218,133329000,13:33:30,4647,5321,3637,249327330,0,0,0
b2206,20220218,20220218,133329500,13:33:30,4647,5321,3637,249327330,0,0,0
b2206,20220218,20220218,133330000,13:33:30,4647,5321,3637,249327330,0,0,0
b2206,20220218,20220218,133330500,13:33:31,4647,5321,3637,249327330,0,0,0
b2206,20220218,20220218,133335500,13:33:35,4647,5321,3637,249327330,0,0,0
b2206,20220218,20220218,133336000,13:33:36,4647,5321,3637,249327330,0,0,0
b2206,20220218,20220218,133336500,13:33:36,4647,5321,3637,249327330,0,0,0
b2206,20220218,20220218,133343000,13:33:43,4647,5321,3637,249327330,0,0,0
b2206,20220218,20220218,133343500,13:33:44,4647,5321,3637,249327330,0,0,0
b2206,20220218,20220218,133344000,13:33:45,4647,5321,3637,249327330,0,0,0
b2206,20220218,20220218,133344500,13:33:45,4647,5321,3637,249327330,0,0,0
b2206,20220218,20220218,133345000,13:33:45,4647,5321,3637,249327330,0,0,0
b2206,20220218,20220218,133345500,13:33:46,4647,5321,3637,249327330,0,0,0
b2206,20220218,20220218,133347000,13:33:48,4647,5321,3637,249327330,0,0,0
b2206,20220218,20220218,133347500,13:33:49,4647,5321,3637,249327330,0,0,0
b2206,20220218,20220218,133348000,13:33:49,4647,5321,3637,249327330,0,0,0
b2206,20220218,20220218,133349000,13:33:50,4647,5321,3637,249327330,0,0,0
b2206,20220218,20220218,133349500,13:33:50,4647,5321,3637,249327330,0,0,0
b2206,20220218,20220218,133352500,13:33:52,4647,5321,3637,249327330,0,0,0
b2206,20220218,20220218,133353000,13:33:53,4647,5321,3637,249327330,0,0,0
b2206,20220218,20220218,133353500,13:33:53,4647,5321,3637,249327330,0,0,0
b2206,20220218,20220218,133355000,13:33:56,4649,5324,3636,249466840,3,-1,139510
b2206,20220218,20220218,133355500,13:33:56,4649,5324,3636,249466840,0,0,0
b2206,20220218,20220218,133359000,13:33:59,4649,5324,3636,249466840,0,0,0
b2206,20220218,20220218,133359500,13:33:59,4649,5324,3636,249466840,0,0,0
b2206,20220218,20220218,133400000,13:34:00,4649,5324,3636,249466840,0,0,0
b2206,20220218,20220218,133400500,13:34:00,4649,5324,3636,249466840,0,0,0
b2206,20220218,20220218,133401000,13:34:01,4649,5324,3636,249466840,0,0,0
b2206,20220218,20220218,133401500,13:34:02,4649,5324,3636,249466840,0,0,0
b2206,20220218,20220218,133402000,13:34:04,4649,5324,3636,249466840,0,0,0
b2206,20220218,20220218,133403500,13:34:11,4649,5324,3636,249466840,0,0,0
b2206,20220218,20220218,133410000,13:34:12,4649,5324,3636,249466840,0,0,0
b2206,20220218,20220218,133410500,13:34:12,4649,5324,3636,249466840,0,0,0
b2206,20220218,20220218,133411000,13:34:12,4651,5326,3636,249559860,2,0,93020
b2206,20220218,20220218,133412500,13:34:13,4650,5332,3635,249838860,6,-1,279000
b2206,20220218,20220218,133413000,13:34:13,4650,5332,3635,249838860,0,0,0
b2206,20220218,20220218,133413500,13:34:14,4650,5332,3635,249838860,0,0,0
b2206,20220218,20220218,133414500,13:34:15,4650,5332,3635,249838860,0,0,0
b2206,20220218,20220218,133416500,13:34:17,4650,5332,3635,249838860,0,0,0
b2206,20220218,20220218,133417000,13:34:17,4650,5332,3635,249838860,0,0,0
b2206,20220218,20220218,133417500,13:34:17,4650,5332,3635,249838860,0,0,0
b2206,20220218,20220218,133424000,13:34:24,4650,5332,3635,249838860,0,0,0
b2206,20220218,20220218,133425000,13:34:25,4651,5333,3634,249885370,1,-1,46510
b2206,20220218,20220218,133425500,13:34:26,4651,5333,3634,249885370,0,0,0
b2206,20220218,20220218,133426000,13:34:26,4651,5333,3634,249885370,0,0,0
b2206,20220218,20220218,133426500,13:34:26,4651,5333,3634,249885370,0,0,0
b2206,20220218,20220218,133427000,13:34:27,4654,5420,3629,253934150,87,-5,4048780
b2206,20220218,20220218,133427500,13:34:27,4653,5436,3629,254678830,16,0,744680
b2206,20220218,20220218,133428000,13:34:28,4653,5438,3630,254771890,2,1,93060
b2206,20220218,20220218,133428500,13:34:29,4653,5438,3630,254771890,0,0,0
b2206,20220218,20220218,133429000,13:34:29,4653,5438,3630,254771890,0,0,0
b2206,20220218,20220218,133431000,13:34:31,4653,5438,3630,254771890,0,0,0
b2206,20220218,20220218,133431500,13:34:31,4653,5438,3630,254771890,0,0,0
b2206,20220218,20220218,133432000,13:34:32,4653,5438,3630,254771890,0,0,0
b2206,20220218,20220218,133433000,13:34:33,4653,5438,3630,254771890,0,0,0
b2206,20220218,20220218,133433500,13:34:34,4653,5438,3630,254771890,0,0,0
b2206,20220218,20220218,133434000,13:34:34,4653,5438,3630,254771890,0,0,0
b2206,20220218,20220218,133434500,13:34:35,4653,5438,3630,254771890,0,0,0
b2206,20220218,20220218,133435000,13:34:35,4653,5438,3630,254771890,0,0,0
b2206,20220218,20220218,133437000,13:34:37,4653,5438,3630,254771890,0,0,0
b2206,20220218,20220218,133437500,13:34:38,4655,5446,3631,255144290,8,1,372400
b2206,20220218,20220218,133438000,13:34:38,4655,5446,3631,255144290,0,0,0
b2206,20220218,20220218,133438500,13:34:39,4655,5446,3631,255144290,0,0,0
b2206,20220218,20220218,133441000,13:34:41,4655,5446,3631,255144290,0,0,0
b2206,20220218,20220218,133441500,13:34:43,4655,5446,3631,255144290,0,0,0
b2206,20220218,20220218,133442000,13:34:44,4655,5446,3631,255144290,0,0,0
b2206,20220218,20220218,133450000,13:34:51,4655,5446,3631,255144290,0,0,0
b2206,20220218,20220218,133450500,13:34:51,4656,5447,3632,255190850,1,1,46560
b2206,20220218,20220218,133451000,13:34:51,4656,5447,3632,255190850,0,0,0
b2206,20220218,20220218,133451500,13:34:52,4656,5447,3632,255190850,0,0,0
b2206,20220218,20220218,133452000,13:34:52,4656,5447,3632,255190850,0,0,0
b2206,20220218,20220218,133452500,13:34:53,4656,5447,3632,255190850,0,0,0
b2206,20220218,20220218,133453000,13:34:53,4656,5447,3632,255190850,0,0,0
b2206,20220218,20220218,133453500,13:34:56,4656,5447,3632,255190850,0,0,0
b2206,20220218,20220218,133454000,13:34:56,4656,5447,3632,255190850,0,0,0
b2206,20220218,20220218,133454500,13:34:56,4656,5447,3632,255190850,0,0,0
b2206,20220218,20220218,133504500,13:35:10,4656,5447,3632,255190850,0,0,0
b2206,20220218,20220218,133509000,13:35:10,4656,5447,3632,255190850,0,0,0
b2206,20220218,20220218,133513000,13:35:13,4656,5447,3632,255190850,0,0,0
b2206,20220218,20220218,133513500,13:35:14,4656,5447,3632,255190850,0,0,0
b2206,20220218,20220218,133518000,13:35:19,4656,5447,3632,255190850,0,0,0
b2206,20220218,20220218,133543500,13:35:44,4656,5447,3632,255190850,0,0,0
b2206,20220218,20220218,133544000,13:35:44,4656,5447,3632,255190850,0,0,0
b2206,20220218,20220218,133544500,13:35:45,4656,5447,3632,255190850,0,0,0
b2206,20220218,20220218,133545000,13:35:46,4656,5447,3632,255190850,0,0,0
b2206,20220218,20220218,133545500,13:35:46,4656,5447,3632,255190850,0,0,0
b2206,20220218,20220218,133546000,13:35:46,4656,5447,3632,255190850,0,0,0
b2206,20220218,20220218,133546500,13:35:46,4656,5447,3632,255190850,0,0,0
b2206,20220218,20220218,133547500,13:35:48,4656,5447,3632,255190850,0,0,0
b2206,20220218,20220218,133548000,13:35:48,4656,5447,3632,255190850,0,0,0
b2206,20220218,20220218,133549000,13:35:49,4656,5447,3632,255190850,0,0,0
b2206,20220218,20220218,133549500,13:35:49,4656,5447,3632,255190850,0,0,0
b2206,20220218,20220218,133550000,13:35:50,4656,5447,3632,255190850,0,0,0
b2206,20220218,20220218,133551500,13:35:52,4656,5447,3632,255190850,0,0,0
b2206,20220218,20220218,133552000,13:35:52,4654,5448,3632,255237390,1,0,46540
b2206,20220218,20220218,133554500,13:35:56,4654,5448,3632,255237390,0,0,0
b2206,20220218,20220218,133555000,13:35:56,4654,5448,3632,255237390,0,0,0
b2206,20220218,20220218,133555500,13:35:56,4654,5448,3632,255237390,0,0,0
b2206,20220218,20220218,133556000,13:35:56,4654,5448,3632,255237390,0,0,0
b2206,20220218,20220218,133601500,13:36:03,4654,5448,3632,255237390,0,0,0
b2206,20220218,20220218,133602500,13:36:03,4654,5448,3632,255237390,0,0,0
b2206,20220218,20220218,133603000,13:36:05,4654,5448,3632,255237390,0,0,0
b2206,20220218,20220218,133605000,13:36:06,4654,5448,3632,255237390,0,0,0
b2206,20220218,20220218,133605500,13:36:07,4654,5448,3632,255237390,0,0,0
b2206,20220218,20220218,133606000,13:36:07,4654,5448,3632,255237390,0,0,0
b2206,20220218,20220218,133606500,13:36:07,4654,5448,3632,255237390,0,0,0
b2206,20220218,20220218,133640500,13:36:40,4654,5448,3632,255237390,0,0,0
b2206,20220218,20220218,133641000,13:36:41,4654,5448,3632,255237390,0,0,0
b2206,20220218,20220218,133641500,13:36:42,4654,5448,3632,255237390,0,0,0
b2206,20220218,20220218,133642000,13:36:42,4654,5448,3632,255237390,0,0,0
b2206,20220218,20220218,133642500,13:36:43,4654,5448,3632,255237390,0,0,0
b2206,20220218,20220218,133647000,13:36:47,4654,5448,3632,255237390,0,0,0
b2206,20220218,20220218,133647500,13:36:48,4654,5448,3632,255237390,0,0,0
b2206,20220218,20220218,133648000,13:36:48,4654,5448,3632,255237390,0,0,0
b2206,20220218,20220218,133648500,13:36:48,4654,5448,3632,255237390,0,0,0
b2206,20220218,20220218,133656500,13:36:57,4654,5448,3632,255237390,0,0,0
b2206,20220218,20220218,133658500,13:36:59,4654,5448,3632,255237390,0,0,0
b2206,20220218,20220218,133659000,13:36:59,4654,5448,3632,255237390,0,0,0
b2206,20220218,20220218,133659500,13:37:00,4654,5448,3632,255237390,0,0,0
b2206,20220218,20220218,133700000,13:37:00,4654,5448,3632,255237390,0,0,0
b2206,20220218,20220218,133701000,13:37:01,4654,5448,3632,255237390,0,0,0
b2206,20220218,20220218,133701500,13:37:02,4654,5448,3632,255237390,0,0,0
b2206,20220218,20220218,133704000,13:37:04,4654,5448,3632,255237390,0,0,0
b2206,20220218,20220218,133704500,13:37:05,4654,5448,3632,255237390,0,0,0
b2206,20220218,20220218,133705000,13:37:05,4654,5448,3632,255237390,0,0,0
b2206,20220218,20220218,133705500,13:37:08,4654,5448,3632,255237390,0,0,0
b2206,20220218,20220218,133706000,13:37:08,4654,5448,3632,255237390,0,0,0
b2206,20220218,20220218,133706500,13:37:08,4654,5448,3632,255237390,0,0,0
b2206,20220218,20220218,133707500,13:37:08,4654,5448,3632,255237390,0,0,0
b2206,20220218,20220218,133714000,13:37:14,4654,5448,3632,255237390,0,0,0
b2206,20220218,20220218,133720000,13:37:21,4654,5448,3632,255237390,0,0,0
b2206,20220218,20220218,133722000,13:37:22,4654,5448,3632,255237390,0,0,0
b2206,20220218,20220218,133732500,13:37:33,4654,5448,3632,255237390,0,0,0
b2206,20220218,20220218,133733000,13:37:33,4654,5448,3632,255237390,0,0,0
b2206,20220218,20220218,133733500,13:37:33,4654,5448,3632,255237390,0,0,0
b2206,20220218,20220218,133734000,13:37:34,4654,5448,3632,255237390,0,0,0
b2206,20220218,20220218,133734500,13:37:34,4654,5448,3632,255237390,0,0,0
b2206,20220218,20220218,133735500,13:37:36,4654,5448,3632,255237390,0,0,0
b2206,20220218,20220218,133738500,13:37:39,4654,5448,3632,255237390,0,0,0
b2206,20220218,20220218,133739000,13:37:39,4654,5448,3632,255237390,0,0,0
b2206,20220218,20220218,133739500,13:37:39,4654,5448,3632,255237390,0,0,0
b2206,20220218,20220218,133740500,13:37:40,4654,5448,3632,255237390,0,0,0
b2206,20220218,20220218,133741000,13:37:41,4654,5448,3632,255237390,0,0,0
b2206,20220218,20220218,133747000,13:37:47,4654,5448,3632,255237390,0,0,0
b2206,20220218,20220218,133750000,13:37:50,4654,5448,3632,255237390,0,0,0
b2206,20220218,20220218,133750500,13:37:51,4654,5448,3632,255237390,0,0,0
b2206,20220218,20220218,133751000,13:37:51,4654,5448,3632,255237390,0,0,0
b2206,20220218,20220218,133751500,13:37:53,4654,5448,3632,255237390,0,0,0
b2206,20220218,20220218,133752000,13:37:53,4654,5448,3632,255237390,0,0,0
b2206,20220218,20220218,133754000,13:37:55,4654,5448,3632,255237390,0,0,0
b2206,20220218,20220218,133755000,13:37:55,4654,5448,3632,255237390,0,0,0
b2206,20220218,20220218,133757000,13:37:57,4654,5448,3632,255237390,0,0,0
b2206,20220218,20220218,133800000,13:38:02,4654,5448,3632,255237390,0,0,0
b2206,20220218,20220218,133800500,13:38:02,4654,5448,3632,255237390,0,0,0
b2206,20220218,20220218,133801000,13:38:03,4654,5448,3632,255237390,0,0,0
b2206,20220218,20220218,133805000,13:38:06,4654,5448,3632,255237390,0,0,0
b2206,20220218,20220218,133806000,13:38:08,4654,5448,3632,255237390,0,0,0
b2206,20220218,20220218,133806500,13:38:09,4654,5448,3632,255237390,0,0,0
b2206,20220218,20220218,133809000,13:38:09,4654,5448,3632,255237390,0,0,0
b2206,20220218,20220218,133809500,13:38:10,4654,5448,3632,255237390,0,0,0
b2206,20220218,20220218,133810000,13:38:10,4654,5448,3632,255237390,0,0,0
b2206,20220218,20220218,133810500,13:38:10,4654,5448,3632,255237390,0,0,0
b2206,20220218,20220218,133811000,13:38:13,4654,5448,3632,255237390,0,0,0
b2206,20220218,20220218,133811500,13:38:14,4654,5448,3632,255237390,0,0,0
b2206,20220218,20220218,133812000,13:38:14,4654,5448,3632,255237390,0,0,0
b2206,20220218,20220218,133812500,13:38:14,4654,5448,3632,255237390,0,0,0
b2206,20220218,20220218,133813500,13:38:15,4654,5448,3632,255237390,0,0,0
b2206,20220218,20220218,133814000,13:38:17,4654,5448,3632,255237390,0,0,0
b2206,20220218,20220218,133814500,13:38:17,4654,5448,3632,255237390,0,0,0
b2206,20220218,20220218,133815000,13:38:17,4654,5448,3632,255237390,0,0,0
b2206,20220218,20220218,133817000,13:38:18,4654,5448,3632,255237390,0,0,0
b2206,20220218,20220218,133817500,13:38:18,4654,5448,3632,255237390,0,0,0
b2206,20220218,20220218,133818000,13:38:18,4654,5448,3632,255237390,0,0,0
b2206,20220218,20220218,133818500,13:38:19,4654,5448,3632,255237390,0,0,0
b2206,20220218,20220218,133819000,13:38:19,4654,5448,3632,255237390,0,0,0
b2206,20220218,20220218,133819500,13:38:19,4654,5448,3632,255237390,0,0,0
b2206,20220218,20220218,133820000,13:38:20,4654,5448,3632,255237390,0,0,0
b2206,20220218,20220218,133820500,13:38:22,4654,5448,3632,255237390,0,0,0
b2206,20220218,20220218,133821000,13:38:22,4654,5448,3632,255237390,0,0,0
b2206,20220218,20220218,133821500,13:38:23,4654,5448,3632,255237390,0,0,0
b2206,20220218,20220218,133822000,13:38:23,4654,5448,3632,255237390,0,0,0
b2206,20220218,20220218,133822500,13:38:23,4654,5448,3632,255237390,0,0,0
b2206,20220218,20220218,133823000,13:38:24,4654,5448,3632,255237390,0,0,0
b2206,20220218,20220218,133823500,13:38:24,4654,5448,3632,255237390,0,0,0
b2206,20220218,20220218,133824000,13:38:24,4654,5448,3632,255237390,0,0,0
b2206,20220218,20220218,133824500,13:38:41,4654,5448,3632,255237390,0,0,0
b2206,20220218,20220218,133825000,13:38:41,4654,5448,3632,255237390,0,0,0
b2206,20220218,20220218,133825500,13:38:41,4654,5448,3632,255237390,0,0,0
b2206,20220218,20220218,133840500,13:38:42,4654,5448,3632,255237390,0,0,0
b2206,20220218,20220218,133841000,13:38:43,4654,5448,3632,255237390,0,0,0
b2206,20220218,20220218,133841500,13:38:43,4654,5448,3632,255237390,0,0,0
b2206,20220218,20220218,133842000,13:38:43,4654,5448,3632,255237390,0,0,0
b2206,20220218,20220218,133844000,13:38:44,4654,5448,3632,255237390,0,0,0
b2206,20220218,20220218,133846000,13:38:46,4654,5448,3632,255237390,0,0,0
b2206,20220218,20220218,133847000,13:38:47,4654,5448,3632,255237390,0,0,0
b2206,20220218,20220218,133847500,13:38:47,4654,5448,3632,255237390,0,0,0
b2206,20220218,20220218,133850000,13:38:50,4654,5448,3632,255237390,0,0,0
b2206,20220218,20220218,133851000,13:38:51,4654,5448,3632,255237390,0,0,0
b2206,20220218,20220218,133857000,13:38:57,4654,5448,3632,255237390,0,0,0
b2206,20220218,20220218,133859500,13:38:59,4654,5448,3632,255237390,0,0,0
b2206,20220218,20220218,133901000,13:39:01,4654,5448,3632,255237390,0,0,0
b2206,20220218,20220218,133901500,13:39:01,4654,5448,3632,255237390,0,0,0
b2206,20220218,20220218,133913500,13:39:13,4654,5448,3632,255237390,0,0,0
b2206,20220218,20220218,133914000,13:39:15,4654,5448,3632,255237390,0,0,0
b2206,20220218,20220218,133914500,13:39:16,4659,5460,3632,255796330,12,0,558940
b2206,20220218,20220218,133915000,13:39:19,4659,5460,3632,255796330,0,0,0
b2206,20220218,20220218,133918000,13:39:19,4659,5460,3632,255796330,0,0,0
b2206,20220218,20220218,133920500,13:39:20,4659,5460,3632,255796330,0,0,0
b2206,20220218,20220218,133922500,13:39:23,4659,5460,3632,255796330,0,0,0
b2206,20220218,20220218,133923500,13:39:23,4659,5460,3632,255796330,0,0,0
b2206,20220218,20220218,133924000,13:39:24,4659,5460,3632,255796330,0,0,0
b2206,20220218,20220218,133929000,13:39:29,4659,5460,3632,255796330,0,0,0
b2206,20220218,20220218,133930500,13:39:30,4659,5460,3632,255796330,0,0,0
b2206,20220218,20220218,133932000,13:39:32,4659,5460,3632,255796330,0,0,0
b2206,20220218,20220218,133934500,13:39:34,4659,5460,3632,255796330,0,0,0
b2206,20220218,20220218,133945500,13:39:46,4659,5460,3632,255796330,0,0,0
b2206,20220218,20220218,133946000,13:39:47,4659,5460,3632,255796330,0,0,0
b2206,20220218,20220218,133949000,13:39:49,4659,5460,3632,255796330,0,0,0
b2206,20220218,20220218,133950000,13:39:50,4659,5460,3632,255796330,0,0,0
b2206,20220218,20220218,133956000,13:39:56,4658,5462,3630,255889490,2,-2,93160
b2206,20220218,20220218,133956500,13:39:57,4658,5462,3630,255889490,0,0,0
b2206,20220218,20220218,133957000,13:39:59,4658,5462,3630,255889490,0,0,0
b2206,20220218,20220218,133957500,13:40:13,4658,5462,3630,255889490,0,0,0
b2206,20220218,20220218,134012500,13:40:13,4658,5462,3630,255889490,0,0,0
b2206,20220218,20220218,134013000,13:40:13,4658,5462,3630,255889490,0,0,0
b2206,20220218,20220218,134013500,13:40:13,4658,5462,3630,255889490,0,0,0
b2206,20220218,20220218,134014000,13:40:14,4658,5462,3630,255889490,0,0,0
b2206,20220218,20220218,134014500,13:40:16,4658,5462,3630,255889490,0,0,0
b2206,20220218,20220218,134015000,13:40:16,4658,5462,3630,255889490,0,0,0
b2206,20220218,20220218,134016000,13:40:16,4658,5462,3630,255889490,0,0,0
b2206,20220218,20220218,134016500,13:40:17,4658,5462,3630,255889490,0,0,0
b2206,20220218,20220218,134017000,13:40:17,4658,5462,3630,255889490,0,0,0
b2206,20220218,20220218,134018500,13:40:19,4658,5462,3630,255889490,0,0,0
b2206,20220218,20220218,134019000,13:40:19,4658,5462,3630,255889490,0,0,0
b2206,20220218,20220218,134019500,13:40:20,4658,5462,3630,255889490,0,0,0
b2206,20220218,20220218,134020000,13:40:20,4658,5462,3630,255889490,0,0,0
b2206,20220218,20220218,134020500,13:40:21,4658,5462,3630,255889490,0,0,0
b2206,20220218,20220218,134022000,13:40:22,4658,5462,3630,255889490,0,0,0
b2206,20220218,20220218,134051500,13:40:55,4658,5462,3630,255889490,0,0,0
b2206,20220218,20220218,134052000,13:40:55,4658,5462,3630,255889490,0,0,0
b2206,20220218,20220218,134058500,13:40:59,4658,5462,3630,255889490,0,0,0
b2206,20220218,20220218,134059000,13:40:59,4658,5462,3630,255889490,0,0,0
b2206,20220218,20220218,134102000,13:41:02,4658,5462,3630,255889490,0,0,0
b2206,20220218,20220218,134102500,13:41:03,4658,5462,3630,255889490,0,0,0
b2206,20220218,20220218,134103000,13:41:05,4658,5462,3630,255889490,0,0,0
b2206,20220218,20220218,134103500,13:41:05,4658,5462,3630,255889490,0,0,0
b2206,20220218,20220218,134104000,13:41:05,4658,5462,3630,255889490,0,0,0
b2206,20220218,20220218,134104500,13:41:06,4658,5462,3630,255889490,0,0,0
b2206,20220218,20220218,134105500,13:41:06,4658,5462,3630,255889490,0,0,0
b2206,20220218,20220218,134109000,13:41:10,4658,5462,3630,255889490,0,0,0
b2206,20220218,20220218,134109500,13:41:10,4658,5462,3630,255889490,0,0,0
b2206,20220218,20220218,134110000,13:41:10,4658,5462,3630,255889490,0,0,0
b2206,20220218,20220218,134120000,13:41:22,4658,5462,3630,255889490,0,0,0
b2206,20220218,20220218,134120500,13:41:23,4658,5462,3630,255889490,0,0,0
b2206,20220218,20220218,134121000,13:41:23,4658,5462,3630,255889490,0,0,0
b2206,20220218,20220218,134121500,13:41:24,4658,5462,3630,255889490,0,0,0
b2206,20220218,20220218,134123000,13:41:24,4658,5462,3630,255889490,0,0,0
b2206,20220218,20220218,134123500,13:41:24,4658,5462,3630,255889490,0,0,0
b2206,20220218,20220218,134130500,13:41:31,4658,5462,3630,255889490,0,0,0
b2206,20220218,20220218,134131000,13:41:31,4658,5462,3630,255889490,0,0,0
b2206,20220218,20220218,134131500,13:41:32,4658,5462,3630,255889490,0,0,0
b2206,20220218,20220218,134142000,13:41:42,4658,5462,3630,255889490,0,0,0
b2206,20220218,20220218,134142500,13:41:42,4658,5462,3630,255889490,0,0,0
b2206,20220218,20220218,134143000,13:41:44,4658,5462,3630,255889490,0,0,0
b2206,20220218,20220218,134143500,13:41:44,4658,5462,3630,255889490,0,0,0
b2206,20220218,20220218,134146000,13:41:46,4658,5462,3630,255889490,0,0,0
b2206,20220218,20220218,134148000,13:41:48,4658,5462,3630,255889490,0,0,0
b2206,20220218,20220218,134148500,13:41:49,4660,5467,3625,256122490,5,-5,233000
b2206,20220218,20220218,134149000,13:41:49,4660,5467,3625,256122490,0,0,0
b2206,20220218,20220218,134151000,13:41:51,4660,5467,3625,256122490,0,0,0
b2206,20220218,20220218,134151500,13:41:52,4660,5467,3625,256122490,0,0,0
b2206,20220218,20220218,134152000,13:41:52,4660,5467,3625,256122490,0,0,0
b2206,20220218,20220218,134152500,13:41:53,4660,5467,3625,256122490,0,0,0
b2206,20220218,20220218,134154500,13:42:02,4660,5467,3625,256122490,0,0,0
b2206,20220218,20220218,134155000,13:42:06,4660,5467,3625,256122490,0,0,0
b2206,20220218,20220218,134158000,13:42:10,4660,5467,3625,256122490,0,0,0
b2206,20220218,20220218,134206500,13:42:12,4660,5467,3625,256122490,0,0,0
b2206,20220218,20220218,134212500,13:42:13,4660,5467,3625,256122490,0,0,0
b2206,20220218,20220218,134213000,13:42:13,4660,5467,3625,256122490,0,0,0
b2206,20220218,20220218,134213500,13:42:14,4660,5467,3625,256122490,0,0,0
b2206,20220218,20220218,134215000,13:42:15,4660,5467,3625,256122490,0,0,0
b2206,20220218,20220218,134216000,13:42:16,4660,5467,3625,256122490,0,0,0
b2206,20220218,20220218,134216500,13:42:17,4660,5467,3625,256122490,0,0,0
b2206,20220218,20220218,134222500,13:42:22,4660,5467,3625,256122490,0,0,0
b2206,20220218,20220218,134223000,13:42:24,4660,5467,3625,256122490,0,0,0
b2206,20220218,20220218,134223500,13:42:24,4660,5467,3625,256122490,0,0,0
b2206,20220218,20220218,134224000,13:42:25,4660,5467,3625,256122490,0,0,0
b2206,20220218,20220218,134224500,13:42:25,4660,5467,3625,256122490,0,0,0
b2206,20220218,20220218,134225000,13:42:25,4660,5467,3625,256122490,0,0,0
b2206,20220218,20220218,134226000,13:42:27,4660,5467,3625,256122490,0,0,0
b2206,20220218,20220218,134226500,13:42:27,4660,5467,3625,256122490,0,0,0
b2206,20220218,20220218,134227000,13:42:28,4660,5467,3625,256122490,0,0,0
b2206,20220218,20220218,134227500,13:42:29,4660,5467,3625,256122490,0,0,0
b2206,20220218,20220218,134228000,13:42:29,4660,5467,3625,256122490,0,0,0
b2206,20220218,20220218,134228500,13:42:29,4660,5467,3625,256122490,0,0,0
b2206,20220218,20220218,134256500,13:42:57,4660,5467,3625,256122490,0,0,0
b2206,20220218,20220218,134257000,13:42:59,4660,5467,3625,256122490,0,0,0
b2206,20220218,20220218,134258500,13:42:59,4660,5467,3625,256122490,0,0,0
b2206,20220218,20220218,134303500,13:43:11,4658,5468,3625,256169070,1,0,46580
b2206,20220218,20220218,134304500,13:43:11,4658,5468,3625,256169070,0,0,0
b2206,20220218,20220218,134310000,13:43:12,4658,5468,3625,256169070,0,0,0
b2206,20220218,20220218,134319000,13:43:19,4658,5468,3625,256169070,0,0,0
b2206,20220218,20220218,134319500,13:43:20,4658,5468,3625,256169070,0,0,0
b2206,20220218,20220218,134321000,13:43:21,4658,5468,3625,256169070,0,0,0
b2206,20220218,20220218,134321500,13:43:21,4658,5468,3625,256169070,0,0,0
b2206,20220218,20220218,134322000,13:43:22,4658,5468,3625,256169070,0,0,0
b2206,20220218,20220218,134327500,13:43:27,4658,5468,3625,256169070,0,0,0
b2206,20220218,20220218,134328000,13:43:29,4658,5468,3625,256169070,0,0,0
b2206,20220218,20220218,134338500,13:43:38,4658,5468,3625,256169070,0,0,0
b2206,20220218,20220218,134339000,13:43:47,4658,5468,3625,256169070,0,0,0
b2206,20220218,20220218,134343500,13:44:04,4658,5468,3625,256169070,0,0,0
b2206,20220218,20220218,134403500,13:44:04,4658,5468,3625,256169070,0,0,0
b2206,20220218,20220218,134404000,13:44:04,4658,5468,3625,256169070,0,0,0
b2206,20220218,20220218,134404500,13:44:05,4658,5468,3625,256169070,0,0,0
b2206,20220218,20220218,134405000,13:44:05,4655,5473,3624,256401840,5,-1,232770
b2206,20220218,20220218,134405500,13:44:06,4655,5474,3623,256448390,1,-1,46550
b2206,20220218,20220218,134406000,13:44:06,4655,5475,3624,256494940,1,1,46550
b2206,20220218,20220218,134406500,13:44:07,4655,5475,3624,256494940,0,0,0
b2206,20220218,20220218,134409000,13:44:17,4654,5476,3625,256541480,1,1,46540
b2206,20220218,20220218,134409500,13:44:17,4654,5476,3625,256541480,0,0,0
b2206,20220218,20220218,134410000,13:44:17,4654,5476,3625,256541480,0,0,0
b2206,20220218,20220218,134410500,13:44:17,4654,5476,3625,256541480,0,0,0
b2206,20220218,20220218,134411500,13:44:17,4654,5476,3625,256541480,0,0,0
b2206,20220218,20220218,134418500,13:44:19,4654,5476,3625,256541480,0,0,0
b2206,20220218,20220218,134419000,13:44:23,4654,5476,3625,256541480,0,0,0
b2206,20220218,20220218,134419500,13:44:23,4654,5476,3625,256541480,0,0,0
b2206,20220218,20220218,134423000,13:44:23,4654,5476,3625,256541480,0,0,0
b2206,20220218,20220218,134423500,13:44:24,4654,5476,3625,256541480,0,0,0
b2206,20220218,20220218,134424000,13:44:24,4654,5476,3625,256541480,0,0,0
b2206,20220218,20220218,134424500,13:44:25,4654,5476,3625,256541480,0,0,0
b2206,20220218,20220218,134425500,13:44:25,4654,5476,3625,256541480,0,0,0
b2206,20220218,20220218,134426000,13:44:26,4654,5476,3625,256541480,0,0,0
b2206,20220218,20220218,134426500,13:44:26,4654,5476,3625,256541480,0,0,0
b2206,20220218,20220218,134427000,13:44:27,4654,5476,3625,256541480,0,0,0
b2206,20220218,20220218,134427500,13:44:28,4654,5476,3625,256541480,0,0,0
b2206,20220218,20220218,134450500,13:44:50,4654,5476,3625,256541480,0,0,0
b2206,20220218,20220218,134451000,13:44:51,4654,5476,3625,256541480,0,0,0
b2206,20220218,20220218,134500500,13:45:01,4656,5477,3625,256588040,1,0,46560
b2206,20220218,20220218,134503000,13:45:03,4656,5477,3625,256588040,0,0,0
b2206,20220218,20220218,134504000,13:45:08,4656,5478,3624,256634600,1,-1,46560
b2206,20220218,20220218,134508000,13:45:09,4656,5478,3624,256634600,0,0,0
b2206,20220218,20220218,134508500,13:45:09,4656,5478,3624,256634600,0,0,0
b2206,20220218,20220218,134509000,13:45:10,4656,5478,3624,256634600,0,0,0
b2206,20220218,20220218,134509500,13:45:10,4656,5478,3624,256634600,0,0,0
b2206,20220218,20220218,134510500,13:45:10,4656,5478,3624,256634600,0,0,0
b2206,20220218,20220218,134511500,13:45:12,4656,5478,3624,256634600,0,0,0
b2206,20220218,20220218,134512000,13:45:13,4656,5478,3624,256634600,0,0,0
b2206,20220218,20220218,134512500,13:45:13,4656,5478,3624,256634600,0,0,0
b2206,20220218,20220218,134513000,13:45:14,4656,5478,3624,256634600,0,0,0
b2206,20220218,20220218,134513500,13:45:15,4656,5478,3624,256634600,0,0,0
b2206,20220218,20220218,134515000,13:45:17,4656,5478,3624,256634600,0,0,0
b2206,20220218,20220218,134515500,13:45:17,4656,5478,3624,256634600,0,0,0
b2206,20220218,20220218,134516000,13:45:17,4656,5478,3624,256634600,0,0,0
b2206,20220218,20220218,134516500,13:45:17,4656,5478,3624,256634600,0,0,0
b2206,20220218,20220218,134517500,13:45:20,4656,5478,3624,256634600,0,0,0
b2206,20220218,20220218,134520500,13:45:23,4655,5481,3624,256774250,3,0,139650
b2206,20220218,20220218,134521000,13:45:23,4655,5481,3624,256774250,0,0,0
b2206,20220218,20220218,134521500,13:45:23,4655,5481,3624,256774250,0,0,0
b2206,20220218,20220218,134522500,13:45:24,4655,5481,3624,256774250,0,0,0
b2206,20220218,20220218,134530500,13:45:31,4655,5481,3624,256774250,0,0,0
b2206,20220218,20220218,134531000,13:45:31,4655,5481,3624,256774250,0,0,0
b2206,20220218,20220218,134531500,13:45:32,4655,5481,3624,256774250,0,0,0
b2206,20220218,20220218,134532000,13:45:32,4655,5481,3624,256774250,0,0,0
b2206,20220218,20220218,134532500,13:45:33,4655,5481,3624,256774250,0,0,0
b2206,20220218,20220218,134533000,13:45:33,4655,5481,3624,256774250,0,0,0
b2206,20220218,20220218,134533500,13:45:34,4655,5481,3624,256774250,0,0,0
b2206,20220218,20220218,134534000,13:45:35,4655,5482,3624,256820800,1,0,46550
b2206,20220218,20220218,134534500,13:45:35,4655,5483,3623,256867350,1,-1,46550
b2206,20220218,20220218,134535000,13:45:35,4655,5483,3623,256867350,0,0,0
b2206,20220218,20220218,134535500,13:45:35,4655,5483,3623,256867350,0,0,0
b2206,20220218,20220218,134536000,13:45:37,4655,5483,3623,256867350,0,0,0
b2206,20220218,20220218,134543000,13:45:46,4655,5483,3623,256867350,0,0,0
b2206,20220218,20220218,134545500,13:45:46,4655,5483,3623,256867350,0,0,0
b2206,20220218,20220218,134546000,13:45:47,4655,5483,3623,256867350,0,0,0
b2206,20220218,20220218,134546500,13:45:47,4655,5483,3623,256867350,0,0,0
b2206,20220218,20220218,134553500,13:45:54,4655,5483,3623,256867350,0,0,0
b2206,20220218,20220218,134600000,13:46:01,4655,5483,3623,256867350,0,0,0
b2206,20220218,20220218,134601000,13:46:01,4655,5483,3623,256867350,0,0,0
b2206,20220218,20220218,134601500,13:46:02,4655,5483,3623,256867350,0,0,0
b2206,20220218,20220218,134607500,13:46:08,4655,5483,3623,256867350,0,0,0
b2206,20220218,20220218,134608000,13:46:08,4655,5483,3623,256867350,0,0,0
b2206,20220218,20220218,134609000,13:46:09,4655,5483,3623,256867350,0,0,0
b2206,20220218,20220218,134609500,13:46:10,4655,5483,3623,256867350,0,0,0
b2206,20220218,20220218,134613000,13:46:13,4655,5483,3623,256867350,0,0,0
b2206,20220218,20220218,134613500,13:46:14,4655,5483,3623,256867350,0,0,0
b2206,20220218,20220218,134614000,13:46:14,4655,5483,3623,256867350,0,0,0
b2206,20220218,20220218,134614500,13:46:15,4655,5483,3623,256867350,0,0,0
b2206,20220218,20220218,134615000,13:46:16,4655,5483,3623,256867350,0,0,0
b2206,20220218,20220218,134615500,13:46:17,4655,5483,3623,256867350,0,0,0
b2206,20220218,20220218,134630000,13:46:31,4655,5483,3623,256867350,0,0,0
b2206,20220218,20220218,134630500,13:46:31,4655,5483,3623,256867350,0,0,0
b2206,20220218,20220218,134641000,13:46:43,4655,5483,3623,256867350,0,0,0
b2206,20220218,20220218,134706500,13:47:10,4655,5483,3623,256867350,0,0,0
b2206,20220218,20220218,134707000,13:47:10,4655,5483,3623,256867350,0,0,0
b2206,20220218,20220218,134711500,13:47:16,4655,5483,3623,256867350,0,0,0
b2206,20220218,20220218,134712000,13:47:16,4655,5483,3623,256867350,0,0,0
b2206,20220218,20220218,134721000,13:47:22,4655,5483,3623,256867350,0,0,0
b2206,20220218,20220218,134728000,13:47:28,4655,5483,3623,256867350,0,0,0
b2206,20220218,20220218,134728500,13:47:28,4655,5493,3627,257332830,10,4,465480
b2206,20220218,20220218,134729000,13:47:29,4655,5494,3627,257379380,1,0,46550
b2206,20220218,20220218,134729500,13:47:29,4655,5494,3627,257379380,0,0,0
b2206,20220218,20220218,134730000,13:47:30,4655,5494,3627,257379380,0,0,0
b2206,20220218,20220218,134730500,13:47:30,4655,5494,3627,257379380,0,0,0
b2206,20220218,20220218,134731500,13:47:31,4655,5494,3627,257379380,0,0,0
b2206,20220218,20220218,134754000,13:47:54,4655,5497,3626,257519010,3,-1,139630
b2206,20220218,20220218,134755500,13:47:55,4654,5498,3626,257565550,1,0,46540
b2206,20220218,20220218,134756000,13:47:56,4654,5498,3626,257565550,0,0,0
b2206,20220218,20220218,134757000,13:47:57,4654,5498,3626,257565550,0,0,0
b2206,20220218,20220218,134758500,13:47:58,4655,5501,3626,257705200,3,0,139650
b2206,20220218,20220218,134800000,13:48:00,4655,5501,3626,257705200,0,0,0
b2206,20220218,20220218,134801500,13:48:01,4655,5501,3626,257705200,0,0,0
b2206,20220218,20220218,134804500,13:48:04,4655,5501,3626,257705200,0,0,0
b2206,20220218,20220218,134805500,13:48:05,4655,5501,3626,257705200,0,0,0
b2206,20220218,20220218,134808500,13:48:09,4655,5501,3626,257705200,0,0,0
b2206,20220218,20220218,134810000,13:48:10,4655,5501,3626,257705200,0,0,0
b2206,20220218,20220218,134817000,13:48:18,4655,5501,3626,257705200,0,0,0
b2206,20220218,20220218,134817500,13:48:19,4653,5507,3620,257984380,6,-6,279180
b2206,20220218,20220218,134818000,13:48:19,4653,5507,3620,257984380,0,0,0
b2206,20220218,20220218,134818500,13:48:20,4654,5578,3635,261288060,71,15,3303680
b2206,20220218,20220218,134821500,13:48:22,4654,5578,3635,261288060,0,0,0
b2206,20220218,20220218,134826500,13:48:27,4654,5578,3635,261288060,0,0,0
b2206,20220218,20220218,134827000,13:48:28,4654,5578,3635,261288060,0,0,0
b2206,20220218,20220218,134828500,13:48:29,4654,5578,3635,261288060,0,0,0
b2206,20220218,20220218,134829500,13:48:30,4654,5578,3635,261288060,0,0,0
b2206,20220218,20220218,134830000,13:48:31,4654,5578,3635,261288060,0,0,0
b2206,20220218,20220218,134840000,13:48:40,4654,5578,3635,261288060,0,0,0
b2206,20220218,20220218,134843500,13:48:43,4654,5578,3635,261288060,0,0,0
b2206,20220218,20220218,134844000,13:48:44,4654,5578,3635,261288060,0,0,0
b2206,20220218,20220218,134844500,13:48:44,4654,5578,3635,261288060,0,0,0
b2206,20220218,20220218,134845000,13:48:45,4654,5578,3635,261288060,0,0,0
b2206,20220218,20220218,134855000,13:48:56,4656,5580,3633,261381180,2,-2,93120
b2206,20220218,20220218,134855500,13:48:56,4656,5580,3633,261381180,0,0,0
b2206,20220218,20220218,134856000,13:48:56,4656,5580,3633,261381180,0,0,0
b2206,20220218,20220218,134856500,13:48:57,4656,5580,3633,261381180,0,0,0
b2206,20220218,20220218,134857000,13:48:57,4656,5580,3633,261381180,0,0,0
b2206,20220218,20220218,134857500,13:48:57,4656,5580,3633,261381180,0,0,0
b2206,20220218,20220218,134858000,13:48:59,4656,5580,3633,261381180,0,0,0
b2206,20220218,20220218,134919000,13:49:19,4656,5580,3633,261381180,0,0,0
b2206,20220218,20220218,134919500,13:49:20,4656,5580,3633,261381180,0,0,0
b2206,20220218,20220218,134920000,13:49:20,4656,5580,3633,261381180,0,0,0
b2206,20220218,20220218,134920500,13:49:20,4656,5580,3633,261381180,0,0,0
b2206,20220218,20220218,134922000,13:49:22,4656,5580,3633,261381180,0,0,0
b2206,20220218,20220218,134922500,13:49:23,4656,5580,3633,261381180,0,0,0
b2206,20220218,20220218,134923000,13:49:24,4656,5580,3633,261381180,0,0,0
b2206,20220218,20220218,134923500,13:49:24,4656,5580,3633,261381180,0,0,0
b2206,20220218,20220218,134924000,13:49:24,4656,5580,3633,261381180,0,0,0
b2206,20220218,20220218,134924500,13:49:25,4656,5580,3633,261381180,0,0,0
b2206,20220218,20220218,134925000,13:49:25,4656,5580,3633,261381180,0,0,0
b2206,20220218,20220218,134925500,13:49:26,4656,5580,3633,261381180,0,0,0
b2206,20220218,20220218,134926000,13:49:26,4656,5580,3633,261381180,0,0,0
b2206,20220218,20220218,134928000,13:49:28,4656,5580,3633,261381180,0,0,0
b2206,20220218,20220218,134928500,13:49:29,4656,5580,3633,261381180,0,0,0
b2206,20220218,20220218,134929500,13:49:29,4656,5580,3633,261381180,0,0,0
b2206,20220218,20220218,134930000,13:49:31,4656,5580,3633,261381180,0,0,0
b2206,20220218,20220218,134930500,13:49:31,4656,5580,3633,261381180,0,0,0
b2206,20220218,20220218,134931000,13:49:31,4656,5580,3633,261381180,0,0,0
b2206,20220218,20220218,134931500,13:49:32,4656,5580,3633,261381180,0,0,0
b2206,20220218,20220218,134932000,13:49:32,4656,5580,3633,261381180,0,0,0
b2206,20220218,20220218,134932500,13:49:32,4656,5580,3633,261381180,0,0,0
b2206,20220218,20220218,134934500,13:49:35,4656,5580,3633,261381180,0,0,0
b2206,20220218,20220218,134935000,13:49:35,4656,5580,3633,261381180,0,0,0
b2206,20220218,20220218,134935500,13:49:36,4656,5580,3633,261381180,0,0,0
b2206,20220218,20220218,134936000,13:49:36,4656,5580,3633,261381180,0,0,0
b2206,20220218,20220218,134936500,13:49:36,4656,5580,3633,261381180,0,0,0
b2206,20220218,20220218,134937000,13:49:37,4656,5580,3633,261381180,0,0,0
b2206,20220218,20220218,134937500,13:49:37,4656,5580,3633,261381180,0,0,0
b2206,20220218,20220218,134938000,13:49:38,4656,5580,3633,261381180,0,0,0
b2206,20220218,20220218,134938500,13:49:38,4656,5580,3633,261381180,0,0,0
b2206,20220218,20220218,134939000,13:49:39,4656,5580,3633,261381180,0,0,0
b2206,20220218,20220218,134939500,13:49:39,4656,5580,3633,261381180,0,0,0
b2206,20220218,20220218,134940000,13:49:40,4656,5580,3633,261381180,0,0,0
b2206,20220218,20220218,134940500,13:49:40,4656,5580,3633,261381180,0,0,0
b2206,20220218,20220218,134941000,13:49:41,4656,5580,3633,261381180,0,0,0
b2206,20220218,20220218,134941500,13:49:42,4656,5580,3633,261381180,0,0,0
b2206,20220218,20220218,134942500,13:49:42,4656,5580,3633,261381180,0,0,0
b2206,20220218,20220218,134943000,13:49:43,4656,5580,3633,261381180,0,0,0
b2206,20220218,20220218,134943500,13:49:44,4656,5580,3633,261381180,0,0,0
b2206,20220218,20220218,134944000,13:49:44,4656,5580,3633,261381180,0,0,0
b2206,20220218,20220218,134945000,13:49:45,4656,5580,3633,261381180,0,0,0
b2206,20220218,20220218,134945500,13:49:46,4656,5580,3633,261381180,0,0,0
b2206,20220218,20220218,134948000,13:49:48,4654,5597,3637,262172360,17,4,791180
b2206,20220218,20220218,134948500,13:49:48,4652,5605,3639,262544580,8,2,372220
b2206,20220218,20220218,134949000,13:49:49,4652,5607,3637,262637620,2,-2,93040
b2206,20220218,20220218,134949500,13:49:50,4652,5607,3637,262637620,0,0,0
b2206,20220218,20220218,134952500,13:49:54,4652,5607,3637,262637620,0,0,0
b2206,20220218,20220218,134953000,13:49:54,4652,5607,3637,262637620,0,0,0
b2206,20220218,20220218,134953500,13:49:55,4652,5607,3637,262637620,0,0,0
b2206,20220218,20220218,134954000,13:49:55,4652,5607,3637,262637620,0,0,0
b2206,20220218,20220218,134954500,13:49:55,4652,5607,3637,262637620,0,0,0
b2206,20220218,20220218,134955000,13:49:55,4652,5607,3637,262637620,0,0,0
b2206,20220218,20220218,134955500,13:49:56,4652,5607,3637,262637620,0,0,0
b2206,20220218,20220218,134956000,13:49:56,4652,5607,3637,262637620,0,0,0
b2206,20220218,20220218,134956500,13:49:57,4651,5609,3637,262730640,2,0,93020
b2206,20220218,20220218,134957000,13:49:57,4651,5609,3637,262730640,0,0,0
b2206,20220218,20220218,134957500,13:49:57,4651,5609,3637,262730640,0,0,0
b2206,20220218,20220218,134958000,13:49:58,4651,5610,3636,262777150,1,-1,46510
b2206,20220218,20220218,134958500,13:49:59,4651,5615,3637,263009700,5,1,232550
b2206,20220218,20220218,134959500,13:49:59,4651,5615,3637,263009700,0,0,0
b2206,20220218,20220218,135000000,13:50:00,4651,5615,3637,263009700,0,0,0
b2206,20220218,20220218,135000500,13:50:00,4651,5615,3637,263009700,0,0,0
b2206,20220218,20220218,135001000,13:50:01,4651,5615,3637,263009700,0,0,0
b2206,20220218,20220218,135002000,13:50:02,4651,5615,3637,263009700,0,0,0
b2206,20220218,20220218,135003000,13:50:03,4651,5615,3637,263009700,0,0,0
b2206,20220218,20220218,135004000,13:50:04,4651,5615,3637,263009700,0,0,0
b2206,20220218,20220218,135006500,13:50:07,4653,5617,3639,263102760,2,2,93060
b2206,20220218,20220218,135007000,13:50:07,4653,5617,3639,263102760,0,0,0
b2206,20220218,20220218,135007500,13:50:09,4653,5617,3639,263102760,0,0,0
b2206,20220218,20220218,135008000,13:50:17,4653,5617,3639,263102760,0,0,0
b2206,20220218,20220218,135008500,13:50:25,4653,5617,3639,263102760,0,0,0
b2206,20220218,20220218,135009000,13:50:26,4653,5617,3639,263102760,0,0,0
b2206,20220218,20220218,135009500,13:50:26,4653,5617,3639,263102760,0,0,0
b2206,20220218,20220218,135018500,13:50:27,4653,5617,3639,263102760,0,0,0
b2206,20220218,20220218,135049000,13:50:49,4653,5617,3639,263102760,0,0,0
b2206,20220218,20220218,135102000,13:51:02,4653,5617,3639,263102760,0,0,0
b2206,20220218,20220218,135102500,13:51:02,4653,5617,3639,263102760,0,0,0
b2206,20220218,20220218,135119500,13:51:21,4653,5617,3639,263102760,0,0,0
b2206,20220218,20220218,135123500,13:51:23,4653,5617,3639,263102760,0,0,0
b2206,20220218,20220218,135124000,13:51:24,4653,5617,3639,263102760,0,0,0
b2206,20220218,20220218,135156500,13:51:57,4653,5617,3639,263102760,0,0,0
b2206,20220218,20220218,135159000,13:51:59,4653,5617,3639,263102760,0,0,0
b2206,20220218,20220218,135200000,13:52:00,4653,5617,3639,263102760,0,0,0
b2206,20220218,20220218,135201000,13:52:01,4653,5617,3639,263102760,0,0,0
b2206,20220218,20220218,135201500,13:52:03,4653,5617,3639,263102760,0,0,0
b2206,20220218,20220218,135202000,13:52:03,4653,5617,3639,263102760,0,0,0
b2206,20220218,20220218,135202500,13:52:03,4653,5617,3639,263102760,0,0,0
b2206,20220218,20220218,135203000,13:52:04,4653,5617,3639,263102760,0,0,0
b2206,20220218,20220218,135203500,13:52:04,4653,5617,3639,263102760,0,0,0
b2206,20220218,20220218,135211000,13:52:12,4653,5617,3639,263102760,0,0,0
b2206,20220218,20220218,135211500,13:52:12,4653,5617,3639,263102760,0,0,0
b2206,20220218,20220218,135214000,13:52:14,4653,5617,3639,263102760,0,0,0
b2206,20220218,20220218,135216000,13:52:16,4653,5617,3639,263102760,0,0,0
b2206,20220218,20220218,135218000,13:52:19,4653,5617,3639,263102760,0,0,0
b2206,20220218,20220218,135218500,13:52:20,4653,5617,3639,263102760,0,0,0
b2206,20220218,20220218,135242500,13:52:45,4653,5617,3639,263102760,0,0,0
b2206,20220218,20220218,135249000,13:52:49,4653,5617,3639,263102760,0,0,0
b2206,20220218,20220218,135249500,13:52:50,4653,5617,3639,263102760,0,0,0
b2206,20220218,20220218,135250000,13:52:50,4653,5617,3639,263102760,0,0,0
b2206,20220218,20220218,135250500,13:52:51,4653,5617,3639,263102760,0,0,0
b2206,20220218,20220218,135252000,13:52:52,4653,5617,3639,263102760,0,0,0
b2206,20220218,20220218,135252500,13:52:53,4653,5617,3639,263102760,0,0,0
b2206,20220218,20220218,135303500,13:53:04,4653,5617,3639,263102760,0,0,0
b2206,20220218,20220218,135305500,13:53:08,4653,5617,3639,263102760,0,0,0
b2206,20220218,20220218,135306000,13:53:08,4653,5617,3639,263102760,0,0,0
b2206,20220218,20220218,135309500,13:53:09,4653,5617,3639,263102760,0,0,0
b2206,20220218,20220218,135310000,13:53:10,4653,5617,3639,263102760,0,0,0
b2206,20220218,20220218,135310500,13:53:11,4653,5617,3639,263102760,0,0,0
b2206,20220218,20220218,135311000,13:53:11,4653,5617,3639,263102760,0,0,0
b2206,20220218,20220218,135311500,13:53:12,4653,5617,3639,263102760,0,0,0
b2206,20220218,20220218,135312000,13:53:12,4653,5617,3639,263102760,0,0,0
b2206,20220218,20220218,135312500,13:53:13,4653,5617,3639,263102760,0,0,0
b2206,20220218,20220218,135313000,13:53:13,4653,5617,3639,263102760,0,0,0
b2206,20220218,20220218,135313500,13:53:13,4653,5617,3639,263102760,0,0,0
b2206,20220218,20220218,135314000,13:53:14,4653,5617,3639,263102760,0,0,0
b2206,20220218,20220218,135314500,13:53:15,4653,5617,3639,263102760,0,0,0
b2206,20220218,20220218,135316500,13:53:20,4653,5617,3639,263102760,0,0,0
b2206,20220218,20220218,135317500,13:53:20,4653,5617,3639,263102760,0,0,0
b2206,20220218,20220218,135319500,13:53:20,4653,5617,3639,263102760,0,0,0
b2206,20220218,20220218,135320000,13:53:20,4653,5617,3639,263102760,0,0,0
b2206,20220218,20220218,135320500,13:53:21,4653,5617,3639,263102760,0,0,0
b2206,20220218,20220218,135321000,13:53:21,4653,5617,3639,263102760,0,0,0
b2206,20220218,20220218,135321500,13:53:22,4653,5617,3639,263102760,0,0,0
b2206,20220218,20220218,135322000,13:53:22,4653,5617,3639,263102760,0,0,0
b2206,20220218,20220218,135323000,13:53:23,4653,5617,3639,263102760,0,0,0
b2206,20220218,20220218,135323500,13:53:23,4653,5617,3639,263102760,0,0,0
b2206,20220218,20220218,135324000,13:53:24,4653,5617,3639,263102760,0,0,0
b2206,20220218,20220218,135324500,13:53:26,4653,5617,3639,263102760,0,0,0
b2206,20220218,20220218,135325000,13:53:26,4653,5617,3639,263102760,0,0,0
b2206,20220218,20220218,135325500,13:53:26,4653,5617,3639,263102760,0,0,0
b2206,20220218,20220218,135326000,13:53:26,4653,5617,3639,263102760,0,0,0
b2206,20220218,20220218,135326500,13:53:26,4653,5617,3639,263102760,0,0,0
b2206,20220218,20220218,135327500,13:53:28,4653,5617,3639,263102760,0,0,0
b2206,20220218,20220218,135329000,13:53:29,4653,5617,3639,263102760,0,0,0
b2206,20220218,20220218,135331000,13:53:31,4653,5617,3639,263102760,0,0,0
b2206,20220218,20220218,135331500,13:53:32,4653,5617,3639,263102760,0,0,0
b2206,20220218,20220218,135333000,13:53:33,4653,5617,3639,263102760,0,0,0
b2206,20220218,20220218,135333500,13:53:33,4653,5617,3639,263102760,0,0,0
b2206,20220218,20220218,135334000,13:53:35,4653,5617,3639,263102760,0,0,0
b2206,20220218,20220218,135336000,13:53:44,4653,5617,3639,263102760,0,0,0
b2206,20220218,20220218,135336500,13:53:44,4653,5617,3639,263102760,0,0,0
b2206,20220218,20220218,135337000,13:53:45,4653,5617,3639,263102760,0,0,0
b2206,20220218,20220218,135342500,13:53:45,4653,5617,3639,263102760,0,0,0
b2206,20220218,20220218,135344500,13:53:45,4653,5617,3639,263102760,0,0,0
b2206,20220218,20220218,135345500,13:53:46,4653,5617,3639,263102760,0,0,0
b2206,20220218,20220218,135346000,13:53:47,4653,5617,3639,263102760,0,0,0
b2206,20220218,20220218,135346500,13:53:47,4653,5617,3639,263102760,0,0,0
b2206,20220218,20220218,135347000,13:53:47,4653,5617,3639,263102760,0,0,0
b2206,20220218,20220218,135347500,13:53:47,4653,5617,3639,263102760,0,0,0
b2206,20220218,20220218,135349000,13:53:49,4653,5617,3639,263102760,0,0,0
b2206,20220218,20220218,135349500,13:53:50,4653,5617,3639,263102760,0,0,0
b2206,20220218,20220218,135350000,13:53:50,4653,5617,3639,263102760,0,0,0
b2206,20220218,20220218,135350500,13:53:52,4653,5617,3639,263102760,0,0,0
b2206,20220218,20220218,135352500,13:53:53,4653,5617,3639,263102760,0,0,0
b2206,20220218,20220218,135353000,13:53:53,4653,5617,3639,263102760,0,0,0
b2206,20220218,20220218,135354000,13:53:55,4653,5617,3639,263102760,0,0,0
b2206,20220218,20220218,135354500,13:53:55,4653,5617,3639,263102760,0,0,0
b2206,20220218,20220218,135355000,13:53:55,4653,5617,3639,263102760,0,0,0
b2206,20220218,20220218,135355500,13:53:56,4653,5617,3639,263102760,0,0,0
b2206,20220218,20220218,135356000,13:53:56,4653,5617,3639,263102760,0,0,0
b2206,20220218,20220218,135356500,13:53:57,4653,5617,3639,263102760,0,0,0
b2206,20220218,20220218,135357000,13:53:57,4653,5617,3639,263102760,0,0,0
b2206,20220218,20220218,135359000,13:54:00,4653,5617,3639,263102760,0,0,0
b2206,20220218,20220218,135407500,13:54:09,4653,5617,3639,263102760,0,0,0
b2206,20220218,20220218,135409500,13:54:10,4653,5617,3639,263102760,0,0,0
b2206,20220218,20220218,135411500,13:54:12,4653,5617,3639,263102760,0,0,0
b2206,20220218,20220218,135412000,13:54:12,4653,5617,3639,263102760,0,0,0
b2206,20220218,20220218,135414000,13:54:14,4653,5617,3639,263102760,0,0,0
b2206,20220218,20220218,135416000,13:54:16,4653,5617,3639,263102760,0,0,0
b2206,20220218,20220218,135416500,13:54:16,4653,5617,3639,263102760,0,0,0
b2206,20220218,20220218,135417500,13:54:18,4653,5617,3639,263102760,0,0,0
b2206,20220218,20220218,135418000,13:54:18,4653,5617,3639,263102760,0,0,0
b2206,20220218,20220218,135418500,13:54:18,4653,5617,3639,263102760,0,0,0
b2206,20220218,20220218,135419000,13:54:19,4653,5617,3639,263102760,0,0,0
b2206,20220218,20220218,135419500,13:54:19,4653,5617,3639,263102760,0,0,0
b2206,20220218,20220218,135420000,13:54:20,4653,5617,3639,263102760,0,0,0
b2206,20220218,20220218,135420500,13:54:21,4653,5617,3639,263102760,0,0,0
b2206,20220218,20220218,135421000,13:54:21,4653,5617,3639,263102760,0,0,0
b2206,20220218,20220218,135422500,13:54:22,4653,5617,3639,263102760,0,0,0
b2206,20220218,20220218,135423000,13:54:23,4653,5617,3639,263102760,0,0,0
b2206,20220218,20220218,135425000,13:54:25,4653,5617,3639,263102760,0,0,0
b2206,20220218,20220218,135427000,13:54:28,4653,5617,3639,263102760,0,0,0
b2206,20220218,20220218,135427500,13:54:28,4653,5617,3639,263102760,0,0,0
b2206,20220218,20220218,135428500,13:54:30,4653,5617,3639,263102760,0,0,0
b2206,20220218,20220218,135430000,13:54:31,4653,5617,3639,263102760,0,0,0
b2206,20220218,20220218,135431000,13:54:32,4653,5617,3639,263102760,0,0,0
b2206,20220218,20220218,135431500,13:54:32,4653,5617,3639,263102760,0,0,0
b2206,20220218,20220218,135432000,13:54:32,4653,5617,3639,263102760,0,0,0
b2206,20220218,20220218,135434000,13:54:34,4653,5617,3639,263102760,0,0,0
b2206,20220218,20220218,135434500,13:54:34,4653,5617,3639,263102760,0,0,0
b2206,20220218,20220218,135436500,13:54:36,4653,5617,3639,263102760,0,0,0
b2206,20220218,20220218,135438500,13:54:39,4653,5617,3639,263102760,0,0,0
b2206,20220218,20220218,135439000,13:54:39,4653,5617,3639,263102760,0,0,0
b2206,20220218,20220218,135439500,13:54:40,4653,5617,3639,263102760,0,0,0
b2206,20220218,20220218,135440000,13:54:40,4653,5617,3639,263102760,0,0,0
b2206,20220218,20220218,135458500,13:54:59,4653,5617,3639,263102760,0,0,0
b2206,20220218,20220218,135459000,13:54:59,4653,5617,3639,263102760,0,0,0
b2206,20220218,20220218,135503500,13:55:04,4653,5617,3639,263102760,0,0,0
b2206,20220218,20220218,135504000,13:55:04,4653,5617,3639,263102760,0,0,0
b2206,20220218,20220218,135504500,13:55:05,4653,5617,3639,263102760,0,0,0
b2206,20220218,20220218,135507000,13:55:11,4653,5617,3639,263102760,0,0,0
b2206,20220218,20220218,135507500,13:55:11,4653,5617,3639,263102760,0,0,0
b2206,20220218,20220218,135508000,13:55:12,4653,5617,3639,263102760,0,0,0
b2206,20220218,20220218,135511000,13:55:12,4653,5617,3639,263102760,0,0,0
b2206,20220218,20220218,135513000,13:55:13,4653,5617,3639,263102760,0,0,0
b2206,20220218,20220218,135515000,13:55:15,4653,5617,3639,263102760,0,0,0
b2206,20220218,20220218,135517000,13:55:21,4653,5617,3639,263102760,0,0,0
b2206,20220218,20220218,135519000,13:55:25,4653,5617,3639,263102760,0,0,0
b2206,20220218,20220218,135521000,13:55:25,4653,5617,3639,263102760,0,0,0
b2206,20220218,20220218,135523000,13:55:25,4653,5617,3639,263102760,0,0,0
b2206,20220218,20220218,135525000,13:55:26,4653,5617,3639,263102760,0,0,0
b2206,20220218,20220218,135526500,13:55:27,4653,5617,3639,263102760,0,0,0
b2206,20220218,20220218,135527000,13:55:27,4653,5617,3639,263102760,0,0,0
b2206,20220218,20220218,135528000,13:55:28,4653,5617,3639,263102760,0,0,0
b2206,20220218,20220218,135529000,13:55:29,4653,5617,3639,263102760,0,0,0
b2206,20220218,20220218,135529500,13:55:30,4653,5617,3639,263102760,0,0,0
b2206,20220218,20220218,135531000,13:55:31,4653,5617,3639,263102760,0,0,0
b2206,20220218,20220218,135531500,13:55:32,4653,5617,3639,263102760,0,0,0
b2206,20220218,20220218,135533000,13:55:33,4653,5617,3639,263102760,0,0,0
b2206,20220218,20220218,135535000,13:55:35,4653,5617,3639,263102760,0,0,0
b2206,20220218,20220218,135537000,13:55:37,4653,5617,3639,263102760,0,0,0
b2206,20220218,20220218,135537500,13:55:37,4653,5617,3639,263102760,0,0,0
b2206,20220218,20220218,135539000,13:55:39,4653,5617,3639,263102760,0,0,0
b2206,20220218,20220218,135541000,13:55:41,4653,5617,3639,263102760,0,0,0
b2206,20220218,20220218,135543000,13:55:45,4653,5617,3639,263102760,0,0,0
b2206,20220218,20220218,135544500,13:55:45,4653,5617,3639,263102760,0,0,0
b2206,20220218,20220218,135545000,13:55:45,4653,5617,3639,263102760,0,0,0
b2206,20220218,20220218,135545500,13:55:46,4653,5617,3639,263102760,0,0,0
b2206,20220218,20220218,135546000,13:55:46,4653,5617,3639,263102760,0,0,0
b2206,20220218,20220218,135546500,13:55:47,4653,5617,3639,263102760,0,0,0
b2206,20220218,20220218,135547000,13:55:47,4653,5617,3639,263102760,0,0,0
b2206,20220218,20220218,135549000,13:55:50,4653,5617,3639,263102760,0,0,0
b2206,20220218,20220218,135549500,13:55:50,4653,5617,3639,263102760,0,0,0
b2206,20220218,20220218,135551000,13:55:52,4653,5617,3639,263102760,0,0,0
b2206,20220218,20220218,135553000,13:55:53,4653,5617,3639,263102760,0,0,0
b2206,20220218,20220218,135553500,13:55:54,4653,5617,3639,263102760,0,0,0
b2206,20220218,20220218,135555500,13:55:57,4653,5617,3639,263102760,0,0,0
b2206,20220218,20220218,135556500,13:55:58,4653,5617,3639,263102760,0,0,0
b2206,20220218,20220218,135557000,13:55:58,4653,5617,3639,263102760,0,0,0
b2206,20220218,20220218,135559000,13:55:59,4653,5617,3639,263102760,0,0,0
b2206,20220218,20220218,135601000,13:56:03,4653,5617,3639,263102760,0,0,0
b2206,20220218,20220218,135603000,13:56:19,4653,5617,3639,263102760,0,0,0
b2206,20220218,20220218,135610500,13:56:23,4653,5617,3639,263102760,0,0,0
b2206,20220218,20220218,135620500,13:56:24,4653,5617,3639,263102760,0,0,0
b2206,20220218,20220218,135639500,13:56:39,4653,5617,3639,263102760,0,0,0
b2206,20220218,20220218,135641500,13:56:42,4653,5617,3639,263102760,0,0,0
b2206,20220218,20220218,135642000,13:56:43,4653,5617,3639,263102760,0,0,0
b2206,20220218,20220218,135642500,13:56:43,4653,5617,3639,263102760,0,0,0
b2206,20220218,20220218,135647000,13:56:48,4653,5617,3639,263102760,0,0,0
b2206,20220218,20220218,135647500,13:56:48,4653,5617,3639,263102760,0,0,0
b2206,20220218,20220218,135648000,13:56:50,4653,5617,3639,263102760,0,0,0
b2206,20220218,20220218,135648500,13:56:50,4653,5617,3639,263102760,0,0,0
b2206,20220218,20220218,135701500,13:57:02,4653,5617,3639,263102760,0,0,0
b2206,20220218,20220218,135702000,13:57:02,4653,5617,3639,263102760,0,0,0
b2206,20220218,20220218,135702500,13:57:02,4659,5630,3639,263708310,13,0,605550
b2206,20220218,20220218,135703000,13:57:03,4659,5630,3639,263708310,0,0,0
b2206,20220218,20220218,135703500,13:57:04,4659,5630,3639,263708310,0,0,0
b2206,20220218,20220218,135704000,13:57:04,4659,5630,3639,263708310,0,0,0
b2206,20220218,20220218,135704500,13:57:04,4659,5630,3639,263708310,0,0,0
