c2205,20220218,20220218,112003000,11:20:08,2773,192182,1179033,5337173610,192182,-10361,5337173610
c2205,20220218,20220218,112004500,11:20:09,2773,192182,1179033,5337173610,0,0,0
c2205,20220218,20220218,112005000,11:20:10,2774,192635,1178913,5349739830,453,-120,12566220
c2205,20220218,20220218,112006000,11:20:10,2774,192635,1178913,5349739830,0,0,0
c2205,20220218,20220218,112006500,11:20:10,2774,192635,1178913,5349739830,0,0,0
c2205,20220218,20220218,112007000,11:20:10,2774,192635,1178913,5349739830,0,0,0
c2205,20220218,20220218,112007500,11:20:10,2774,192635,1178913,5349739830,0,0,0
c2205,20220218,20220218,112008000,11:20:10,2774,192635,1178913,5349739830,0,0,0
c2205,20220218,20220218,112008500,11:20:10,2774,192635,1178913,5349739830,0,0,0
c2205,20220218,20220218,112009000,11:20:10,2774,192635,1178913,5349739830,0,0,0
c2205,20220218,20220218,112010000,11:20:10,2774,192635,1178913,5349739830,0,0,0
c2205,20220218,20220218,112010500,11:20:10,2774,192635,1178913,5349739830,0,0,0
c2205,20220218,20220218,112011000,11:20:11,2774,192635,1178913,5349739830,0,0,0
c2205,20220218,20220218,112011500,11:20:12,2774,192878,1178842,5356480660,243,-71,6740830
c2205,20220218,20220218,112012000,11:20:12,2774,192878,1178842,5356480660,0,0,0
c2205,20220218,20220218,112012500,11:20:12,2774,192878,1178842,5356480660,0,0,0
c2205,20220218,20220218,112013000,11:20:13,2774,192878,1178842,5356480660,0,0,0
c2205,20220218,20220218,112015000,11:20:15,2774,192878,1178842,5356480660,0,0,0
c2205,20220218,20220218,112015500,11:20:16,2774,192878,1178842,5356480660,0,0,0
c2205,20220218,20220218,112016000,11:20:16,2774,192878,1178842,5356480660,0,0,0
c2205,20220218,20220218,112016500,11:20:16,2774,192883,1178837,5356619360,5,-5,138700
c2205,20220218,20220218,112017000,11:20:17,2774,192883,1178837,5356619360,0,0,0
c2205,20220218,20220218,112018500,11:20:18,2774,192884,1178836,5356647100,1,-1,27740
c2205,20220218,20220218,112019000,11:20:19,2775,192886,1178835,5356702590,2,-1,55490
c2205,20220218,20220218,112019500,11:20:20,2775,192886,1178835,5356702590,0,0,0
c2205,20220218,20220218,112020500,11:20:21,2775,192886,1178835,5356702590,0,0,0
c2205,20220218,20220218,112021500,11:20:21,2775,192886,1178835,5356702590,0,0,0
c2205,20220218,20220218,112022000,11:20:22,2775,192886,1178835,5356702590,0,0,0
c2205,20220218,20220218,112022500,11:20:23,2775,192886,1178835,5356702590,0,0,0
c2205,20220218,20220218,112023000,11:20:23,2775,192886,1178835,5356702590,0,0,0
c2205,20220218,20220218,112023500,11:20:23,2774,192887,1178835,5356730330,1,0,27740
c2205,20220218,20220218,112024500,11:20:24,2774,192887,1178835,5356730330,0,0,0
c2205,20220218,20220218,112025000,11:20:25,2775,192888,1178835,5356758080,1,0,27750
c2205,20220218,20220218,112025500,11:20:25,2775,192888,1178835,5356758080,0,0,0
c2205,20220218,20220218,112026500,11:20:26,2775,192888,1178835,5356758080,0,0,0
c2205,20220218,20220218,112027000,11:20:27,2775,192888,1178835,5356758080,0,0,0
c2205,20220218,20220218,112027500,11:20:28,2775,192889,1178834,5356785830,1,-1,27750
c2205,20220218,20220218,112028000,11:20:28,2775,192889,1178834,5356785830,0,0,0
c2205,20220218,20220218,112028500,11:20:28,2774,192890,1178833,5356813570,1,-1,27740
c2205,20220218,20220218,112029000,11:20:29,2774,192891,1178832,5356841310,1,-1,27740
c2205,20220218,20220218,112029500,11:20:30,2774,192891,1178832,5356841310,0,0,0
c2205,20220218,20220218,112030000,11:20:31,2774,192891,1178832,5356841310,0,0,0
c2205,20220218,20220218,112030500,11:20:31,2774,192891,1178832,5356841310,0,0,0
c2205,20220218,20220218,112031000,11:20:32,2774,192892,1178831,5356869050,1,-1,27740
c2205,20220218,20220218,112031500,11:20:32,2774,192892,1178831,5356869050,0,0,0
c2205,20220218,20220218,112032000,11:20:32,2774,192892,1178831,5356869050,0,0,0
c2205,20220218,20220218,112033500,11:20:33,2774,192892,1178831,5356869050,0,0,0
c2205,20220218,20220218,112034000,11:20:34,2774,192892,1178831,5356869050,0,0,0
c2205,20220218,20220218,112034500,11:20:34,2774,192892,1178831,5356869050,0,0,0
c2205,20220218,20220218,112035500,11:20:35,2774,192892,1178831,5356869050,0,0,0
c2205,20220218,20220218,112036000,11:20:36,2774,192892,1178831,5356869050,0,0,0
c2205,20220218,20220218,112036500,11:20:37,2774,192893,1178830,5356896790,1,-1,27740
c2205,20220218,20220218,112037000,11:20:37,2774,192893,1178830,5356896790,0,0,0
c2205,20220218,20220218,112037500,11:20:38,2774,192893,1178830,5356896790,0,0,0
c2205,20220218,20220218,112038000,11:20:38,2774,192893,1178830,5356896790,0,0,0
c2205,20220218,20220218,112038500,11:20:38,2774,192893,1178830,5356896790,0,0,0
c2205,20220218,20220218,112041000,11:20:41,2774,192893,1178830,5356896790,0,0,0
c2205,20220218,20220218,112042000,11:20:42,2774,192893,1178830,5356896790,0,0,0
c2205,20220218,20220218,112043000,11:20:43,2774,192900,1178823,5357090970,7,-7,194180
c2205,20220218,20220218,112043500,11:20:44,2774,192902,1178822,5357146460,2,-1,55490
c2205,20220218,20220218,112044000,11:20:44,2774,192902,1178822,5357146460,0,0,0
c2205,20220218,20220218,112044500,11:20:45,2774,192902,1178822,5357146460,0,0,0
c2205,20220218,20220218,112045000,11:20:45,2774,192902,1178822,5357146460,0,0,0
c2205,20220218,20220218,112045500,11:20:46,2774,192902,1178822,5357146460,0,0,0
c2205,20220218,20220218,112046000,11:20:46,2775,192903,1178821,5357174210,1,-1,27750
c2205,20220218,20220218,112046500,11:20:46,2775,192903,1178821,5357174210,0,0,0
c2205,20220218,20220218,112047500,11:20:48,2775,192903,1178821,5357174210,0,0,0
c2205,20220218,20220218,112048000,11:20:48,2775,192903,1178821,5357174210,0,0,0
c2205,20220218,20220218,112048500,11:20:50,2775,192903,1178821,5357174210,0,0,0
c2205,20220218,20220218,112049500,11:20:50,2775,192903,1178821,5357174210,0,0,0
c2205,20220218,20220218,112050500,11:20:51,2775,192903,1178821,5357174210,0,0,0
c2205,20220218,20220218,112051000,11:20:51,2775,192903,1178821,5357174210,0,0,0
c2205,20220218,20220218,112051500,11:20:51,2775,192903,1178821,5357174210,0,0,0
c2205,20220218,20220218,112052000,11:20:53,2775,192903,1178821,5357174210,0,0,0
c2205,20220218,20220218,112052500,11:20:53,2775,192905,1178820,5357229700,2,-1,55490
c2205,20220218,20220218,112053500,11:20:53,2775,192905,1178820,5357229700,0,0,0
c2205,20220218,20220218,112054500,11:20:55,2775,192905,1178820,5357229700,0,0,0
c2205,20220218,20220218,112055000,11:20:55,2775,192905,1178820,5357229700,0,0,0
c2205,20220218,20220218,112055500,11:20:56,2775,192905,1178820,5357229700,0,0,0
c2205,20220218,20220218,112056000,11:20:56,2774,192906,1178819,5357257440,1,-1,27740
c2205,20220218,20220218,112056500,11:20:57,2775,192913,1178814,5357451640,7,-5,194200
c2205,20220218,20220218,112057000,11:20:58,2775,192913,1178814,5357451640,0,0,0
c2205,20220218,20220218,112057500,11:20:58,2775,192913,1178814,5357451640,0,0,0
c2205,20220218,20220218,112058000,11:20:58,2775,192913,1178814,5357451640,0,0,0
c2205,20220218,20220218,112058500,11:20:59,2775,192913,1178814,5357451640,0,0,0
c2205,20220218,20220218,112059000,11:20:59,2775,192913,1178814,5357451640,0,0,0
c2205,20220218,20220218,112059500,11:21:00,2774,192925,1178814,5357784520,12,0,332880
c2205,20220218,20220218,112102000,11:21:03,2774,192925,1178814,5357784520,0,0,0
c2205,20220218,20220218,112102500,11:21:03,2774,192925,1178814,5357784520,0,0,0
c2205,20220218,20220218,112103500,11:21:04,2774,192925,1178814,5357784520,0,0,0
c2205,20220218,20220218,112104000,11:21:04,2774,192925,1178814,5357784520,0,0,0
c2205,20220218,20220218,112104500,11:21:05,2774,192925,1178814,5357784520,0,0,0
c2205,20220218,20220218,112105500,11:21:07,2774,192925,1178814,5357784520,0,0,0
c2205,20220218,20220218,112106000,11:21:07,2774,192925,1178814,5357784520,0,0,0
c2205,20220218,20220218,112107500,11:21:10,2774,192925,1178814,5357784520,0,0,0
c2205,20220218,20220218,112108500,11:21:10,2774,192925,1178814,5357784520,0,0,0
c2205,20220218,20220218,112110000,11:21:10,2774,192925,1178814,5357784520,0,0,0
c2205,20220218,20220218,112110500,11:21:11,2774,192925,1178814,5357784520,0,0,0
c2205,20220218,20220218,112111000,11:21:11,2774,192925,1178814,5357784520,0,0,0
c2205,20220218,20220218,112111500,11:21:12,2775,192930,1178814,5357923260,5,0,138740
c2205,20220218,20220218,112112000,11:21:12,2775,192930,1178814,5357923260,0,0,0
c2205,20220218,20220218,112113000,11:21:13,2775,192930,1178814,5357923260,0,0,0
c2205,20220218,20220218,112114500,11:21:14,2775,192931,1178814,5357951010,1,0,27750
c2205,20220218,20220218,112115000,11:21:15,2775,192931,1178814,5357951010,0,0,0
c2205,20220218,20220218,112115500,11:21:15,2775,192931,1178814,5357951010,0,0,0
c2205,20220218,20220218,112116000,11:21:16,2775,192931,1178814,5357951010,0,0,0
c2205,20220218,20220218,112116500,11:21:17,2775,192931,1178814,5357951010,0,0,0
c2205,20220218,20220218,112117000,11:21:17,2775,192931,1178814,5357951010,0,0,0
c2205,20220218,20220218,112117500,11:21:18,2775,192931,1178814,5357951010,0,0,0
c2205,20220218,20220218,112118000,11:21:18,2774,192934,1178814,5358034230,3,0,83220
c2205,20220218,20220218,112118500,11:21:18,2774,192934,1178814,5358034230,0,0,0
c2205,20220218,20220218,112119000,11:21:19,2774,192934,1178814,5358034230,0,0,0
c2205,20220218,20220218,112120000,11:21:20,2775,192935,1178814,5358061980,1,0,27750
c2205,20220218,20220218,112120500,11:21:22,2775,192935,1178814,5358061980,0,0,0
c2205,20220218,20220218,112121000,11:21:22,2775,192935,1178814,5358061980,0,0,0
c2205,20220218,20220218,112121500,11:21:22,2775,192937,1178814,5358117470,2,0,55490
c2205,20220218,20220218,112122000,11:21:22,2775,192937,1178814,5358117470,0,0,0
c2205,20220218,20220218,112123000,11:21:23,2775,192937,1178814,5358117470,0,0,0
c2205,20220218,20220218,112123500,11:21:24,2775,192937,1178814,5358117470,0,0,0
c2205,20220218,20220218,112124000,11:21:24,2775,192937,1178814,5358117470,0,0,0
c2205,20220218,20220218,112124500,11:21:25,2775,192938,1178813,5358145220,1,-1,27750
c2205,20220218,20220218,112125500,11:23:32,2775,192938,1178813,5358145220,0,0,0
c2205,20220218,20220218,112126000,11:23:33,2775,192939,1178812,5358172970,1,-1,27750
c2205,20220218,20220218,112332000,11:23:33,2775,192939,1178812,5358172970,0,0,0
c2205,20220218,20220218,112335000,11:23:35,2774,193145,1178809,5363887970,206,-3,5715000
c2205,20220218,20220218,112335500,11:23:35,2774,193145,1178809,5363887970,0,0,0
c2205,20220218,20220218,112336000,11:23:36,2775,193150,1178809,5364026680,5,0,138710
c2205,20220218,20220218,112336500,11:23:38,2775,193150,1178809,5364026680,0,0,0
c2205,20220218,20220218,112339000,11:23:39,2775,193150,1178809,5364026680,0,0,0
c2205,20220218,20220218,112339500,11:23:39,2775,193150,1178809,5364026680,0,0,0
c2205,20220218,20220218,112340000,11:23:40,2774,193154,1178805,5364137670,4,-4,110990
c2205,20220218,20220218,112340500,11:23:40,2774,193154,1178805,5364137670,0,0,0
c2205,20220218,20220218,112342000,11:23:42,2774,193154,1178805,5364137670,0,0,0
c2205,20220218,20220218,112342500,11:23:42,2775,193157,1178805,5364220920,3,0,83250
c2205,20220218,20220218,112344500,11:23:48,2774,193158,1178804,5364248660,1,-1,27740
c2205,20220218,20220218,112345000,11:23:48,2774,193162,1178800,5364359620,4,-4,110960
c2205,20220218,20220218,112345500,11:23:48,2774,193162,1178800,5364359620,0,0,0
c2205,20220218,20220218,112348000,11:23:48,2774,193167,1178795,5364498330,5,-5,138710
c2205,20220218,20220218,112348500,11:23:49,2774,193167,1178795,5364498330,0,0,0
c2205,20220218,20220218,112349500,11:23:50,2775,193170,1178796,5364581580,3,1,83250
c2205,20220218,20220218,112350000,11:23:50,2775,193173,1178799,5364664830,3,3,83250
c2205,20220218,20220218,112350500,11:23:50,2775,193184,1178803,5364970080,11,4,305250
c2205,20220218,20220218,112351000,11:23:51,2775,193185,1178803,5364997830,1,0,27750
c2205,20220218,20220218,112352500,11:23:52,2775,193191,1178803,5365164330,6,0,166500
c2205,20220218,20220218,112353000,11:23:53,2775,193194,1178802,5365247570,3,-1,83240
c2205,20220218,20220218,112353500,11:23:53,2775,193195,1178802,5365275320,1,0,27750
c2205,20220218,20220218,112354000,11:23:54,2775,193200,1178803,5365414070,5,1,138750
c2205,20220218,20220218,112354500,11:23:55,2775,193200,1178803,5365414070,0,0,0
c2205,20220218,20220218,112355000,11:23:55,2775,193200,1178803,5365414070,0,0,0
c2205,20220218,20220218,112356500,11:23:56,2775,193200,1178803,5365414070,0,0,0
c2205,20220218,20220218,112357000,11:23:57,2774,193201,1178803,5365441810,1,0,27740
c2205,20220218,20220218,112357500,11:23:57,2774,193201,1178803,5365441810,0,0,0
c2205,20220218,20220218,112358500,11:23:58,2774,193201,1178803,5365441810,0,0,0
c2205,20220218,20220218,112359000,11:23:59,2775,193211,1178804,5365719310,10,1,277500
c2205,20220218,20220218,112359500,11:23:59,2775,193224,1178814,5366080060,13,10,360750
c2205,20220218,20220218,112400000,11:24:00,2775,193224,1178814,5366080060,0,0,0
c2205,20220218,20220218,112401000,11:24:01,2775,193224,1178814,5366080060,0,0,0
c2205,20220218,20220218,112403500,11:24:04,2775,193224,1178814,5366080060,0,0,0
c2205,20220218,20220218,112404000,11:24:04,2775,193224,1178814,5366080060,0,0,0
c2205,20220218,20220218,112405500,11:24:05,2774,193225,1178813,5366107800,1,-1,27740
c2205,20220218,20220218,112406000,11:24:06,2774,193225,1178813,5366107800,0,0,0
c2205,20220218,20220218,112407500,11:24:08,2774,193225,1178813,5366107800,0,0,0
c2205,20220218,20220218,112408500,11:24:08,2774,193225,1178813,5366107800,0,0,0
c2205,20220218,20220218,112409000,11:24:09,2774,193225,1178813,5366107800,0,0,0
c2205,20220218,20220218,112409500,11:24:11,2774,193225,1178813,5366107800,0,0,0
c2205,20220218,20220218,112411500,11:24:12,2775,193226,1178813,5366135550,1,0,27750
c2205,20220218,20220218,112414000,11:24:14,2775,193226,1178813,5366135550,0,0,0
c2205,20220218,20220218,112414500,11:24:15,2775,193226,1178813,5366135550,0,0,0
c2205,20220218,20220218,112415000,11:24:15,2775,193226,1178813,5366135550,0,0,0
c2205,20220218,20220218,112415500,11:24:15,2775,193227,1178814,5366163300,1,1,27750
c2205,20220218,20220218,112416000,11:24:16,2774,193247,1178796,5366718110,20,-18,554810
c2205,20220218,20220218,112416500,11:24:17,2775,193252,1178799,5366856860,5,3,138750
c2205,20220218,20220218,112417000,11:24:17,2775,193255,1178799,5366940110,3,0,83250
c2205,20220218,20220218,112418000,11:24:18,2774,193256,1178799,5366967850,1,0,27740
c2205,20220218,20220218,112418500,11:24:19,2774,193256,1178799,5366967850,0,0,0
c2205,20220218,20220218,112419000,11:24:19,2774,193256,1178799,5366967850,0,0,0
c2205,20220218,20220218,112419500,11:24:20,2774,193256,1178799,5366967850,0,0,0
c2205,20220218,20220218,112421000,11:24:21,2774,193256,1178799,5366967850,0,0,0
c2205,20220218,20220218,112421500,11:24:22,2774,193257,1178798,5366995590,1,-1,27740
c2205,20220218,20220218,112422000,11:24:22,2774,193257,1178798,5366995590,0,0,0
c2205,20220218,20220218,112422500,11:24:23,2774,193260,1178795,5367078810,3,-3,83220
c2205,20220218,20220218,112423000,11:24:23,2774,193260,1178795,5367078810,0,0,0
c2205,20220218,20220218,112425500,11:24:25,2775,193263,1178795,5367162060,3,0,83250
c2205,20220218,20220218,112426000,11:24:26,2775,193263,1178795,5367162060,0,0,0
c2205,20220218,20220218,112426500,11:24:26,2775,193263,1178795,5367162060,0,0,0
c2205,20220218,20220218,112427000,11:24:27,2775,193263,1178795,5367162060,0,0,0
c2205,20220218,20220218,112427500,11:24:28,2774,193264,1178795,5367189800,1,0,27740
c2205,20220218,20220218,112429000,11:24:29,2775,193271,1178795,5367384050,7,0,194250
c2205,20220218,20220218,112429500,11:24:29,2775,193271,1178795,5367384050,0,0,0
c2205,20220218,20220218,112430000,11:24:30,2775,193271,1178795,5367384050,0,0,0
c2205,20220218,20220218,112431000,11:24:31,2774,193272,1178794,5367411790,1,-1,27740
c2205,20220218,20220218,112432000,11:24:32,2775,193273,1178794,5367439540,1,0,27750
c2205,20220218,20220218,112434000,11:24:34,2775,193273,1178794,5367439540,0,0,0
c2205,20220218,20220218,112434500,11:24:34,2775,193276,1178794,5367522790,3,0,83250
c2205,20220218,20220218,112435000,11:24:35,2775,193281,1178794,5367661540,5,0,138750
c2205,20220218,20220218,112435500,11:24:35,2775,193281,1178794,5367661540,0,0,0
c2205,20220218,20220218,112436000,11:24:36,2775,193281,1178794,5367661540,0,0,0
c2205,20220218,20220218,112436500,11:24:36,2775,193281,1178794,5367661540,0,0,0
c2205,20220218,20220218,112437000,11:24:37,2775,193281,1178794,5367661540,0,0,0
c2205,20220218,20220218,112437500,11:24:39,2775,193281,1178794,5367661540,0,0,0
c2205,20220218,20220218,112438000,11:24:39,2775,193282,1178794,5367689290,1,0,27750
c2205,20220218,20220218,112438500,11:24:39,2775,193282,1178794,5367689290,0,0,0
c2205,20220218,20220218,112439000,11:24:40,2774,193283,1178794,5367717030,1,0,27740
c2205,20220218,20220218,112440000,11:24:40,2774,193283,1178794,5367717030,0,0,0
c2205,20220218,20220218,112440500,11:24:40,2774,193283,1178794,5367717030,0,0,0
c2205,20220218,20220218,112441000,11:24:41,2774,193283,1178794,5367717030,0,0,0
c2205,20220218,20220218,112441500,11:24:41,2774,193283,1178794,5367717030,0,0,0
c2205,20220218,20220218,112442500,11:24:42,2775,193288,1178794,5367855780,5,0,138750
c2205,20220218,20220218,112443500,11:24:43,2774,193289,1178793,5367883520,1,-1,27740
c2205,20220218,20220218,112444500,11:24:44,2775,193290,1178792,5367911270,1,-1,27750
c2205,20220218,20220218,112445000,11:24:45,2775,193290,1178792,5367911270,0,0,0
c2205,20220218,20220218,112446000,11:24:46,2775,193293,1178792,5367994520,3,0,83250
c2205,20220218,20220218,112446500,11:24:46,2775,193293,1178792,5367994520,0,0,0
c2205,20220218,20220218,112447000,11:24:47,2775,193295,1178790,5368050020,2,-2,55500
c2205,20220218,20220218,112447500,11:24:47,2775,193295,1178790,5368050020,0,0,0
c2205,20220218,20220218,112448000,11:24:48,2774,193296,1178790,5368077760,1,0,27740
c2205,20220218,20220218,112450000,11:24:50,2774,193296,1178790,5368077760,0,0,0
c2205,20220218,20220218,112451000,11:24:51,2774,193297,1178789,5368105500,1,-1,27740
c2205,20220218,20220218,112454500,11:24:54,2774,193297,1178789,5368105500,0,0,0
c2205,20220218,20220218,112455500,11:24:56,2774,193297,1178789,5368105500,0,0,0
c2205,20220218,20220218,112456000,11:24:56,2774,193298,1178788,5368133240,1,-1,27740
c2205,20220218,20220218,112456500,11:24:56,2774,193298,1178788,5368133240,0,0,0
c2205,20220218,20220218,112457000,11:24:57,2774,193298,1178788,5368133240,0,0,0
c2205,20220218,20220218,112457500,11:24:57,2774,193298,1178788,5368133240,0,0,0
c2205,20220218,20220218,112458000,11:24:58,2774,193298,1178788,5368133240,0,0,0
c2205,20220218,20220218,112459000,11:24:59,2775,193299,1178788,5368160990,1,0,27750
c2205,20220218,20220218,112459500,11:24:59,2775,193300,1178787,5368188740,1,-1,27750
c2205,20220218,20220218,112500000,11:25:00,2774,193301,1178786,5368216480,1,-1,27740
c2205,20220218,20220218,112500500,11:25:01,2774,193301,1178786,5368216480,0,0,0
c2205,20220218,20220218,112502000,11:25:05,2774,193301,1178786,5368216480,0,0,0
c2205,20220218,20220218,112502500,11:25:06,2774,193301,1178786,5368216480,0,0,0
c2205,20220218,20220218,112504000,11:25:06,2774,193301,1178786,5368216480,0,0,0
c2205,20220218,20220218,112506000,11:25:06,2774,193301,1178786,5368216480,0,0,0
c2205,20220218,20220218,112507000,11:25:07,2774,193301,1178786,5368216480,0,0,0
c2205,20220218,20220218,112507500,11:25:07,2774,193301,1178786,5368216480,0,0,0
c2205,20220218,20220218,112508000,11:25:08,2775,193332,1178759,5369076730,31,-27,860250
c2205,20220218,20220218,112508500,11:25:08,2775,193337,1178758,5369215470,5,-1,138740
c2205,20220218,20220218,112509000,11:25:09,2775,193337,1178758,5369215470,0,0,0
c2205,20220218,20220218,112509500,11:25:09,2774,193339,1178759,5369270950,2,1,55480
c2205,20220218,20220218,112510000,11:25:10,2775,193340,1178759,5369298700,1,0,27750
c2205,20220218,20220218,112511000,11:25:11,2775,193340,1178759,5369298700,0,0,0
c2205,20220218,20220218,112511500,11:25:11,2775,193340,1178759,5369298700,0,0,0
c2205,20220218,20220218,112512000,11:25:12,2775,193340,1178759,5369298700,0,0,0
c2205,20220218,20220218,112512500,11:25:12,2775,193340,1178759,5369298700,0,0,0
c2205,20220218,20220218,112513500,11:25:15,2775,193340,1178759,5369298700,0,0,0
c2205,20220218,20220218,112514000,11:25:15,2775,193340,1178759,5369298700,0,0,0
c2205,20220218,20220218,112514500,11:25:15,2775,193340,1178759,5369298700,0,0,0
c2205,20220218,20220218,112518000,11:25:19,2775,193340,1178759,5369298700,0,0,0
c2205,20220218,20220218,112520500,11:25:21,2774,193390,1178750,5370685700,50,-9,1387000
c2205,20220218,20220218,112521000,11:25:21,2774,193391,1178749,5370713440,1,-1,27740
c2205,20220218,20220218,112522000,11:25:22,2774,193391,1178749,5370713440,0,0,0
c2205,20220218,20220218,112522500,11:25:23,2774,193391,1178749,5370713440,0,0,0
c2205,20220218,20220218,112524000,11:25:25,2774,193391,1178749,5370713440,0,0,0
c2205,20220218,20220218,112524500,11:25:25,2774,193391,1178749,5370713440,0,0,0
c2205,20220218,20220218,112525000,11:25:25,2774,193391,1178749,5370713440,0,0,0
c2205,20220218,20220218,112525500,11:25:26,2774,193391,1178749,5370713440,0,0,0
c2205,20220218,20220218,112526000,11:25:26,2774,193391,1178749,5370713440,0,0,0
c2205,20220218,20220218,112526500,11:25:27,2774,193391,1178749,5370713440,0,0,0
c2205,20220218,20220218,112527000,11:25:28,2775,193394,1178748,5370796670,3,-1,83230
c2205,20220218,20220218,112527500,11:25:28,2775,193394,1178748,5370796670,0,0,0
c2205,20220218,20220218,112528000,11:25:28,2775,193394,1178748,5370796670,0,0,0
c2205,20220218,20220218,112528500,11:25:28,2775,193394,1178748,5370796670,0,0,0
c2205,20220218,20220218,112529000,11:25:29,2775,193394,1178748,5370796670,0,0,0
c2205,20220218,20220218,112529500,11:25:30,2775,193394,1178748,5370796670,0,0,0
c2205,20220218,20220218,112530500,11:25:31,2775,193394,1178748,5370796670,0,0,0
c2205,20220218,20220218,112531500,11:25:32,2774,193395,1178749,5370824410,1,1,27740
c2205,20220218,20220218,112532000,11:25:32,2774,193395,1178749,5370824410,0,0,0
c2205,20220218,20220218,112532500,11:25:33,2774,193395,1178749,5370824410,0,0,0
c2205,20220218,20220218,112533500,11:25:33,2774,193395,1178749,5370824410,0,0,0
c2205,20220218,20220218,112534000,11:25:34,2774,193396,1178749,5370852150,1,0,27740
c2205,20220218,20220218,112535000,11:25:36,2774,193396,1178749,5370852150,0,0,0
c2205,20220218,20220218,112536500,11:25:37,2774,193397,1178750,5370879890,1,1,27740
c2205,20220218,20220218,112537000,11:25:38,2774,193397,1178750,5370879890,0,0,0
c2205,20220218,20220218,112541000,11:25:41,2774,193397,1178750,5370879890,0,0,0
c2205,20220218,20220218,112541500,11:25:41,2774,193397,1178750,5370879890,0,0,0
c2205,20220218,20220218,112542000,11:25:42,2774,193397,1178750,5370879890,0,0,0
c2205,20220218,20220218,112542500,11:25:43,2775,193401,1178746,5370990890,4,-4,111000
c2205,20220218,20220218,112543000,11:25:43,2775,193401,1178746,5370990890,0,0,0
c2205,20220218,20220218,112543500,11:25:43,2775,193401,1178746,5370990890,0,0,0
c2205,20220218,20220218,112544000,11:25:44,2775,193401,1178746,5370990890,0,0,0
c2205,20220218,20220218,112544500,11:25:44,2775,193403,1178748,5371046380,2,2,55490
c2205,20220218,20220218,112545000,11:25:45,2775,193403,1178748,5371046380,0,0,0
c2205,20220218,20220218,112545500,11:25:46,2775,193404,1178749,5371074130,1,1,27750
c2205,20220218,20220218,112546000,11:25:47,2775,193404,1178749,5371074130,0,0,0
c2205,20220218,20220218,112546500,11:25:47,2774,193405,1178749,5371101870,1,0,27740
c2205,20220218,20220218,112547000,11:25:48,2774,193405,1178749,5371101870,0,0,0
c2205,20220218,20220218,112548000,11:25:48,2775,193406,1178749,5371129620,1,0,27750
c2205,20220218,20220218,112548500,11:25:48,2775,193407,1178749,5371157370,1,0,27750
c2205,20220218,20220218,112549000,11:25:49,2774,193416,1178749,5371407030,9,0,249660
c2205,20220218,20220218,112550000,11:25:50,2774,193416,1178749,5371407030,0,0,0
c2205,20220218,20220218,112550500,11:25:51,2774,193416,1178749,5371407030,0,0,0
c2205,20220218,20220218,112551500,11:25:51,2774,193418,1178751,5371462510,2,2,55480
c2205,20220218,20220218,112552500,11:25:52,2774,193419,1178751,5371490250,1,0,27740
c2205,20220218,20220218,112553000,11:25:53,2774,193419,1178751,5371490250,0,0,0
c2205,20220218,20220218,112553500,11:25:54,2774,193419,1178751,5371490250,0,0,0
c2205,20220218,20220218,112554000,11:25:54,2774,193419,1178751,5371490250,0,0,0
c2205,20220218,20220218,112554500,11:25:55,2774,193419,1178751,5371490250,0,0,0
c2205,20220218,20220218,112555000,11:25:55,2774,193419,1178751,5371490250,0,0,0
c2205,20220218,20220218,112555500,11:25:56,2774,193419,1178751,5371490250,0,0,0
c2205,20220218,20220218,112556000,11:25:57,2774,193420,1178751,5371517990,1,0,27740
c2205,20220218,20220218,112557500,11:25:57,2774,193420,1178751,5371517990,0,0,0
c2205,20220218,20220218,112559000,11:26:00,2774,193421,1178751,5371545730,1,0,27740
c2205,20220218,20220218,112600500,11:26:01,2774,193421,1178751,5371545730,0,0,0
c2205,20220218,20220218,112601000,11:26:01,2775,193422,1178751,5371573480,1,0,27750
c2205,20220218,20220218,112601500,11:26:01,2775,193423,1178752,5371601230,1,1,27750
c2205,20220218,20220218,112602500,11:26:03,2775,193423,1178752,5371601230,0,0,0
c2205,20220218,20220218,112603000,11:26:03,2775,193423,1178752,5371601230,0,0,0
c2205,20220218,20220218,112603500,11:26:03,2775,193423,1178752,5371601230,0,0,0
c2205,20220218,20220218,112604000,11:26:05,2775,193423,1178752,5371601230,0,0,0
c2205,20220218,20220218,112604500,11:26:05,2775,193428,1178748,5371739980,5,-4,138750
c2205,20220218,20220218,112605500,11:26:05,2774,193528,1178743,5374513980,100,-5,2774000
c2205,20220218,20220218,112606000,11:26:06,2774,193528,1178743,5374513980,0,0,0
c2205,20220218,20220218,112606500,11:26:07,2774,193529,1178744,5374541720,1,1,27740
c2205,20220218,20220218,112607000,11:26:09,2774,193529,1178744,5374541720,0,0,0
c2205,20220218,20220218,112607500,11:26:09,2774,194047,1178461,5388911040,518,-283,14369320
c2205,20220218,20220218,112609000,11:26:10,2774,194047,1178461,5388911040,0,0,0
c2205,20220218,20220218,112609500,11:26:10,2774,194072,1178470,5389604540,25,9,693500
c2205,20220218,20220218,112610000,11:26:10,2774,194072,1178470,5389604540,0,0,0
c2205,20220218,20220218,112610500,11:26:10,2773,194073,1178469,5389632270,1,-1,27730
c2205,20220218,20220218,112611000,11:26:11,2773,194073,1178469,5389632270,0,0,0
c2205,20220218,20220218,112611500,11:26:13,2773,194074,1178468,5389660000,1,-1,27730
c2205,20220218,20220218,112612000,11:26:14,2773,194074,1178468,5389660000,0,0,0
c2205,20220218,20220218,112612500,11:26:14,2773,194074,1178468,5389660000,0,0,0
c2205,20220218,20220218,112613000,11:26:15,2774,194076,1178468,5389715480,2,0,55480
c2205,20220218,20220218,112613500,11:26:15,2774,194077,1178468,5389743220,1,0,27740
c2205,20220218,20220218,112614000,11:26:15,2774,194079,1178468,5389798700,2,0,55480
c2205,20220218,20220218,112615500,11:26:16,2774,194079,1178468,5389798700,0,0,0
c2205,20220218,20220218,112617000,11:26:17,2774,194079,1178468,5389798700,0,0,0
c2205,20220218,20220218,112617500,11:26:17,2773,194080,1178467,5389826430,1,-1,27730
c2205,20220218,20220218,112618000,11:26:18,2773,194080,1178467,5389826430,0,0,0
c2205,20220218,20220218,112618500,11:26:18,2774,194085,1178472,5389965130,5,5,138700
c2205,20220218,20220218,112619000,11:26:19,2774,194086,1178472,5389992870,1,0,27740
c2205,20220218,20220218,112619500,11:26:20,2774,194087,1178472,5390020610,1,0,27740
c2205,20220218,20220218,112620000,11:26:20,2774,194088,1178472,5390048350,1,0,27740
c2205,20220218,20220218,112621500,11:26:21,2774,194088,1178472,5390048350,0,0,0
c2205,20220218,20220218,112622000,11:26:22,2774,194088,1178472,5390048350,0,0,0
c2205,20220218,20220218,112623000,11:26:23,2774,194088,1178472,5390048350,0,0,0
c2205,20220218,20220218,112623500,11:26:23,2774,194088,1178472,5390048350,0,0,0
c2205,20220218,20220218,112624500,11:26:24,2773,194089,1178471,5390076080,1,-1,27730
c2205,20220218,20220218,112625000,11:26:25,2774,194091,1178471,5390131560,2,0,55480
c2205,20220218,20220218,112625500,11:26:25,2774,194092,1178471,5390159300,1,0,27740
c2205,20220218,20220218,112626000,11:26:26,2774,194094,1178472,5390214780,2,1,55480
c2205,20220218,20220218,112626500,11:26:26,2774,194094,1178472,5390214780,0,0,0
c2205,20220218,20220218,112628000,11:26:28,2774,194094,1178472,5390214780,0,0,0
c2205,20220218,20220218,112628500,11:26:28,2774,194095,1178473,5390242520,1,1,27740
c2205,20220218,20220218,112629500,11:26:30,2774,194095,1178473,5390242520,0,0,0
c2205,20220218,20220218,112631000,11:26:31,2774,194095,1178473,5390242520,0,0,0
c2205,20220218,20220218,112631500,11:26:32,2774,194097,1178473,5390298000,2,0,55480
c2205,20220218,20220218,112632000,11:26:32,2774,194100,1178473,5390381220,3,0,83220
c2205,20220218,20220218,112632500,11:26:32,2774,194102,1178472,5390436700,2,-1,55480
c2205,20220218,20220218,112633000,11:26:33,2774,194102,1178472,5390436700,0,0,0
c2205,20220218,20220218,112633500,11:26:34,2774,194102,1178472,5390436700,0,0,0
c2205,20220218,20220218,112634000,11:26:34,2774,194102,1178472,5390436700,0,0,0
c2205,20220218,20220218,112635000,11:26:37,2774,194107,1178472,5390575400,5,0,138700
c2205,20220218,20220218,112637000,11:26:39,2773,194109,1178471,5390630870,2,-1,55470
c2205,20220218,20220218,112637500,11:26:54,2774,194110,1178471,5390658610,1,0,27740
c2205,20220218,20220218,112638000,11:27:10,2774,194112,1178472,5390714090,2,1,55480
c2205,20220218,20220218,112653000,11:27:10,2774,194112,1178472,5390714090,0,0,0
c2205,20220218,20220218,112710000,11:27:12,2774,194112,1178472,5390714090,0,0,0
c2205,20220218,20220218,112710500,11:27:12,2774,194631,1178436,5405110850,519,-36,14396760
c2205,20220218,20220218,112711500,11:27:12,2774,194631,1178436,5405110850,0,0,0
c2205,20220218,20220218,112712500,11:27:13,2774,194631,1178436,5405110850,0,0,0
c2205,20220218,20220218,112713000,11:27:14,2774,194631,1178436,5405110850,0,0,0
c2205,20220218,20220218,112715000,11:27:16,2773,194632,1178436,5405138580,1,0,27730
c2205,20220218,20220218,112715500,11:27:16,2773,194632,1178436,5405138580,0,0,0
c2205,20220218,20220218,112716000,11:27:16,2773,194632,1178436,5405138580,0,0,0
c2205,20220218,20220218,112716500,11:27:17,2773,194632,1178436,5405138580,0,0,0
c2205,20220218,20220218,112717000,11:27:17,2773,194632,1178436,5405138580,0,0,0
c2205,20220218,20220218,112717500,11:27:17,2773,194632,1178436,5405138580,0,0,0
c2205,20220218,20220218,112718000,11:27:18,2773,194632,1178436,5405138580,0,0,0
c2205,20220218,20220218,112719000,11:27:19,2773,194632,1178436,5405138580,0,0,0
c2205,20220218,20220218,112722000,11:27:22,2773,194632,1178436,5405138580,0,0,0
c2205,20220218,20220218,112726000,11:27:27,2774,194636,1178440,5405249540,4,4,110960
c2205,20220218,20220218,112727500,11:27:27,2773,194637,1178440,5405277270,1,0,27730
c2205,20220218,20220218,112728500,11:27:28,2774,194638,1178440,5405305010,1,0,27740
c2205,20220218,20220218,112729000,11:27:29,2774,194638,1178440,5405305010,0,0,0
c2205,20220218,20220218,112729500,11:27:29,2774,194638,1178440,5405305010,0,0,0
c2205,20220218,20220218,112730500,11:27:31,2774,194638,1178440,5405305010,0,0,0
c2205,20220218,20220218,112731000,11:27:32,2773,194639,1178440,5405332740,1,0,27730
c2205,20220218,20220218,112732000,11:27:36,2774,194640,1178441,5405360480,1,1,27740
c2205,20220218,20220218,112734000,11:27:36,2773,194641,1178442,5405388210,1,1,27730
c2205,20220218,20220218,112736000,11:27:37,2773,194641,1178442,5405388210,0,0,0
c2205,20220218,20220218,112737500,11:27:38,2773,194641,1178442,5405388210,0,0,0
c2205,20220218,20220218,112740000,11:27:40,2773,194642,1178442,5405415940,1,0,27730
c2205,20220218,20220218,112740500,11:27:40,2773,194642,1178442,5405415940,0,0,0
c2205,20220218,20220218,112741000,11:27:41,2773,194642,1178442,5405415940,0,0,0
c2205,20220218,20220218,112742000,11:27:42,2774,194643,1178443,5405443680,1,1,27740
c2205,20220218,20220218,112742500,11:27:43,2774,194743,1178512,5408217680,100,69,2774000
c2205,20220218,20220218,112743000,11:27:43,2774,194861,1178521,5411491000,118,9,3273320
c2205,20220218,20220218,112743500,11:27:43,2774,194861,1178521,5411491000,0,0,0
c2205,20220218,20220218,112744000,11:27:44,2774,194914,1178492,5412961220,53,-29,1470220
c2205,20220218,20220218,112744500,11:27:45,2774,194914,1178492,5412961220,0,0,0
c2205,20220218,20220218,112746000,11:27:46,2773,194915,1178493,5412988950,1,1,27730
c2205,20220218,20220218,112746500,11:27:47,2774,194937,1178494,5413599230,22,1,610280
c2205,20220218,20220218,112747000,11:27:47,2774,195012,1178565,5415679730,75,71,2080500
c2205,20220218,20220218,112747500,11:27:47,2774,195066,1178567,5417177690,54,2,1497960
c2205,20220218,20220218,112748000,11:27:52,2774,195078,1178560,5417510570,12,-7,332880
c2205,20220218,20220218,112748500,11:27:54,2774,195097,1178564,5418037630,19,4,527060
c2205,20220218,20220218,112749000,11:27:54,2774,195097,1178564,5418037630,0,0,0
c2205,20220218,20220218,112749500,11:27:54,2774,195097,1178564,5418037630,0,0,0
c2205,20220218,20220218,112753500,11:27:54,2774,195105,1178565,5418259550,8,1,221920
c2205,20220218,20220218,112755000,11:27:55,2774,195106,1178565,5418287290,1,0,27740
c2205,20220218,20220218,112755500,11:27:55,2774,195106,1178565,5418287290,0,0,0
c2205,20220218,20220218,112758000,11:27:58,2774,195106,1178565,5418287290,0,0,0
c2205,20220218,20220218,112759500,11:27:59,2774,195107,1178566,5418315030,1,1,27740
c2205,20220218,20220218,112801000,11:28:01,2774,195157,1178566,5419702530,50,0,1387500
c2205,20220218,20220218,112801500,11:28:02,2774,195157,1178566,5419702530,0,0,0
c2205,20220218,20220218,112802000,11:28:03,2774,195158,1178566,5419730270,1,0,27740
c2205,20220218,20220218,112802500,11:28:03,2775,195159,1178566,5419758020,1,0,27750
c2205,20220218,20220218,112803000,11:28:04,2774,195160,1178566,5419785760,1,0,27740
c2205,20220218,20220218,112804500,11:28:05,2775,195161,1178566,5419813510,1,0,27750
c2205,20220218,20220218,112805000,11:28:06,2775,195161,1178566,5419813510,0,0,0
c2205,20220218,20220218,112805500,11:28:06,2774,195162,1178566,5419841250,1,0,27740
c2205,20220218,20220218,112806000,11:28:10,2774,195170,1178561,5420063170,8,-5,221920
c2205,20220218,20220218,112809500,11:28:11,2774,195172,1178560,5420118660,2,-1,55490
c2205,20220218,20220218,112812000,11:28:13,2774,195172,1178560,5420118660,0,0,0
c2205,20220218,20220218,112812500,11:28:13,2774,195172,1178560,5420118660,0,0,0
c2205,20220218,20220218,112813500,11:28:14,2774,195172,1178560,5420118660,0,0,0
c2205,20220218,20220218,112814500,11:28:14,2774,195175,1178557,5420201880,3,-3,83220
c2205,20220218,20220218,112815000,11:28:15,2774,195176,1178556,5420229620,1,-1,27740
c2205,20220218,20220218,112815500,11:28:15,2774,195176,1178556,5420229620,0,0,0
c2205,20220218,20220218,112817000,11:28:17,2774,195176,1178556,5420229620,0,0,0
c2205,20220218,20220218,112817500,11:28:17,2774,195176,1178556,5420229620,0,0,0
c2205,20220218,20220218,112818000,11:28:18,2774,195178,1178555,5420285100,2,-1,55480
c2205,20220218,20220218,112818500,11:28:18,2774,195178,1178555,5420285100,0,0,0
c2205,20220218,20220218,112819000,11:28:19,2774,195178,1178555,5420285100,0,0,0
c2205,20220218,20220218,112820000,11:28:20,2775,195179,1178555,5420312850,1,0,27750
c2205,20220218,20220218,112821000,11:28:21,2775,195179,1178555,5420312850,0,0,0
c2205,20220218,20220218,112822500,11:28:22,2774,195244,1178503,5422115950,65,-52,1803100
c2205,20220218,20220218,112823000,11:28:23,2774,195254,1178509,5422393350,10,6,277400
c2205,20220218,20220218,112823500,11:28:24,2774,195255,1178509,5422421090,1,0,27740
c2205,20220218,20220218,112824000,11:28:24,2774,195256,1178509,5422448830,1,0,27740
c2205,20220218,20220218,112825500,11:28:25,2774,195258,1178511,5422504310,2,2,55480
c2205,20220218,20220218,112826000,11:28:26,2774,195258,1178511,5422504310,0,0,0
c2205,20220218,20220218,112827000,11:28:27,2774,195262,1178511,5422615270,4,0,110960
c2205,20220218,20220218,112828000,11:28:28,2774,195262,1178511,5422615270,0,0,0
c2205,20220218,20220218,112828500,11:28:28,2774,195265,1178513,5422698490,3,2,83220
c2205,20220218,20220218,112830500,11:28:31,2775,195267,1178512,5422753970,2,-1,55480
c2205,20220218,20220218,112831000,11:28:31,2775,195275,1178504,5422975970,8,-8,222000
c2205,20220218,20220218,112831500,11:28:31,2775,195275,1178504,5422975970,0,0,0
c2205,20220218,20220218,112832000,11:28:33,2774,195345,1178504,5424917770,70,0,1941800
c2205,20220218,20220218,112832500,11:28:33,2774,195349,1178508,5425028730,4,4,110960
c2205,20220218,20220218,112833000,11:28:33,2774,195352,1178511,5425111950,3,3,83220
c2205,20220218,20220218,112834000,11:28:34,2774,195352,1178511,5425111950,0,0,0
c2205,20220218,20220218,112834500,11:28:34,2774,195352,1178511,5425111950,0,0,0
c2205,20220218,20220218,112835000,11:28:35,2774,195372,1178511,5425666750,20,0,554800
c2205,20220218,20220218,112836000,11:28:37,2774,195422,1178550,5427053750,50,39,1387000
c2205,20220218,20220218,112836500,11:28:37,2774,195422,1178550,5427053750,0,0,0
c2205,20220218,20220218,112837500,11:28:38,2774,195422,1178550,5427053750,0,0,0
c2205,20220218,20220218,112839500,11:28:40,2774,195422,1178550,5427053750,0,0,0
c2205,20220218,20220218,112840000,11:28:40,2773,195423,1178550,5427081480,1,0,27730
c2205,20220218,20220218,112840500,11:28:40,2774,195424,1178550,5427109220,1,0,27740
c2205,20220218,20220218,112841500,11:28:41,2774,195424,1178550,5427109220,0,0,0
c2205,20220218,20220218,112842000,11:28:42,2774,195424,1178550,5427109220,0,0,0
c2205,20220218,20220218,112842500,11:28:43,2774,195424,1178550,5427109220,0,0,0
c2205,20220218,20220218,112843000,11:28:43,2773,195425,1178550,5427136950,1,0,27730
c2205,20220218,20220218,112843500,11:28:44,2773,195425,1178550,5427136950,0,0,0
c2205,20220218,20220218,112845500,11:28:45,2773,195425,1178550,5427136950,0,0,0
c2205,20220218,20220218,112846000,11:28:46,2774,195426,1178550,5427164690,1,0,27740
c2205,20220218,20220218,112846500,11:28:46,2774,195426,1178550,5427164690,0,0,0
c2205,20220218,20220218,112847000,11:28:47,2773,195437,1178541,5427469730,11,-9,305040
c2205,20220218,20220218,112847500,11:28:48,2773,195438,1178541,5427497460,1,0,27730
c2205,20220218,20220218,112849000,11:28:49,2773,195438,1178541,5427497460,0,0,0
c2205,20220218,20220218,112849500,11:28:50,2774,195439,1178542,5427525200,1,1,27740
c2205,20220218,20220218,112850000,11:28:50,2774,195439,1178542,5427525200,0,0,0
c2205,20220218,20220218,112851500,11:28:52,2774,195440,1178543,5427552940,1,1,27740
c2205,20220218,20220218,112852000,11:28:53,2774,195440,1178543,5427552940,0,0,0
c2205,20220218,20220218,112855500,11:28:56,2773,195441,1178542,5427580670,1,-1,27730
c2205,20220218,20220218,112856000,11:28:56,2773,195441,1178542,5427580670,0,0,0
c2205,20220218,20220218,112856500,11:28:56,2774,195501,1178526,5429245070,60,-16,1664400
c2205,20220218,20220218,112857000,11:28:57,2774,195501,1178526,5429245070,0,0,0
c2205,20220218,20220218,112857500,11:28:58,2774,195501,1178526,5429245070,0,0,0
c2205,20220218,20220218,112858000,11:28:58,2774,195503,1178526,5429300550,2,0,55480
c2205,20220218,20220218,112858500,11:28:59,2774,195579,1178493,5431408790,76,-33,2108240
c2205,20220218,20220218,112859000,11:28:59,2774,195580,1178492,5431436530,1,-1,27740
c2205,20220218,20220218,112859500,11:29:00,2774,195583,1178489,5431519750,3,-3,83220
c2205,20220218,20220218,112900000,11:29:00,2774,195598,1178489,5431935850,15,0,416100
c2205,20220218,20220218,112900500,11:29:01,2774,195598,1178489,5431935850,0,0,0
c2205,20220218,20220218,112901000,11:29:01,2774,195598,1178489,5431935850,0,0,0
c2205,20220218,20220218,112902500,11:29:03,2774,195599,1178489,5431963590,1,0,27740
c2205,20220218,20220218,112903000,11:29:03,2775,195619,1178469,5432518590,20,-20,555000
c2205,20220218,20220218,112903500,11:29:04,2775,195619,1178469,5432518590,0,0,0
c2205,20220218,20220218,112904000,11:29:04,2775,195642,1178449,5433156840,23,-20,638250
c2205,20220218,20220218,112904500,11:29:04,2774,195643,1178448,5433184580,1,-1,27740
c2205,20220218,20220218,112905000,11:29:05,2774,195651,1178440,5433406540,8,-8,221960
c2205,20220218,20220218,112905500,11:29:06,2774,195651,1178440,5433406540,0,0,0
c2205,20220218,20220218,112906000,11:29:06,2774,195652,1178439,5433434280,1,-1,27740
c2205,20220218,20220218,112908500,11:29:08,2774,195653,1178438,5433462020,1,-1,27740
c2205,20220218,20220218,112909000,11:29:09,2775,195654,1178438,5433489770,1,0,27750
c2205,20220218,20220218,112909500,11:29:09,2775,195654,1178438,5433489770,0,0,0
c2205,20220218,20220218,112910500,11:29:10,2775,195654,1178438,5433489770,0,0,0
c2205,20220218,20220218,112911000,11:29:11,2775,195654,1178438,5433489770,0,0,0
c2205,20220218,20220218,112912500,11:29:12,2775,195654,1178438,5433489770,0,0,0
c2205,20220218,20220218,112913000,11:29:13,2775,195656,1178438,5433545270,2,0,55500
c2205,20220218,20220218,112913500,11:29:14,2775,195656,1178438,5433545270,0,0,0
c2205,20220218,20220218,112914000,11:29:14,2775,195656,1178438,5433545270,0,0,0
c2205,20220218,20220218,112915000,11:29:15,2775,195656,1178438,5433545270,0,0,0
c2205,20220218,20220218,112916500,11:29:20,2775,195657,1178438,5433573020,1,0,27750
c2205,20220218,20220218,112917500,11:29:21,2774,196041,1178334,5444225180,384,-104,10652160
c2205,20220218,20220218,112918000,11:29:21,2774,196042,1178334,5444252920,1,0,27740
c2205,20220218,20220218,112920500,11:29:21,2773,196055,1178334,5444613440,13,0,360520
c2205,20220218,20220218,112921000,11:29:22,2773,196056,1178333,5444641170,1,-1,27730
c2205,20220218,20220218,112922000,11:29:24,2773,196056,1178333,5444641170,0,0,0
c2205,20220218,20220218,112923000,11:29:24,2773,196056,1178333,5444641170,0,0,0
c2205,20220218,20220218,112924000,11:29:24,2773,196056,1178333,5444641170,0,0,0
c2205,20220218,20220218,112924500,11:29:25,2774,196057,1178332,5444668910,1,-1,27740
c2205,20220218,20220218,112925500,11:29:25,2774,196057,1178332,5444668910,0,0,0
c2205,20220218,20220218,112926000,11:29:26,2774,196059,1178332,5444724390,2,0,55480
c2205,20220218,20220218,112927500,11:29:27,2774,196059,1178332,5444724390,0,0,0
c2205,20220218,20220218,112928500,11:29:29,2774,196097,1178361,5445778510,38,29,1054120
c2205,20220218,20220218,112929000,11:29:29,2774,196132,1178374,5446749410,35,13,970900
c2205,20220218,20220218,112929500,11:29:29,2773,196133,1178373,5446777140,1,-1,27730
c2205,20220218,20220218,112931000,11:29:32,2773,196133,1178373,5446777140,0,0,0
c2205,20220218,20220218,112931500,11:29:32,2774,196134,1178374,5446804880,1,1,27740
c2205,20220218,20220218,112932000,11:29:32,2774,196134,1178374,5446804880,0,0,0
c2205,20220218,20220218,112932500,11:29:37,2774,196134,1178374,5446804880,0,0,0
c2205,20220218,20220218,112933000,11:29:37,2774,196134,1178374,5446804880,0,0,0
c2205,20220218,20220218,112936500,11:29:38,2774,196134,1178374,5446804880,0,0,0
c2205,20220218,20220218,112937500,11:29:38,2774,196134,1178374,5446804880,0,0,0
c2205,20220218,20220218,112938000,11:29:38,2774,196137,1178373,5446888090,3,-1,83210
c2205,20220218,20220218,112938500,11:29:39,2773,196139,1178371,5446943550,2,-2,55460
c2205,20220218,20220218,112939000,11:29:39,2773,196139,1178371,5446943550,0,0,0
c2205,20220218,20220218,112941000,11:29:41,2773,196139,1178371,5446943550,0,0,0
c2205,20220218,20220218,112941500,11:29:42,2774,196143,1178367,5447054510,4,-4,110960
c2205,20220218,20220218,112942000,11:29:42,2774,196143,1178367,5447054510,0,0,0
c2205,20220218,20220218,112942500,11:29:44,2774,196143,1178367,5447054510,0,0,0
c2205,20220218,20220218,112944000,11:29:45,2774,196143,1178367,5447054510,0,0,0
c2205,20220218,20220218,112945500,11:29:46,2773,196145,1178365,5447109970,2,-2,55460
c2205,20220218,20220218,112946000,11:29:46,2773,196146,1178364,5447137700,1,-1,27730
c2205,20220218,20220218,112946500,11:29:47,2773,196146,1178364,5447137700,0,0,0
c2205,20220218,20220218,112947000,11:29:47,2774,196147,1178364,5447165440,1,0,27740
c2205,20220218,20220218,112947500,11:29:48,2774,196147,1178364,5447165440,0,0,0
c2205,20220218,20220218,112948000,11:29:48,2774,196176,1178392,5447969900,29,28,804460
c2205,20220218,20220218,112948500,11:29:49,2774,196176,1178392,5447969900,0,0,0
c2205,20220218,20220218,112949500,11:29:50,2774,196177,1178393,5447997640,1,1,27740
c2205,20220218,20220218,112950000,11:29:51,2773,196179,1178391,5448053100,2,-2,55460
c2205,20220218,20220218,112951500,11:29:52,2774,196183,1178395,5448164060,4,4,110960
c2205,20220218,20220218,112952000,11:29:52,2774,196184,1178396,5448191800,1,1,27740
c2205,20220218,20220218,112953000,11:29:53,2774,196190,1178396,5448358240,6,0,166440
c2205,20220218,20220218,112954000,11:29:54,2774,196190,1178396,5448358240,0,0,0
c2205,20220218,20220218,112954500,11:29:54,2774,196191,1178397,5448385980,1,1,27740
c2205,20220218,20220218,112955000,11:29:55,2774,196191,1178397,5448385980,0,0,0
c2205,20220218,20220218,112955500,11:29:56,2774,196191,1178397,5448385980,0,0,0
c2205,20220218,20220218,112956000,11:30:00,2774,196191,1178397,5448385980,0,0,0
c2205,20220218,20220218,112956500,11:30:00,2774,196191,1178397,5448385980,0,0,0
c2205,20220218,20220218,112957000,11:30:00,2774,196191,1178397,5448385980,0,0,0
c2205,20220218,20220218,112957500,11:30:02,2774,196191,1178397,5448385980,0,0,0
c2205,20220218,20220218,112959500,11:30:02,2774,196191,1178397,5448385980,0,0,0
c2205,20220218,20220218,113000000,11:30:03,2774,196191,1178397,5448385980,0,0,0
c2205,20220218,20220218,113000500,11:30:03,2774,196191,1178397,5448385980,0,0,0
c2205,20220218,20220218,113001500,11:30:03,2774,196192,1178397,5448413720,1,0,27740
c2205,20220218,20220218,133001500,13:30:02,2774,196212,1178392,5448968400,20,-5,554680
c2205,20220218,20220218,133002000,13:30:08,2773,196234,1178378,5449578540,22,-14,610140
c2205,20220218,20220218,133002500,13:30:09,2774,196250,1178378,5450022380,16,0,443840
c2205,20220218,20220218,133008000,13:30:10,2773,196802,1178128,5465329170,552,-250,15306790
c2205,20220218,20220218,133008500,13:30:10,2773,196805,1178131,5465412360,3,3,83190
c2205,20220218,20220218,133009500,13:30:10,2773,196805,1178131,5465412360,0,0,0
c2205,20220218,20220218,133010000,13:30:11,2773,196805,1178131,5465412360,0,0,0
c2205,20220218,20220218,133011000,13:30:13,2773,196805,1178131,5465412360,0,0,0
c2205,20220218,20220218,133011500,13:30:13,2773,196806,1178131,5465440090,1,0,27730
c2205,20220218,20220218,133012500,13:30:13,2772,196817,1178121,5465745010,11,-10,304920
c2205,20220218,20220218,133013000,13:30:13,2772,196817,1178121,5465745010,0,0,0
c2205,20220218,20220218,133013500,13:30:14,2773,196821,1178125,5465855930,4,4,110920
c2205,20220218,20220218,133014000,13:30:16,2773,196821,1178125,5465855930,0,0,0
c2205,20220218,20220218,133014500,13:30:17,2772,196822,1178125,5465883650,1,0,27720
c2205,20220218,20220218,133015000,13:30:18,2772,196822,1178125,5465883650,0,0,0
c2205,20220218,20220218,133016500,13:30:18,2772,196822,1178125,5465883650,0,0,0
c2205,20220218,20220218,133017000,13:30:18,2772,196822,1178125,5465883650,0,0,0
c2205,20220218,20220218,133017500,13:30:19,2772,196822,1178125,5465883650,0,0,0
c2205,20220218,20220218,133018000,13:30:19,2773,196824,1178126,5465939100,2,1,55450
c2205,20220218,20220218,133018500,13:30:20,2773,196837,1178137,5466299590,13,11,360490
c2205,20220218,20220218,133019000,13:30:20,2773,196837,1178137,5466299590,0,0,0
c2205,20220218,20220218,133019500,13:30:21,2772,196839,1178135,5466355030,2,-2,55440
c2205,20220218,20220218,133020000,13:30:21,2772,196839,1178135,5466355030,0,0,0
c2205,20220218,20220218,133020500,13:30:21,2772,196839,1178135,5466355030,0,0,0
c2205,20220218,20220218,133021000,13:30:21,2772,196839,1178135,5466355030,0,0,0
c2205,20220218,20220218,133021500,13:30:22,2772,196839,1178135,5466355030,0,0,0
c2205,20220218,20220218,133022000,13:30:38,2772,196839,1178135,5466355030,0,0,0
c2205,20220218,20220218,133023000,13:30:38,2773,196840,1178136,5466382760,1,1,27730
c2205,20220218,20220218,133038000,13:30:40,2773,197361,1178356,5480830010,521,220,14447250
c2205,20220218,20220218,133040500,13:30:42,2773,197367,1178356,5480996390,6,0,166380
c2205,20220218,20220218,133041000,13:30:43,2774,197370,1178356,5481079590,3,0,83200
c2205,20220218,20220218,133042500,13:30:44,2773,197373,1178356,5481162780,3,0,83190
c2205,20220218,20220218,133043000,13:30:44,2773,197373,1178356,5481162780,0,0,0
c2205,20220218,20220218,133043500,13:30:45,2773,197373,1178356,5481162780,0,0,0
c2205,20220218,20220218,133044000,13:30:46,2773,197374,1178357,5481190510,1,1,27730
c2205,20220218,20220218,133045000,13:30:46,2773,197374,1178357,5481190510,0,0,0
c2205,20220218,20220218,133045500,13:30:46,2773,197869,1177996,5494916860,495,-361,13726350
c2205,20220218,20220218,133046000,13:30:47,2773,197869,1177996,5494916860,0,0,0
c2205,20220218,20220218,133046500,13:30:47,2773,197869,1177996,5494916860,0,0,0
c2205,20220218,20220218,133047500,13:30:48,2773,197869,1177996,5494916860,0,0,0
c2205,20220218,20220218,133048000,13:30:48,2772,197871,1177994,5494972300,2,-2,55440
c2205,20220218,20220218,133049000,13:30:49,2772,197871,1177994,5494972300,0,0,0
c2205,20220218,20220218,133050000,13:30:51,2772,197871,1177994,5494972300,0,0,0
c2205,20220218,20220218,133050500,13:30:52,2772,197871,1177994,5494972300,0,0,0
c2205,20220218,20220218,133051000,13:30:52,2772,197872,1177994,5495000020,1,0,27720
c2205,20220218,20220218,133051500,13:30:52,2772,197872,1177994,5495000020,0,0,0
c2205,20220218,20220218,133053000,13:30:54,2772,197875,1177994,5495083180,3,0,83160
c2205,20220218,20220218,133053500,13:30:54,2773,197880,1177995,5495221810,5,1,138630
c2205,20220218,20220218,133054000,13:30:55,2772,197881,1177994,5495249530,1,-1,27720
c2205,20220218,20220218,133054500,13:30:55,2772,197882,1177993,5495277250,1,-1,27720
c2205,20220218,20220218,133057500,13:30:58,2772,197884,1177994,5495332700,2,1,55450
c2205,20220218,20220218,133058000,13:30:58,2772,197884,1177994,5495332700,0,0,0
c2205,20220218,20220218,133058500,13:30:59,2772,197886,1177992,5495388140,2,-2,55440
c2205,20220218,20220218,133059000,13:30:59,2772,197887,1177991,5495415860,1,-1,27720
c2205,20220218,20220218,133059500,13:31:00,2772,197889,1177989,5495471300,2,-2,55440
c2205,20220218,20220218,133101000,13:31:01,2772,197889,1177989,5495471300,0,0,0
c2205,20220218,20220218,133101500,13:31:01,2772,197891,1177987,5495526740,2,-2,55440
c2205,20220218,20220218,133102000,13:31:02,2773,197892,1177987,5495554470,1,0,27730
c2205,20220218,20220218,133102500,13:31:03,2772,197896,1177983,5495665350,4,-4,110880
c2205,20220218,20220218,133103000,13:31:03,2772,197896,1177983,5495665350,0,0,0
c2205,20220218,20220218,133103500,13:31:05,2772,197907,1177983,5495970270,11,0,304920
c2205,20220218,20220218,133104000,13:31:06,2772,197915,1177980,5496192030,8,-3,221760
c2205,20220218,20220218,133104500,13:31:07,2772,197915,1177980,5496192030,0,0,0
c2205,20220218,20220218,133105500,13:31:08,2772,197915,1177980,5496192030,0,0,0
c2205,20220218,20220218,133106000,13:31:08,2772,197915,1177980,5496192030,0,0,0
c2205,20220218,20220218,133107000,13:31:08,2772,197915,1177980,5496192030,0,0,0
c2205,20220218,20220218,133107500,13:31:09,2772,197915,1177980,5496192030,0,0,0
c2205,20220218,20220218,133108500,13:31:09,2772,197915,1177980,5496192030,0,0,0
c2205,20220218,20220218,133111500,13:31:12,2773,197920,1177982,5496330650,5,2,138620
c2205,20220218,20220218,133112000,13:31:12,2773,197920,1177982,5496330650,0,0,0
c2205,20220218,20220218,133112500,13:31:13,2773,197924,1177984,5496441570,4,2,110920
c2205,20220218,20220218,133113000,13:31:13,2773,197928,1177986,5496552490,4,2,110920
c2205,20220218,20220218,133114000,13:31:15,2773,197928,1177986,5496552490,0,0,0
c2205,20220218,20220218,133115000,13:31:15,2772,197929,1177985,5496580210,1,-1,27720
c2205,20220218,20220218,133115500,13:31:16,2772,197930,1177984,5496607930,1,-1,27720
c2205,20220218,20220218,133116500,13:31:17,2773,197933,1177986,5496691120,3,2,83190
c2205,20220218,20220218,133117000,13:31:17,2772,197935,1177987,5496746570,2,1,55450
c2205,20220218,20220218,133118000,13:31:19,2773,197936,1177988,5496774300,1,1,27730
c2205,20220218,20220218,133118500,13:31:19,2773,197937,1177989,5496802030,1,1,27730
c2205,20220218,20220218,133119000,13:31:20,2772,197940,1177992,5496885200,3,3,83170
c2205,20220218,20220218,133119500,13:31:20,2772,197941,1177992,5496912920,1,0,27720
c2205,20220218,20220218,133120000,13:31:20,2772,197941,1177992,5496912920,0,0,0
c2205,20220218,20220218,133120500,13:31:21,2772,197973,1177996,5497799960,32,4,887040
c2205,20220218,20220218,133121000,13:31:21,2772,197979,1177992,5497966280,6,-4,166320
c2205,20220218,20220218,133121500,13:31:22,2772,197979,1177992,5497966280,0,0,0
c2205,20220218,20220218,133122000,13:31:23,2772,197986,1177992,5498160320,7,0,194040
c2205,20220218,20220218,133122500,13:31:23,2772,197991,1177991,5498298920,5,-1,138600
c2205,20220218,20220218,133123000,13:31:25,2772,197991,1177991,5498298920,0,0,0
c2205,20220218,20220218,133123500,13:31:25,2771,198412,1177793,5509968990,421,-198,11670070
c2205,20220218,20220218,133124500,13:31:25,2771,198422,1177797,5510246110,10,4,277120
c2205,20220218,20220218,133157500,13:31:57,2771,198422,1177797,5510246110,0,0,0
c2205,20220218,20220218,133158500,13:31:58,2771,198423,1177798,5510273820,1,1,27710
c2205,20220218,20220218,133159000,13:31:59,2772,198425,1177800,5510329250,2,2,55430
c2205,20220218,20220218,133159500,13:32:00,2772,198428,1177802,5510412410,3,2,83160
c2205,20220218,20220218,133200000,13:32:01,2772,198949,1177832,5524854330,521,30,14441920
c2205,20220218,20220218,133200500,13:32:01,2772,199163,1178003,5530786410,214,171,5932080
c2205,20220218,20220218,133201000,13:32:01,2772,199173,1178003,5531063610,10,0,277200
c2205,20220218,20220218,133201500,13:32:01,2772,199174,1178003,5531091330,1,0,27720
c2205,20220218,20220218,133202000,13:32:03,2772,199174,1178003,5531091330,0,0,0
c2205,20220218,20220218,133202500,13:32:03,2772,199224,1178003,5532477330,50,0,1386000
c2205,20220218,20220218,133203000,13:32:04,2772,199226,1178003,5532532770,2,0,55440
c2205,20220218,20220218,133203500,13:32:05,2772,199231,1178003,5532671330,5,0,138560
c2205,20220218,20220218,133204000,13:32:05,2772,199237,1178002,5532837650,6,-1,166320
c2205,20220218,20220218,133205000,13:32:06,2772,199243,1178002,5533003970,6,0,166320
c2205,20220218,20220218,133205500,13:32:06,2772,199245,1178000,5533059410,2,-2,55440
c2205,20220218,20220218,133206000,13:32:06,2772,199245,1178000,5533059410,0,0,0
c2205,20220218,20220218,133206500,13:32:07,2771,199277,1178002,5533946130,32,2,886720
c2205,20220218,20220218,133207000,13:32:07,2771,199278,1178003,5533973840,1,1,27710
c2205,20220218,20220218,133207500,13:32:07,2772,199279,1178003,5534001560,1,0,27720
c2205,20220218,20220218,133208000,13:32:09,2772,199281,1178003,5534057000,2,0,55440
c2205,20220218,20220218,133208500,13:32:10,2772,199281,1178003,5534057000,0,0,0
c2205,20220218,20220218,133209000,13:32:10,2772,199281,1178003,5534057000,0,0,0
c2205,20220218,20220218,133209500,13:32:10,2772,199289,1178002,5534278760,8,-1,221760
c2205,20220218,20220218,133210000,13:32:10,2771,199291,1178004,5534334180,2,2,55420
c2205,20220218,20220218,133210500,13:32:13,2771,199293,1178006,5534389600,2,2,55420
c2205,20220218,20220218,133211000,13:32:14,2771,199294,1178006,5534417310,1,0,27710
c2205,20220218,20220218,133212000,13:32:15,2771,199294,1178006,5534417310,0,0,0
c2205,20220218,20220218,133214000,13:32:15,2771,199296,1178006,5534472740,2,0,55430
c2205,20220218,20220218,133214500,13:32:16,2771,199296,1178006,5534472740,0,0,0
c2205,20220218,20220218,133215000,13:32:16,2771,199296,1178006,5534472740,0,0,0
c2205,20220218,20220218,133215500,13:32:16,2771,199296,1178006,5534472740,0,0,0
c2205,20220218,20220218,133216000,13:32:17,2772,199297,1178005,5534500460,1,-1,27720
c2205,20220218,20220218,133217500,13:32:18,2772,199298,1178004,5534528180,1,-1,27720
c2205,20220218,20220218,133218000,13:32:18,2772,199298,1178004,5534528180,0,0,0
c2205,20220218,20220218,133219000,13:32:20,2772,199301,1178003,5534611340,3,-1,83160
c2205,20220218,20220218,133219500,13:32:20,2772,199301,1178003,5534611340,0,0,0
c2205,20220218,20220218,133220000,13:32:21,2772,199306,1178003,5534749940,5,0,138600
c2205,20220218,20220218,133220500,13:32:21,2771,199332,1178014,5535470400,26,11,720460
c2205,20220218,20220218,133221000,13:32:21,2771,199332,1178014,5535470400,0,0,0
c2205,20220218,20220218,133222000,13:32:23,2772,199333,1178013,5535498120,1,-1,27720
c2205,20220218,20220218,133222500,13:32:23,2771,199335,1178012,5535553550,2,-1,55430
c2205,20220218,20220218,133223000,13:32:24,2772,199336,1178011,5535581270,1,-1,27720
c2205,20220218,20220218,133223500,13:32:24,2772,199336,1178011,5535581270,0,0,0
c2205,20220218,20220218,133224000,13:32:24,2772,199336,1178011,5535581270,0,0,0
c2205,20220218,20220218,133224500,13:32:25,2772,199336,1178011,5535581270,0,0,0
c2205,20220218,20220218,133225500,13:32:26,2772,199337,1178010,5535608990,1,-1,27720
c2205,20220218,20220218,133226500,13:32:27,2771,199338,1178011,5535636700,1,1,27710
c2205,20220218,20220218,133227000,13:32:27,2771,199338,1178011,5535636700,0,0,0
c2205,20220218,20220218,133227500,13:32:28,2771,199338,1178011,5535636700,0,0,0
c2205,20220218,20220218,133228000,13:32:32,2771,199339,1178012,5535664410,1,1,27710
c2205,20220218,20220218,133228500,13:32:32,2771,199339,1178012,5535664410,0,0,0
c2205,20220218,20220218,133229000,13:32:33,2770,200733,1177400,5574292060,1394,-612,38627650
c2205,20220218,20220218,133232000,13:32:35,2769,202012,1177953,5609719310,1279,553,35427250
c2205,20220218,20220218,133232500,13:32:35,2769,202058,1177920,5610993050,46,-33,1273740
c2205,20220218,20220218,133234500,13:32:35,2770,202123,1177910,5612792950,65,-10,1799900
c2205,20220218,20220218,133235000,13:32:36,2769,202124,1177911,5612820640,1,1,27690
c2205,20220218,20220218,133235500,13:32:36,2769,202125,1177911,5612848330,1,0,27690
c2205,20220218,20220218,133236000,13:32:36,2769,202126,1177911,5612876020,1,0,27690
c2205,20220218,20220218,133236500,13:32:37,2769,202136,1177909,5613152920,10,-2,276900
c2205,20220218,20220218,133237000,13:32:37,2770,202137,1177910,5613180620,1,1,27700
c2205,20220218,20220218,133237500,13:32:38,2769,202138,1177910,5613208310,1,0,27690
c2205,20220218,20220218,133238000,13:32:38,2769,202138,1177910,5613208310,0,0,0
c2205,20220218,20220218,133238500,13:32:39,2769,202138,1177910,5613208310,0,0,0
c2205,20220218,20220218,133239000,13:32:39,2769,202139,1177910,5613236000,1,0,27690
c2205,20220218,20220218,133239500,13:32:40,2769,202139,1177910,5613236000,0,0,0
c2205,20220218,20220218,133240000,13:32:40,2769,202140,1177910,5613263690,1,0,27690
c2205,20220218,20220218,133240500,13:32:40,2769,202141,1177909,5613291380,1,-1,27690
c2205,20220218,20220218,133241000,13:32:41,2769,202144,1177907,5613374450,3,-2,83070
c2205,20220218,20220218,133241500,13:32:42,2770,202146,1177907,5613429850,2,0,55400
c2205,20220218,20220218,133242000,13:32:42,2770,202146,1177907,5613429850,0,0,0
c2205,20220218,20220218,133242500,13:32:42,2769,202148,1177907,5613485230,2,0,55380
c2205,20220218,20220218,133243000,13:32:43,2770,202153,1177912,5613623730,5,5,138500
c2205,20220218,20220218,133244000,13:32:44,2770,202153,1177912,5613623730,0,0,0
c2205,20220218,20220218,133244500,13:32:45,2770,202154,1177912,5613651430,1,0,27700
c2205,20220218,20220218,133245000,13:32:45,2770,202313,1178030,5618055730,159,118,4404300
c2205,20220218,20220218,133245500,13:32:45,2770,203083,1178355,5639385950,770,325,21330220
c2205,20220218,20220218,133246000,13:32:47,2771,203165,1178419,5641658170,82,64,2272220
c2205,20220218,20220218,133246500,13:32:47,2770,203168,1178416,5641741270,3,-3,83100
c2205,20220218,20220218,133247000,13:32:47,2770,203180,1178416,5642073780,12,0,332510
c2205,20220218,20220218,133247500,13:32:48,2770,203180,1178416,5642073780,0,0,0
c2205,20220218,20220218,133248000,13:32:48,2770,203182,1178415,5642129190,2,-1,55410
c2205,20220218,20220218,133248500,13:32:49,2770,203183,1178415,5642156890,1,0,27700
c2205,20220218,20220218,133249000,13:32:49,2770,203184,1178414,5642184590,1,-1,27700
c2205,20220218,20220218,133249500,13:32:50,2770,203193,1178405,5642433890,9,-9,249300
c2205,20220218,20220218,133250000,13:32:50,2770,203223,1178375,5643264890,30,-30,831000
c2205,20220218,20220218,133250500,13:32:52,2770,203223,1178375,5643264890,0,0,0
c2205,20220218,20220218,133251000,13:32:52,2770,203224,1178374,5643292590,1,-1,27700
c2205,20220218,20220218,133251500,13:32:53,2770,203231,1178367,5643486490,7,-7,193900
c2205,20220218,20220218,133252000,13:32:53,2770,203233,1178366,5643541890,2,-1,55400
c2205,20220218,20220218,133253000,13:32:53,2770,203233,1178366,5643541890,0,0,0
c2205,20220218,20220218,133253500,13:32:54,2770,203233,1178366,5643541890,0,0,0
c2205,20220218,20220218,133254000,13:32:54,2770,203233,1178366,5643541890,0,0,0
c2205,20220218,20220218,133254500,13:32:55,2770,203233,1178366,5643541890,0,0,0
c2205,20220218,20220218,133255000,13:32:55,2770,203233,1178366,5643541890,0,0,0
c2205,20220218,20220218,133255500,13:32:55,2771,203238,1178365,5643680430,5,-1,138540
c2205,20220218,20220218,133256000,13:32:56,2771,203242,1178361,5643791270,4,-4,110840
c2205,20220218,20220218,133257000,13:32:59,2771,203242,1178361,5643791270,0,0,0
c2205,20220218,20220218,133257500,13:33:00,2770,203245,1178359,5643874380,3,-2,83110
c2205,20220218,20220218,133258000,13:33:00,2770,203249,1178359,5643985180,4,0,110800
c2205,20220218,20220218,133258500,13:33:00,2771,203272,1178382,5644622510,23,23,637330
c2205,20220218,20220218,133259500,13:33:01,2771,203273,1178383,5644650220,1,1,27710
c2205,20220218,20220218,133300000,13:33:01,2770,203274,1178382,5644677920,1,-1,27700
c2205,20220218,20220218,133300500,13:33:01,2770,203274,1178382,5644677920,0,0,0
c2205,20220218,20220218,133301000,13:33:02,2770,203274,1178382,5644677920,0,0,0
c2205,20220218,20220218,133301500,13:33:02,2771,203282,1178389,5644899590,8,7,221670
c2205,20220218,20220218,133302000,13:33:03,2770,203324,1178364,5646063150,42,-25,1163560
c2205,20220218,20220218,133302500,13:33:03,2770,203369,1178319,5647309650,45,-45,1246500
c2205,20220218,20220218,133303000,13:33:03,2771,203370,1178319,5647337360,1,0,27710
c2205,20220218,20220218,133303500,13:33:04,2771,203370,1178319,5647337360,0,0,0
c2205,20220218,20220218,133304000,13:33:04,2770,203398,1178321,5648112960,28,2,775600
c2205,20220218,20220218,133304500,13:33:05,2770,203405,1178322,5648306910,7,1,193950
c2205,20220218,20220218,133305000,13:33:05,2770,203405,1178322,5648306910,0,0,0
c2205,20220218,20220218,133305500,13:33:05,2770,203406,1178322,5648334610,1,0,27700
c2205,20220218,20220218,133306000,13:33:06,2770,203459,1178299,5649802710,53,-23,1468100
c2205,20220218,20220218,133306500,13:33:06,2771,203465,1178294,5649968920,6,-5,166210
c2205,20220218,20220218,133307000,13:33:07,2771,203465,1178294,5649968920,0,0,0
c2205,20220218,20220218,133307500,13:33:08,2770,203466,1178294,5649996620,1,0,27700
c2205,20220218,20220218,133308000,13:33:08,2770,203466,1178294,5649996620,0,0,0
c2205,20220218,20220218,133308500,13:33:09,2770,203470,1178290,5650107420,4,-4,110800
c2205,20220218,20220218,133309000,13:33:09,2770,203470,1178290,5650107420,0,0,0
c2205,20220218,20220218,133309500,13:33:11,2770,203472,1178289,5650162820,2,-1,55400
c2205,20220218,20220218,133310000,13:33:11,2770,203473,1178289,5650190520,1,0,27700
c2205,20220218,20220218,133310500,13:33:12,2770,203870,1178450,5661187420,397,161,10996900
c2205,20220218,20220218,133311000,13:33:13,2770,204081,1178363,5667032120,211,-87,5844700
c2205,20220218,20220218,133311500,13:33:14,2770,204124,1178379,5668223220,43,16,1191100
c2205,20220218,20220218,133312000,13:33:14,2770,204162,1178347,5669275820,38,-32,1052600
c2205,20220218,20220218,133313500,13:33:15,2770,204173,1178347,5669580520,11,0,304700
c2205,20220218,20220218,133314000,13:33:17,2770,204174,1178347,5669608220,1,0,27700
c2205,20220218,20220218,133314500,13:33:17,2770,204174,1178347,5669608220,0,0,0
c2205,20220218,20220218,133315000,13:33:18,2770,204175,1178346,5669635920,1,-1,27700
c2205,20220218,20220218,133315500,13:33:18,2770,204185,1178336,5669912920,10,-10,277000
c2205,20220218,20220218,133317000,13:33:18,2770,204198,1178326,5670273020,13,-10,360100
c2205,20220218,20220218,133317500,13:33:19,2770,204209,1178315,5670577710,11,-11,304690
c2205,20220218,20220218,133318000,13:33:19,2769,204210,1178315,5670605400,1,0,27690
c2205,20220218,20220218,133318500,13:33:19,2770,204221,1178314,5670910100,11,-1,304700
c2205,20220218,20220218,133319000,13:33:20,2770,204222,1178314,5670937800,1,0,27700
c2205,20220218,20220218,133319500,13:33:20,2770,204237,1178307,5671353300,15,-7,415500
c2205,20220218,20220218,133320000,13:33:21,2770,204237,1178307,5671353300,0,0,0
c2205,20220218,20220218,133320500,13:33:22,2769,204243,1178306,5671519450,6,-1,166150
c2205,20220218,20220218,133321000,13:33:22,2769,204243,1178306,5671519450,0,0,0
c2205,20220218,20220218,133321500,13:33:22,2770,204253,1178306,5671796450,10,0,277000
c2205,20220218,20220218,133322000,13:33:22,2770,204253,1178306,5671796450,0,0,0
c2205,20220218,20220218,133322500,13:33:22,2770,204481,1178270,5678112050,228,-36,6315600
c2205,20220218,20220218,133323000,13:33:23,2770,204485,1178270,5678222850,4,0,110800
c2205,20220218,20220218,133323500,13:33:24,2770,204485,1178270,5678222850,0,0,0
c2205,20220218,20220218,133324000,13:33:24,2770,204488,1178271,5678305950,3,1,83100
c2205,20220218,20220218,133324500,13:33:25,2770,204539,1178264,5679718660,51,-7,1412710
c2205,20220218,20220218,133325000,13:33:26,2771,204540,1178264,5679746370,1,0,27710
c2205,20220218,20220218,133325500,13:33:26,2771,204540,1178264,5679746370,0,0,0
c2205,20220218,20220218,133326000,13:33:28,2770,204541,1178264,5679774070,1,0,27700
c2205,20220218,20220218,133326500,13:33:29,2770,204545,1178262,5679884870,4,-2,110800
c2205,20220218,20220218,133327000,13:33:29,2770,204546,1178262,5679912570,1,0,27700
c2205,20220218,20220218,133327500,13:33:30,2770,204547,1178261,5679940270,1,-1,27700
c2205,20220218,20220218,133328500,13:33:30,2770,204547,1178261,5679940270,0,0,0
c2205,20220218,20220218,133329000,13:33:30,2770,204551,1178259,5680051070,4,-2,110800
c2205,20220218,20220218,133329500,13:33:30,2770,204552,1178259,5680078770,1,0,27700
c2205,20220218,20220218,133330500,13:33:31,2770,204553,1178259,5680106470,1,0,27700
c2205,20220218,20220218,133332500,13:33:33,2771,204554,1178258,5680134180,1,-1,27710
c2205,20220218,20220218,133333000,13:33:33,2770,204555,1178258,5680161880,1,0,27700
c2205,20220218,20220218,133333500,13:33:33,2770,204556,1178257,5680189580,1,-1,27700
c2205,20220218,20220218,133334500,13:33:34,2770,204566,1178257,5680466580,10,0,277000
c2205,20220218,20220218,133335000,13:33:35,2770,204566,1178257,5680466580,0,0,0
c2205,20220218,20220218,133335500,13:33:35,2770,204566,1178257,5680466580,0,0,0
c2205,20220218,20220218,133336000,13:33:36,2770,204576,1178257,5680743580,10,0,277000
c2205,20220218,20220218,133336500,13:33:36,2770,204576,1178257,5680743580,0,0,0
c2205,20220218,20220218,133337000,13:33:37,2770,204578,1178258,5680798980,2,1,55400
c2205,20220218,20220218,133337500,13:33:37,2770,204579,1178258,5680826680,1,0,27700
c2205,20220218,20220218,133338000,13:33:38,2771,204581,1178258,5680882100,2,0,55420
c2205,20220218,20220218,133338500,13:33:39,2771,204581,1178258,5680882100,0,0,0
c2205,20220218,20220218,133339500,13:33:40,2771,204581,1178258,5680882100,0,0,0
c2205,20220218,20220218,133341000,13:33:41,2771,204582,1178258,5680909810,1,0,27710
c2205,20220218,20220218,133341500,13:33:42,2770,204599,1178267,5681380770,17,9,470960
c2205,20220218,20220218,133342000,13:33:42,2770,204602,1178267,5681463890,3,0,83120
c2205,20220218,20220218,133342500,13:33:42,2770,204603,1178267,5681491590,1,0,27700
c2205,20220218,20220218,133343000,13:33:43,2770,204604,1178267,5681519290,1,0,27700
c2205,20220218,20220218,133343500,13:33:44,2771,204605,1178268,5681547000,1,1,27710
c2205,20220218,20220218,133344500,13:33:45,2770,204606,1178268,5681574700,1,0,27700
c2205,20220218,20220218,133345000,13:33:45,2770,204606,1178268,5681574700,0,0,0
c2205,20220218,20220218,133345500,13:33:46,2770,204606,1178268,5681574700,0,0,0
c2205,20220218,20220218,133346000,13:33:47,2770,204606,1178268,5681574700,0,0,0
c2205,20220218,20220218,133346500,13:33:48,2770,204613,1178272,5681768600,7,4,193900
c2205,20220218,20220218,133347500,13:33:49,2770,204617,1178275,5681879400,4,3,110800
c2205,20220218,20220218,133348500,13:33:49,2770,204617,1178275,5681879400,0,0,0
c2205,20220218,20220218,133349000,13:33:50,2771,204620,1178275,5681962530,3,0,83130
c2205,20220218,20220218,133349500,13:33:50,2771,204620,1178275,5681962530,0,0,0
c2205,20220218,20220218,133350000,13:33:50,2770,204624,1178278,5682073330,4,3,110800
c2205,20220218,20220218,133350500,13:33:50,2771,204625,1178279,5682101040,1,1,27710
c2205,20220218,20220218,133351000,13:33:51,2770,204626,1178280,5682128740,1,1,27700
c2205,20220218,20220218,133351500,13:33:52,2770,204631,1178279,5682267240,5,-1,138500
c2205,20220218,20220218,133352000,13:33:52,2770,204631,1178279,5682267240,0,0,0
c2205,20220218,20220218,133353500,13:33:53,2771,204634,1178282,5682350370,3,3,83130
c2205,20220218,20220218,133354000,13:33:54,2771,204634,1178282,5682350370,0,0,0
c2205,20220218,20220218,133354500,13:33:55,2771,204634,1178282,5682350370,0,0,0
c2205,20220218,20220218,133355000,13:33:56,2770,204635,1178281,5682378070,1,-1,27700
c2205,20220218,20220218,133356000,13:33:56,2770,204635,1178281,5682378070,0,0,0
c2205,20220218,20220218,133356500,13:33:57,2771,204636,1178282,5682405780,1,1,27710
c2205,20220218,20220218,133357000,13:33:58,2770,204638,1178280,5682461180,2,-2,55400
c2205,20220218,20220218,133357500,13:33:58,2770,204638,1178280,5682461180,0,0,0
c2205,20220218,20220218,133358000,13:33:58,2770,204638,1178280,5682461180,0,0,0
c2205,20220218,20220218,133358500,13:33:58,2770,204638,1178280,5682461180,0,0,0
c2205,20220218,20220218,133359000,13:33:59,2770,204638,1178280,5682461180,0,0,0
c2205,20220218,20220218,133359500,13:33:59,2770,204638,1178280,5682461180,0,0,0
c2205,20220218,20220218,133400500,13:34:00,2770,204638,1178280,5682461180,0,0,0
c2205,20220218,20220218,133402000,13:34:04,2771,204640,1178280,5682516600,2,0,55420
c2205,20220218,20220218,133402500,13:34:10,2771,204640,1178280,5682516600,0,0,0
c2205,20220218,20220218,133403000,13:34:10,2771,204640,1178280,5682516600,0,0,0
c2205,20220218,20220218,133403500,13:34:11,2770,204648,1178276,5682738200,8,-4,221600
c2205,20220218,20220218,133409500,13:34:12,2770,204736,1178219,5685175810,88,-57,2437610
c2205,20220218,20220218,133410500,13:34:12,2770,204736,1178219,5685175810,0,0,0
c2205,20220218,20220218,133411500,13:34:12,2771,204811,1178220,5687253330,75,1,2077520
c2205,20220218,20220218,133412000,13:34:13,2770,204812,1178221,5687281030,1,1,27700
c2205,20220218,20220218,133412500,13:34:13,2770,204813,1178222,5687308730,1,1,27700
c2205,20220218,20220218,133413000,13:34:13,2770,204813,1178222,5687308730,0,0,0
c2205,20220218,20220218,133414000,13:34:14,2770,204818,1178222,5687447230,5,0,138500
c2205,20220218,20220218,133414500,13:34:15,2770,204818,1178222,5687447230,0,0,0
c2205,20220218,20220218,133415500,13:34:16,2770,204818,1178222,5687447230,0,0,0
c2205,20220218,20220218,133416500,13:34:17,2770,204818,1178222,5687447230,0,0,0
c2205,20220218,20220218,133417000,13:34:17,2771,204830,1178233,5687779720,12,11,332490
c2205,20220218,20220218,133417500,13:34:17,2771,204830,1178233,5687779720,0,0,0
c2205,20220218,20220218,133418000,13:34:18,2771,204840,1178243,5688056820,10,10,277100
c2205,20220218,20220218,133419000,13:34:19,2771,204840,1178243,5688056820,0,0,0
c2205,20220218,20220218,133419500,13:34:20,2771,204840,1178243,5688056820,0,0,0
c2205,20220218,20220218,133420000,13:34:20,2770,204861,1178243,5688638520,21,0,581700
c2205,20220218,20220218,133420500,13:34:23,2770,204878,1178260,5689109420,17,17,470900
c2205,20220218,20220218,133421000,13:34:23,2770,204880,1178262,5689164820,2,2,55400
c2205,20220218,20220218,133421500,13:34:23,2770,204881,1178263,5689192520,1,1,27700
c2205,20220218,20220218,133423000,13:34:24,2770,204892,1178266,5689497220,11,3,304700
c2205,20220218,20220218,133423500,13:34:24,2770,204892,1178266,5689497220,0,0,0
c2205,20220218,20220218,133424000,13:34:24,2770,204892,1178266,5689497220,0,0,0
c2205,20220218,20220218,133425000,13:34:25,2770,204892,1178266,5689497220,0,0,0
c2205,20220218,20220218,133425500,13:34:26,2770,204903,1178270,5689801920,11,4,304700
c2205,20220218,20220218,133426000,13:34:26,2771,204904,1178270,5689829630,1,0,27710
c2205,20220218,20220218,133426500,13:34:26,2771,204904,1178270,5689829630,0,0,0
c2205,20220218,20220218,133427000,13:34:27,2770,204905,1178271,5689857330,1,1,27700
c2205,20220218,20220218,133428000,13:34:28,2771,205059,1178370,5694124670,154,99,4267340
c2205,20220218,20220218,133428500,13:34:29,2770,205062,1178372,5694207770,3,2,83100
c2205,20220218,20220218,133429000,13:34:29,2772,206039,1178512,5721280630,977,140,27072860
c2205,20220218,20220218,133429500,13:34:29,2771,206104,1178566,5723082380,65,54,1801750
c2205,20220218,20220218,133430000,13:34:30,2771,206119,1178566,5723498030,15,0,415650
c2205,20220218,20220218,133430500,13:34:30,2771,206119,1178566,5723498030,0,0,0
c2205,20220218,20220218,133431000,13:34:31,2771,206119,1178566,5723498030,0,0,0
c2205,20220218,20220218,133431500,13:34:31,2771,206120,1178565,5723525740,1,-1,27710
c2205,20220218,20220218,133432000,13:34:32,2771,206120,1178565,5723525740,0,0,0
c2205,20220218,20220218,133432500,13:34:32,2771,206121,1178565,5723553450,1,0,27710
c2205,20220218,20220218,133433000,13:34:33,2772,206132,1178565,5723858370,11,0,304920
c2205,20220218,20220218,133434000,13:34:34,2772,206132,1178565,5723858370,0,0,0
c2205,20220218,20220218,133435000,13:34:35,2771,206133,1178565,5723886080,1,0,27710
c2205,20220218,20220218,133436500,13:34:36,2771,206133,1178565,5723886080,0,0,0
c2205,20220218,20220218,133437000,13:34:37,2771,206135,1178564,5723941500,2,-1,55420
c2205,20220218,20220218,133437500,13:34:38,2771,206137,1178562,5723996920,2,-2,55420
c2205,20220218,20220218,133438000,13:34:38,2771,206138,1178562,5724024630,1,0,27710
c2205,20220218,20220218,133438500,13:34:38,2771,206138,1178562,5724024630,0,0,0
c2205,20220218,20220218,133440500,13:34:41,2771,206138,1178562,5724024630,0,0,0
c2205,20220218,20220218,133441000,13:34:41,2771,206139,1178561,5724052340,1,-1,27710
c2205,20220218,20220218,133441500,13:34:43,2772,206141,1178562,5724107770,2,1,55430
c2205,20220218,20220218,133442000,13:34:44,2772,206141,1178562,5724107770,0,0,0
c2205,20220218,20220218,133442500,13:34:44,2772,206142,1178562,5724135490,1,0,27720
c2205,20220218,20220218,133443000,13:34:45,2772,206142,1178562,5724135490,0,0,0
c2205,20220218,20220218,133443500,13:34:45,2771,206144,1178560,5724190910,2,-2,55420
c2205,20220218,20220218,133444000,13:34:45,2771,206144,1178560,5724190910,0,0,0
c2205,20220218,20220218,133444500,13:34:46,2771,206145,1178560,5724218620,1,0,27710
c2205,20220218,20220218,133445000,13:34:46,2771,206145,1178560,5724218620,0,0,0
c2205,20220218,20220218,133445500,13:34:46,2771,206147,1178560,5724274040,2,0,55420
c2205,20220218,20220218,133446500,13:34:47,2771,206147,1178560,5724274040,0,0,0
c2205,20220218,20220218,133447000,13:34:47,2771,206147,1178560,5724274040,0,0,0
c2205,20220218,20220218,133448000,13:34:48,2771,206147,1178560,5724274040,0,0,0
c2205,20220218,20220218,133449000,13:34:49,2772,206148,1178560,5724301760,1,0,27720
c2205,20220218,20220218,133450000,13:34:51,2772,206148,1178560,5724301760,0,0,0
c2205,20220218,20220218,133450500,13:34:51,2772,206148,1178560,5724301760,0,0,0
c2205,20220218,20220218,133451000,13:34:51,2772,206148,1178560,5724301760,0,0,0
c2205,20220218,20220218,133451500,13:34:51,2772,206148,1178560,5724301760,0,0,0
c2205,20220218,20220218,133452000,13:34:52,2772,206149,1178561,5724329480,1,1,27720
c2205,20220218,20220218,133452500,13:34:53,2772,206149,1178561,5724329480,0,0,0
c2205,20220218,20220218,133453000,13:34:53,2772,206149,1178561,5724329480,0,0,0
c2205,20220218,20220218,133453500,13:34:56,2771,206150,1178561,5724357190,1,0,27710
c2205,20220218,20220218,133454000,13:34:56,2772,206152,1178563,5724412630,2,2,55440
c2205,20220218,20220218,133455500,13:34:56,2772,206152,1178563,5724412630,0,0,0
c2205,20220218,20220218,133456000,13:34:57,2772,206152,1178563,5724412630,0,0,0
c2205,20220218,20220218,133456500,13:34:57,2772,206153,1178564,5724440350,1,1,27720
c2205,20220218,20220218,133457000,13:34:57,2772,206154,1178565,5724468070,1,1,27720
c2205,20220218,20220218,133458000,13:34:58,2772,206155,1178565,5724495790,1,0,27720
c2205,20220218,20220218,133459000,13:34:59,2772,206156,1178566,5724523510,1,1,27720
c2205,20220218,20220218,133459500,13:35:00,2772,206156,1178566,5724523510,0,0,0
c2205,20220218,20220218,133500000,13:35:00,2772,206156,1178566,5724523510,0,0,0
c2205,20220218,20220218,133500500,13:35:00,2771,206157,1178565,5724551220,1,-1,27710
c2205,20220218,20220218,133501000,13:35:04,2772,206159,1178567,5724606660,2,2,55440
c2205,20220218,20220218,133501500,13:35:05,2772,206159,1178567,5724606660,0,0,0
c2205,20220218,20220218,133502000,13:35:10,2772,206159,1178567,5724606660,0,0,0
c2205,20220218,20220218,133504500,13:35:10,2771,206194,1178533,5725576520,35,-34,969860
c2205,20220218,20220218,133510000,13:35:10,2771,206213,1178533,5726103070,19,0,526550
c2205,20220218,20220218,133510500,13:35:11,2771,206213,1178533,5726103070,0,0,0
c2205,20220218,20220218,133511500,13:35:12,2772,206214,1178534,5726130790,1,1,27720
c2205,20220218,20220218,133512500,13:35:13,2772,206214,1178534,5726130790,0,0,0
c2205,20220218,20220218,133513000,13:35:13,2772,206214,1178534,5726130790,0,0,0
c2205,20220218,20220218,133513500,13:35:14,2772,206214,1178534,5726130790,0,0,0
c2205,20220218,20220218,133514000,13:35:14,2771,206216,1178535,5726186210,2,1,55420
c2205,20220218,20220218,133514500,13:35:15,2771,206217,1178535,5726213920,1,0,27710
c2205,20220218,20220218,133515000,13:35:15,2771,206224,1178534,5726407900,7,-1,193980
c2205,20220218,20220218,133515500,13:35:16,2772,206517,1178634,5734529830,293,100,8121930
c2205,20220218,20220218,133516000,13:35:16,2772,206573,1178625,5736082150,56,-9,1552320
c2205,20220218,20220218,133516500,13:35:16,2771,206574,1178624,5736109860,1,-1,27710
c2205,20220218,20220218,133517500,13:35:18,2772,206592,1178623,5736608820,18,-1,498960
c2205,20220218,20220218,133518000,13:35:19,2772,206592,1178623,5736608820,0,0,0
c2205,20220218,20220218,133518500,13:35:19,2772,206592,1178623,5736608820,0,0,0
c2205,20220218,20220218,133519000,13:35:19,2772,206592,1178623,5736608820,0,0,0
c2205,20220218,20220218,133520000,13:35:20,2772,206605,1178623,5736969180,13,0,360360
c2205,20220218,20220218,133520500,13:35:21,2772,206605,1178623,5736969180,0,0,0
c2205,20220218,20220218,133522500,13:35:23,2772,206605,1178623,5736969180,0,0,0
c2205,20220218,20220218,133523000,13:35:23,2772,206605,1178623,5736969180,0,0,0
c2205,20220218,20220218,133523500,13:35:23,2772,206607,1178621,5737024620,2,-2,55440
c2205,20220218,20220218,133524000,13:35:25,2772,206607,1178621,5737024620,0,0,0
c2205,20220218,20220218,133524500,13:35:25,2772,206607,1178621,5737024620,0,0,0
c2205,20220218,20220218,133526000,13:35:26,2772,206607,1178621,5737024620,0,0,0
c2205,20220218,20220218,133526500,13:35:27,2771,206609,1178620,5737080050,2,-1,55430
c2205,20220218,20220218,133527500,13:35:31,2772,206611,1178620,5737135490,2,0,55440
c2205,20220218,20220218,133528000,13:35:32,2772,206611,1178620,5737135490,0,0,0
c2205,20220218,20220218,133531000,13:35:33,2771,206613,1178619,5737190910,2,-1,55420
c2205,20220218,20220218,133540500,13:35:43,2771,206613,1178619,5737190910,0,0,0
c2205,20220218,20220218,133542000,13:35:43,2771,206613,1178619,5737190910,0,0,0
c2205,20220218,20220218,133543000,13:35:44,2771,206613,1178619,5737190910,0,0,0
c2205,20220218,20220218,133544000,13:35:44,2772,206619,1178614,5737357200,6,-5,166290
c2205,20220218,20220218,133544500,13:35:45,2772,206619,1178614,5737357200,0,0,0
c2205,20220218,20220218,133545000,13:35:46,2772,206619,1178614,5737357200,0,0,0
c2205,20220218,20220218,133545500,13:35:46,2772,206619,1178614,5737357200,0,0,0
c2205,20220218,20220218,133547500,13:35:48,2772,206624,1178615,5737495800,5,1,138600
c2205,20220218,20220218,133548000,13:35:48,2772,206624,1178615,5737495800,0,0,0
c2205,20220218,20220218,133548500,13:35:48,2772,206626,1178615,5737551240,2,0,55440
c2205,20220218,20220218,133549000,13:35:49,2772,206626,1178615,5737551240,0,0,0
c2205,20220218,20220218,133552000,13:35:52,2772,206643,1178631,5738022480,17,16,471240
c2205,20220218,20220218,133553500,13:35:55,2772,206645,1178633,5738077920,2,2,55440
c2205,20220218,20220218,133554000,13:35:55,2772,206645,1178633,5738077920,0,0,0
c2205,20220218,20220218,133555500,13:35:56,2771,206646,1178633,5738105630,1,0,27710
c2205,20220218,20220218,133556000,13:35:56,2772,207134,1178293,5751632990,488,-340,13527360
c2205,20220218,20220218,133556500,13:35:57,2772,207135,1178294,5751660710,1,1,27720
c2205,20220218,20220218,133557500,13:35:59,2772,207135,1178294,5751660710,0,0,0
c2205,20220218,20220218,133558000,13:36:01,2772,207135,1178294,5751660710,0,0,0
c2205,20220218,20220218,133558500,13:36:03,2772,207135,1178294,5751660710,0,0,0
c2205,20220218,20220218,133559500,13:36:03,2772,207135,1178294,5751660710,0,0,0
c2205,20220218,20220218,133600000,13:36:03,2772,207135,1178294,5751660710,0,0,0
c2205,20220218,20220218,133601500,13:36:03,2772,207138,1178295,5751743870,3,1,83160
c2205,20220218,20220218,133602500,13:36:03,2772,207138,1178295,5751743870,0,0,0
c2205,20220218,20220218,133603000,13:36:05,2772,207138,1178295,5751743870,0,0,0
c2205,20220218,20220218,133605500,13:36:07,2773,207143,1178295,5751882520,5,0,138650
c2205,20220218,20220218,133606000,13:36:07,2773,207143,1178295,5751882520,0,0,0
c2205,20220218,20220218,133607000,13:36:08,2772,207144,1178296,5751910240,1,1,27720
c2205,20220218,20220218,133608500,13:36:09,2772,207144,1178296,5751910240,0,0,0
c2205,20220218,20220218,133610500,13:36:11,2772,207144,1178296,5751910240,0,0,0
c2205,20220218,20220218,133611000,13:36:11,2772,207144,1178296,5751910240,0,0,0
c2205,20220218,20220218,133611500,13:36:12,2773,207148,1178299,5752021150,4,3,110910
c2205,20220218,20220218,133612000,13:36:12,2773,207148,1178299,5752021150,0,0,0
c2205,20220218,20220218,133612500,13:36:12,2772,207149,1178300,5752048870,1,1,27720
c2205,20220218,20220218,133613000,13:36:13,2772,207149,1178300,5752048870,0,0,0
c2205,20220218,20220218,133613500,13:36:14,2772,207149,1178300,5752048870,0,0,0
c2205,20220218,20220218,133614000,13:36:14,2772,207154,1178296,5752187470,5,-4,138600
c2205,20220218,20220218,133614500,13:36:14,2772,207154,1178296,5752187470,0,0,0
c2205,20220218,20220218,133615000,13:36:15,2772,207154,1178296,5752187470,0,0,0
c2205,20220218,20220218,133615500,13:36:15,2772,207154,1178296,5752187470,0,0,0
c2205,20220218,20220218,133616500,13:36:17,2772,207155,1178296,5752215190,1,0,27720
c2205,20220218,20220218,133617000,13:36:17,2772,207156,1178295,5752242910,1,-1,27720
c2205,20220218,20220218,133618000,13:36:19,2772,207156,1178295,5752242910,0,0,0
c2205,20220218,20220218,133618500,13:36:19,2772,207156,1178295,5752242910,0,0,0
c2205,20220218,20220218,133619500,13:36:19,2772,207162,1178295,5752409230,6,0,166320
c2205,20220218,20220218,133620000,13:36:20,2772,207162,1178295,5752409230,0,0,0
c2205,20220218,20220218,133620500,13:36:20,2772,207162,1178295,5752409230,0,0,0
c2205,20220218,20220218,133621000,13:36:21,2772,207162,1178295,5752409230,0,0,0
c2205,20220218,20220218,133621500,13:36:21,2772,207162,1178295,5752409230,0,0,0
c2205,20220218,20220218,133622000,13:36:22,2772,207162,1178295,5752409230,0,0,0
c2205,20220218,20220218,133622500,13:36:22,2772,207162,1178295,5752409230,0,0,0
c2205,20220218,20220218,133624500,13:36:24,2772,207162,1178295,5752409230,0,0,0
c2205,20220218,20220218,133625500,13:36:26,2772,207171,1178289,5752658710,9,-6,249480
c2205,20220218,20220218,133626000,13:36:26,2772,207172,1178289,5752686430,1,0,27720
c2205,20220218,20220218,133626500,13:36:27,2773,207173,1178290,5752714160,1,1,27730
c2205,20220218,20220218,133627000,13:36:28,2773,207174,1178290,5752741890,1,0,27730
c2205,20220218,20220218,133628500,13:36:29,2772,207184,1178280,5753019090,10,-10,277200
c2205,20220218,20220218,133631000,13:36:31,2772,207185,1178280,5753046810,1,0,27720
c2205,20220218,20220218,133631500,13:36:31,2772,207185,1178280,5753046810,0,0,0
c2205,20220218,20220218,133632000,13:36:32,2772,207186,1178280,5753074530,1,0,27720
c2205,20220218,20220218,133634000,13:36:34,2772,207186,1178280,5753074530,0,0,0
c2205,20220218,20220218,133634500,13:36:35,2773,207187,1178281,5753102260,1,1,27730
c2205,20220218,20220218,133635000,13:36:35,2773,207190,1178284,5753185450,3,3,83190
c2205,20220218,20220218,133635500,13:36:36,2773,207192,1178286,5753240910,2,2,55460
c2205,20220218,20220218,133636000,13:36:36,2773,207192,1178286,5753240910,0,0,0
c2205,20220218,20220218,133636500,13:36:36,2773,207192,1178286,5753240910,0,0,0
c2205,20220218,20220218,133637000,13:36:38,2772,207193,1178286,5753268630,1,0,27720
c2205,20220218,20220218,133637500,13:36:38,2772,207193,1178286,5753268630,0,0,0
c2205,20220218,20220218,133638500,13:36:39,2772,207193,1178286,5753268630,0,0,0
c2205,20220218,20220218,133639000,13:36:39,2772,207193,1178286,5753268630,0,0,0
c2205,20220218,20220218,133639500,13:36:39,2773,207194,1178286,5753296360,1,0,27730
c2205,20220218,20220218,133641500,13:36:42,2773,207195,1178287,5753324090,1,1,27730
c2205,20220218,20220218,133642500,13:36:43,2773,207196,1178288,5753351820,1,1,27730
c2205,20220218,20220218,133644000,13:36:44,2772,207198,1178286,5753407260,2,-2,55440
c2205,20220218,20220218,133644500,13:36:44,2772,207216,1178284,5753906220,18,-2,498960
c2205,20220218,20220218,133645500,13:36:46,2772,207478,1178453,5761168860,262,169,7262640
c2205,20220218,20220218,133646000,13:36:46,2772,207478,1178453,5761168860,0,0,0
c2205,20220218,20220218,133646500,13:36:46,2772,207479,1178452,5761196580,1,-1,27720
c2205,20220218,20220218,133647500,13:36:48,2772,207479,1178452,5761196580,0,0,0
c2205,20220218,20220218,133648000,13:36:48,2772,207479,1178452,5761196580,0,0,0
c2205,20220218,20220218,133648500,13:36:48,2772,207479,1178452,5761196580,0,0,0
c2205,20220218,20220218,133649000,13:36:49,2772,207479,1178452,5761196580,0,0,0
c2205,20220218,20220218,133652500,13:36:53,2772,207479,1178452,5761196580,0,0,0
c2205,20220218,20220218,133653500,13:36:54,2772,207479,1178452,5761196580,0,0,0
c2205,20220218,20220218,133654000,13:36:54,2772,207479,1178452,5761196580,0,0,0
c2205,20220218,20220218,133656000,13:36:56,2772,207480,1178452,5761224300,1,0,27720
c2205,20220218,20220218,133656500,13:36:57,2772,207480,1178452,5761224300,0,0,0
c2205,20220218,20220218,133657000,13:36:58,2772,207493,1178452,5761584660,13,0,360360
c2205,20220218,20220218,133657500,13:36:58,2772,207493,1178452,5761584660,0,0,0
c2205,20220218,20220218,133658000,13:36:58,2771,207495,1178452,5761640090,2,0,55430
c2205,20220218,20220218,133658500,13:36:59,2772,207497,1178451,5761695530,2,-1,55440
c2205,20220218,20220218,133659000,13:36:59,2772,207497,1178451,5761695530,0,0,0
c2205,20220218,20220218,133659500,13:37:00,2772,207497,1178451,5761695530,0,0,0
c2205,20220218,20220218,133701000,13:37:01,2771,207498,1178450,5761723240,1,-1,27710
c2205,20220218,20220218,133701500,13:37:02,2771,207499,1178449,5761750950,1,-1,27710
c2205,20220218,20220218,133702000,13:37:02,2772,207500,1178448,5761778670,1,-1,27720
c2205,20220218,20220218,133702500,13:37:03,2772,207500,1178448,5761778670,0,0,0
c2205,20220218,20220218,133703500,13:37:03,2772,207501,1178447,5761806390,1,-1,27720
c2205,20220218,20220218,133705500,13:37:07,2772,207501,1178447,5761806390,0,0,0
c2205,20220218,20220218,133707500,13:37:08,2772,207501,1178447,5761806390,0,0,0
c2205,20220218,20220218,133708500,13:37:08,2772,207501,1178447,5761806390,0,0,0
c2205,20220218,20220218,133709500,13:37:11,2772,207501,1178447,5761806390,0,0,0
c2205,20220218,20220218,133711000,13:37:11,2772,207502,1178446,5761834110,1,-1,27720
c2205,20220218,20220218,133711500,13:37:13,2772,207505,1178444,5761917270,3,-2,83160
c2205,20220218,20220218,133712000,13:37:13,2771,207508,1178442,5762000400,3,-2,83130
c2205,20220218,20220218,133712500,13:37:13,2771,207510,1178440,5762055820,2,-2,55420
c2205,20220218,20220218,133713000,13:37:14,2771,207510,1178440,5762055820,0,0,0
c2205,20220218,20220218,133714000,13:37:14,2771,207515,1178435,5762194370,5,-5,138550
c2205,20220218,20220218,133714500,13:37:15,2771,207515,1178435,5762194370,0,0,0
c2205,20220218,20220218,133715500,13:37:16,2771,207515,1178435,5762194370,0,0,0
c2205,20220218,20220218,133716000,13:37:16,2771,207515,1178435,5762194370,0,0,0
c2205,20220218,20220218,133719000,13:37:19,2771,207516,1178435,5762222080,1,0,27710
c2205,20220218,20220218,133719500,13:37:20,2771,207516,1178435,5762222080,0,0,0
c2205,20220218,20220218,133720000,13:37:21,2771,207516,1178435,5762222080,0,0,0
c2205,20220218,20220218,133720500,13:37:21,2771,207517,1178435,5762249790,1,0,27710
c2205,20220218,20220218,133722500,13:37:22,2771,207520,1178432,5762332920,3,-3,83130
c2205,20220218,20220218,133723000,13:37:23,2771,207520,1178432,5762332920,0,0,0
c2205,20220218,20220218,133724500,13:37:25,2771,207520,1178432,5762332920,0,0,0
c2205,20220218,20220218,133725000,13:37:25,2771,207520,1178432,5762332920,0,0,0
c2205,20220218,20220218,133726500,13:37:27,2772,207521,1178432,5762360640,1,0,27720
c2205,20220218,20220218,133727000,13:37:27,2772,207521,1178432,5762360640,0,0,0
c2205,20220218,20220218,133727500,13:37:27,2772,207522,1178431,5762388360,1,-1,27720
c2205,20220218,20220218,133728000,13:37:28,2772,207522,1178431,5762388360,0,0,0
c2205,20220218,20220218,133730000,13:37:30,2771,207523,1178431,5762416070,1,0,27710
c2205,20220218,20220218,133730500,13:37:31,2771,207523,1178431,5762416070,0,0,0
c2205,20220218,20220218,133731000,13:37:31,2771,207523,1178431,5762416070,0,0,0
c2205,20220218,20220218,133733500,13:37:33,2771,207524,1178431,5762443780,1,0,27710
c2205,20220218,20220218,133734500,13:37:34,2771,207524,1178431,5762443780,0,0,0
c2205,20220218,20220218,133736500,13:37:37,2772,207558,1178463,5763385930,34,32,942150
c2205,20220218,20220218,133737000,13:37:37,2772,207559,1178462,5763413650,1,-1,27720
c2205,20220218,20220218,133737500,13:37:37,2772,207559,1178462,5763413650,0,0,0
c2205,20220218,20220218,133738000,13:37:38,2771,207592,1178495,5764328080,33,33,914430
c2205,20220218,20220218,133739500,13:37:39,2771,207593,1178496,5764355790,1,1,27710
c2205,20220218,20220218,133740000,13:37:40,2771,207593,1178496,5764355790,0,0,0
c2205,20220218,20220218,133740500,13:37:40,2771,207593,1178496,5764355790,0,0,0
c2205,20220218,20220218,133741000,13:37:41,2771,207593,1178496,5764355790,0,0,0
c2205,20220218,20220218,133741500,13:37:41,2772,207595,1178497,5764411220,2,1,55430
c2205,20220218,20220218,133742000,13:37:42,2771,207604,1178506,5764660610,9,9,249390
c2205,20220218,20220218,133743000,13:37:44,2772,207606,1178507,5764716040,2,1,55430
c2205,20220218,20220218,133743500,13:37:44,2772,207606,1178507,5764716040,0,0,0
c2205,20220218,20220218,133744500,13:37:45,2772,207606,1178507,5764716040,0,0,0
c2205,20220218,20220218,133745500,13:37:45,2772,207606,1178507,5764716040,0,0,0
c2205,20220218,20220218,133746000,13:37:46,2772,207606,1178507,5764716040,0,0,0
c2205,20220218,20220218,133747500,13:37:48,2772,207606,1178507,5764716040,0,0,0
c2205,20220218,20220218,133749500,13:37:49,2771,207615,1178515,5764965430,9,8,249390
c2205,20220218,20220218,133750500,13:37:51,2772,207619,1178511,5765076310,4,-4,110880
c2205,20220218,20220218,133751000,13:37:51,2772,207624,1178511,5765214910,5,0,138600
c2205,20220218,20220218,133751500,13:37:53,2772,207624,1178511,5765214910,0,0,0
c2205,20220218,20220218,133752500,13:37:54,2772,207624,1178511,5765214910,0,0,0
c2205,20220218,20220218,133753000,13:37:54,2772,207624,1178511,5765214910,0,0,0
c2205,20220218,20220218,133753500,13:37:55,2772,207624,1178511,5765214910,0,0,0
c2205,20220218,20220218,133754000,13:37:55,2772,207624,1178511,5765214910,0,0,0
c2205,20220218,20220218,133754500,13:37:55,2772,207624,1178511,5765214910,0,0,0
c2205,20220218,20220218,133755500,13:37:55,2772,207627,1178512,5765298070,3,1,83160
c2205,20220218,20220218,133756000,13:37:56,2772,207627,1178512,5765298070,0,0,0
c2205,20220218,20220218,133756500,13:37:57,2772,207628,1178513,5765325790,1,1,27720
c2205,20220218,20220218,133758500,13:37:59,2772,207628,1178513,5765325790,0,0,0
c2205,20220218,20220218,133800000,13:38:02,2772,207629,1178514,5765353510,1,1,27720
c2205,20220218,20220218,133800500,13:38:02,2771,207630,1178515,5765381220,1,1,27710
c2205,20220218,20220218,133801000,13:38:02,2772,207636,1178515,5765547540,6,0,166320
c2205,20220218,20220218,133801500,13:38:03,2772,207636,1178515,5765547540,0,0,0
c2205,20220218,20220218,133802000,13:38:03,2772,207636,1178515,5765547540,0,0,0
c2205,20220218,20220218,133802500,13:38:05,2771,207665,1178493,5766351130,29,-22,803590
c2205,20220218,20220218,133804500,13:38:06,2771,207665,1178493,5766351130,0,0,0
c2205,20220218,20220218,133809000,13:38:09,2771,207665,1178493,5766351130,0,0,0
c2205,20220218,20220218,133809500,13:38:10,2771,207665,1178493,5766351130,0,0,0
c2205,20220218,20220218,133810500,13:38:10,2771,207665,1178493,5766351130,0,0,0
c2205,20220218,20220218,133811500,13:38:14,2772,207866,1178365,5771922850,201,-128,5571720
c2205,20220218,20220218,133812000,13:38:14,2772,207867,1178364,5771950570,1,-1,27720
c2205,20220218,20220218,133813000,13:38:15,2772,207867,1178364,5771950570,0,0,0
c2205,20220218,20220218,133814000,13:38:15,2772,207867,1178364,5771950570,0,0,0
c2205,20220218,20220218,133814500,13:38:17,2772,207868,1178364,5771978290,1,0,27720
c2205,20220218,20220218,133815000,13:38:17,2772,207868,1178364,5771978290,0,0,0
c2205,20220218,20220218,133815500,13:38:17,2772,207868,1178364,5771978290,0,0,0
c2205,20220218,20220218,133817000,13:38:18,2772,208303,1178189,5784036490,435,-175,12058200
c2205,20220218,20220218,133817500,13:38:18,2772,208303,1178189,5784036490,0,0,0
c2205,20220218,20220218,133818000,13:38:18,2772,208307,1178189,5784147370,4,0,110880
c2205,20220218,20220218,133821000,13:38:22,2772,208308,1178190,5784175090,1,1,27720
c2205,20220218,20220218,133821500,13:38:23,2772,208309,1178190,5784202810,1,0,27720
c2205,20220218,20220218,133823000,13:38:24,2772,208518,1178223,5789996290,209,33,5793480
c2205,20220218,20220218,133823500,13:38:24,2772,208519,1178224,5790024010,1,1,27720
c2205,20220218,20220218,133824000,13:38:24,2772,208541,1178246,5790633850,22,22,609840
c2205,20220218,20220218,133825500,13:38:41,2772,208541,1178246,5790633850,0,0,0
c2205,20220218,20220218,133840500,13:38:42,2772,208541,1178246,5790633850,0,0,0
c2205,20220218,20220218,133842000,13:38:43,2772,208630,1178244,5793100290,89,-2,2466440
c2205,20220218,20220218,133842500,13:38:43,2772,208630,1178244,5793100290,0,0,0
c2205,20220218,20220218,133846000,13:38:46,2772,208640,1178254,5793377490,10,10,277200
c2205,20220218,20220218,133847000,13:38:47,2772,208640,1178254,5793377490,0,0,0
c2205,20220218,20220218,133850000,13:38:50,2772,208641,1178254,5793405210,1,0,27720
c2205,20220218,20220218,133856500,13:38:56,2772,208651,1178264,5793682410,10,10,277200
c2205,20220218,20220218,133857000,13:38:57,2772,208884,1178204,5800141170,233,-60,6458760
c2205,20220218,20220218,133859500,13:38:59,2772,208884,1178204,5800141170,0,0,0
c2205,20220218,20220218,133901000,13:39:01,2772,208884,1178204,5800141170,0,0,0
c2205,20220218,20220218,133901500,13:39:01,2773,208891,1178204,5800335280,7,0,194110
c2205,20220218,20220218,133906000,13:39:06,2773,208891,1178204,5800335280,0,0,0
c2205,20220218,20220218,133910500,13:39:10,2772,208892,1178205,5800363000,1,1,27720
c2205,20220218,20220218,133913500,13:39:13,2772,208893,1178206,5800390720,1,1,27720
c2205,20220218,20220218,133914000,13:39:15,2772,208945,1178243,5801832170,52,37,1441450
c2205,20220218,20220218,133914500,13:39:16,2772,209203,1178216,5808983910,258,-27,7151740
c2205,20220218,20220218,133915500,13:39:19,2772,209205,1178216,5809039350,2,0,55440
c2205,20220218,20220218,133916000,13:39:19,2772,209205,1178216,5809039350,0,0,0
c2205,20220218,20220218,133918000,13:39:19,2772,209205,1178216,5809039350,0,0,0
c2205,20220218,20220218,133919000,13:39:19,2772,209205,1178216,5809039350,0,0,0
c2205,20220218,20220218,133920500,13:39:20,2772,209353,1178245,5813141910,148,29,4102560
c2205,20220218,20220218,133922500,13:39:23,2772,209354,1178244,5813169630,1,-1,27720
c2205,20220218,20220218,133923500,13:39:23,2772,209354,1178244,5813169630,0,0,0
c2205,20220218,20220218,133925000,13:39:25,2772,209354,1178244,5813169630,0,0,0
c2205,20220218,20220218,133925500,13:39:26,2773,209355,1178243,5813197360,1,-1,27730
c2205,20220218,20220218,133927500,13:39:27,2773,209355,1178243,5813197360,0,0,0
c2205,20220218,20220218,133929000,13:39:29,2773,209355,1178243,5813197360,0,0,0
c2205,20220218,20220218,133930500,13:39:30,2772,209356,1178243,5813225080,1,0,27720
c2205,20220218,20220218,133934500,13:39:34,2772,209357,1178243,5813252800,1,0,27720
c2205,20220218,20220218,133935500,13:39:35,2772,209357,1178243,5813252800,0,0,0
c2205,20220218,20220218,133937500,13:39:37,2773,209358,1178243,5813280530,1,0,27730
c2205,20220218,20220218,133938500,13:39:38,2772,209370,1178248,5813613190,12,5,332660
c2205,20220218,20220218,133943000,13:39:43,2772,209370,1178248,5813613190,0,0,0
c2205,20220218,20220218,133944000,13:39:44,2772,209374,1178248,5813724070,4,0,110880
c2205,20220218,20220218,133945000,13:39:45,2773,209375,1178248,5813751800,1,0,27730
c2205,20220218,20220218,133945500,13:39:46,2773,209386,1178248,5814056830,11,0,305030
c2205,20220218,20220218,133946000,13:39:47,2773,209474,1178239,5816496980,88,-9,2440150
c2205,20220218,20220218,133947500,13:39:47,2773,209474,1178239,5816496980,0,0,0
c2205,20220218,20220218,133948000,13:39:48,2773,209474,1178239,5816496980,0,0,0
c2205,20220218,20220218,133951500,13:39:51,2773,209474,1178239,5816496980,0,0,0
c2205,20220218,20220218,133952000,13:39:53,2773,209504,1178209,5817328880,30,-30,831900
c2205,20220218,20220218,133952500,13:39:53,2773,209504,1178209,5817328880,0,0,0
c2205,20220218,20220218,133953500,13:39:54,2773,209504,1178209,5817328880,0,0,0
c2205,20220218,20220218,133954000,13:39:55,2773,209505,1178209,5817356610,1,0,27730
c2205,20220218,20220218,133956500,13:39:57,2772,209510,1178213,5817495220,5,4,138610
c2205,20220218,20220218,133957000,13:39:57,2773,209511,1178212,5817522950,1,-1,27730
c2205,20220218,20220218,133957500,13:40:13,2773,209511,1178212,5817522950,0,0,0
c2205,20220218,20220218,133958000,13:40:13,2773,209511,1178212,5817522950,0,0,0
c2205,20220218,20220218,133958500,13:40:13,2773,209511,1178212,5817522950,0,0,0
c2205,20220218,20220218,134012500,13:40:13,2773,209511,1178212,5817522950,0,0,0
c2205,20220218,20220218,134013000,13:40:13,2773,209511,1178212,5817522950,0,0,0
c2205,20220218,20220218,134013500,13:40:13,2773,209511,1178212,5817522950,0,0,0
c2205,20220218,20220218,134014000,13:40:14,2773,209553,1178213,5818687490,42,1,1164540
c2205,20220218,20220218,134015000,13:40:16,2772,209560,1178220,5818881570,7,7,194080
c2205,20220218,20220218,134017000,13:40:17,2773,209561,1178221,5818909300,1,1,27730
c2205,20220218,20220218,134018000,13:40:19,2773,209588,1178221,5819658010,27,0,748710
c2205,20220218,20220218,134018500,13:40:19,2773,209588,1178221,5819658010,0,0,0
c2205,20220218,20220218,134019000,13:40:19,2773,209589,1178222,5819685740,1,1,27730
c2205,20220218,20220218,134021500,13:40:22,2773,209589,1178222,5819685740,0,0,0
c2205,20220218,20220218,134022000,13:40:22,2773,209590,1178223,5819713470,1,1,27730
c2205,20220218,20220218,134022500,13:40:23,2773,209590,1178223,5819713470,0,0,0
c2205,20220218,20220218,134023500,13:40:24,2772,209594,1178223,5819824350,4,0,110880
c2205,20220218,20220218,134026000,13:40:26,2772,209595,1178224,5819852070,1,1,27720
c2205,20220218,20220218,134027500,13:40:28,2773,209596,1178225,5819879800,1,1,27730
c2205,20220218,20220218,134028500,13:40:29,2773,209597,1178226,5819907530,1,1,27730
c2205,20220218,20220218,134029000,13:40:30,2773,209597,1178226,5819907530,0,0,0
c2205,20220218,20220218,134030500,13:40:31,2772,209599,1178226,5819962970,2,0,55440
c2205,20220218,20220218,134031500,13:40:32,2772,209599,1178226,5819962970,0,0,0
c2205,20220218,20220218,134032000,13:40:32,2773,209600,1178226,5819990700,1,0,27730
