cs2203,20220218,20220218,112003000,11:20:04,3066,40380,53374,1240650450,40380,-4279,1240650450
cs2203,20220218,20220218,112003500,11:20:09,3066,40380,53374,1240650450,0,0,0
cs2203,20220218,20220218,112005500,11:20:10,3066,40380,53374,1240650450,0,0,0
cs2203,20220218,20220218,112006500,11:20:10,3066,40380,53374,1240650450,0,0,0
cs2203,20220218,20220218,112007000,11:20:10,3065,40381,53373,1240681100,1,-1,30650
cs2203,20220218,20220218,112007500,11:20:10,3065,40381,53373,1240681100,0,0,0
cs2203,20220218,20220218,112008000,11:20:10,3065,40381,53373,1240681100,0,0,0
cs2203,20220218,20220218,112008500,11:20:10,3065,40381,53373,1240681100,0,0,0
cs2203,20220218,20220218,112009000,11:20:10,3065,40381,53373,1240681100,0,0,0
cs2203,20220218,20220218,112009500,11:20:10,3065,40381,53373,1240681100,0,0,0
cs2203,20220218,20220218,112010500,11:20:10,3065,40381,53373,1240681100,0,0,0
cs2203,20220218,20220218,112012500,11:20:12,3065,40382,53372,1240711750,1,-1,30650
cs2203,20220218,20220218,112015000,11:20:15,3065,40382,53372,1240711750,0,0,0
cs2203,20220218,20220218,112016500,11:20:16,3065,40383,53371,1240742400,1,-1,30650
cs2203,20220218,20220218,112020500,11:20:20,3065,40383,53371,1240742400,0,0,0
cs2203,20220218,20220218,112022000,11:20:22,3065,40383,53371,1240742400,0,0,0
cs2203,20220218,20220218,112023500,11:20:23,3065,40384,53371,1240773050,1,0,30650
cs2203,20220218,20220218,112025000,11:20:25,3065,40384,53371,1240773050,0,0,0
cs2203,20220218,20220218,112028500,11:20:28,3066,40385,53372,1240803710,1,1,30660
cs2203,20220218,20220218,112031500,11:20:32,3065,40395,53372,1241110210,10,0,306500
cs2203,20220218,20220218,112036000,11:20:36,3065,40395,53372,1241110210,0,0,0
cs2203,20220218,20220218,112037000,11:20:37,3065,40395,53372,1241110210,0,0,0
cs2203,20220218,20220218,112037500,11:20:38,3065,40396,53372,1241140860,1,0,30650
cs2203,20220218,20220218,112039500,11:20:39,3065,40396,53372,1241140860,0,0,0
cs2203,20220218,20220218,112047000,11:20:47,3065,40397,53373,1241171510,1,1,30650
cs2203,20220218,20220218,112047500,11:20:48,3066,40399,53375,1241232830,2,2,61320
cs2203,20220218,20220218,112049500,11:20:50,3065,40406,53379,1241447440,7,4,214610
cs2203,20220218,20220218,112050500,11:20:51,3065,40406,53379,1241447440,0,0,0
cs2203,20220218,20220218,112051000,11:20:51,3066,40461,53416,1243133740,55,37,1686300
cs2203,20220218,20220218,112051500,11:20:51,3066,40461,53416,1243133740,0,0,0
cs2203,20220218,20220218,112052000,11:20:52,3066,40461,53416,1243133740,0,0,0
cs2203,20220218,20220218,112052500,11:20:53,3067,40463,53416,1243195080,2,0,61340
cs2203,20220218,20220218,112053000,11:20:53,3066,40466,53415,1243287070,3,-1,91990
cs2203,20220218,20220218,112055500,11:20:56,3067,40467,53415,1243317740,1,0,30670
cs2203,20220218,20220218,112056000,11:20:56,3067,40468,53414,1243348410,1,-1,30670
cs2203,20220218,20220218,112057500,11:20:58,3067,40468,53414,1243348410,0,0,0
cs2203,20220218,20220218,112101000,11:21:01,3067,40468,53414,1243348410,0,0,0
cs2203,20220218,20220218,112102500,11:21:03,3067,40468,53414,1243348410,0,0,0
cs2203,20220218,20220218,112103000,11:21:03,3067,40470,53413,1243409750,2,-1,61340
cs2203,20220218,20220218,112103500,11:21:03,3067,40470,53413,1243409750,0,0,0
cs2203,20220218,20220218,112105500,11:21:06,3067,40471,53413,1243440420,1,0,30670
cs2203,20220218,20220218,112107000,11:21:09,3067,40471,53413,1243440420,0,0,0
cs2203,20220218,20220218,112110000,11:21:10,3066,40473,53413,1243501740,2,0,61320
cs2203,20220218,20220218,112110500,11:21:11,3066,40475,53415,1243563070,2,2,61330
cs2203,20220218,20220218,112111500,11:21:12,3066,40475,53415,1243563070,0,0,0
cs2203,20220218,20220218,112113500,11:21:13,3066,40475,53415,1243563070,0,0,0
cs2203,20220218,20220218,112114000,11:21:14,3066,40475,53415,1243563070,0,0,0
cs2203,20220218,20220218,112116000,11:21:16,3066,40475,53415,1243563070,0,0,0
cs2203,20220218,20220218,112116500,11:21:16,3066,40475,53415,1243563070,0,0,0
cs2203,20220218,20220218,112124000,11:21:24,3066,40475,53415,1243563070,0,0,0
cs2203,20220218,20220218,112332500,11:23:33,3066,40475,53415,1243563070,0,0,0
cs2203,20220218,20220218,112333000,11:23:33,3066,40475,53415,1243563070,0,0,0
cs2203,20220218,20220218,112336500,11:23:38,3066,40475,53415,1243563070,0,0,0
cs2203,20220218,20220218,112339500,11:23:39,3066,40475,53415,1243563070,0,0,0
cs2203,20220218,20220218,112341500,11:23:41,3066,40475,53415,1243563070,0,0,0
cs2203,20220218,20220218,112343000,11:23:43,3065,40644,53441,1248743970,169,26,5180900
cs2203,20220218,20220218,112343500,11:23:43,3065,40644,53441,1248743970,0,0,0
cs2203,20220218,20220218,112344000,11:23:45,3065,40644,53441,1248743970,0,0,0
cs2203,20220218,20220218,112347500,11:23:48,3066,40646,53442,1248805280,2,1,61310
cs2203,20220218,20220218,112349000,11:23:49,3066,40646,53442,1248805280,0,0,0
cs2203,20220218,20220218,112350500,11:23:50,3064,40658,53442,1249173050,12,0,367770
cs2203,20220218,20220218,112351000,11:23:51,3064,40659,53442,1249203690,1,0,30640
cs2203,20220218,20220218,112353000,11:23:53,3064,40659,53442,1249203690,0,0,0
cs2203,20220218,20220218,112353500,11:23:53,3064,40659,53442,1249203690,0,0,0
cs2203,20220218,20220218,112354500,11:23:55,3064,40660,53442,1249234330,1,0,30640
cs2203,20220218,20220218,112355000,11:23:55,3064,40660,53442,1249234330,0,0,0
cs2203,20220218,20220218,112355500,11:23:55,3064,40660,53442,1249234330,0,0,0
cs2203,20220218,20220218,112356500,11:23:56,3065,40661,53443,1249264980,1,1,30650
cs2203,20220218,20220218,112357000,11:23:57,3065,40661,53443,1249264980,0,0,0
cs2203,20220218,20220218,112357500,11:23:57,3065,40661,53443,1249264980,0,0,0
cs2203,20220218,20220218,112358000,11:23:58,3065,40662,53444,1249295630,1,1,30650
cs2203,20220218,20220218,112359000,11:23:59,3066,40663,53445,1249326290,1,1,30660
cs2203,20220218,20220218,112359500,11:23:59,3065,40664,53445,1249356940,1,0,30650
cs2203,20220218,20220218,112401000,11:24:01,3065,40664,53445,1249356940,0,0,0
cs2203,20220218,20220218,112402000,11:24:02,3065,40669,53442,1249510190,5,-3,153250
cs2203,20220218,20220218,112402500,11:24:02,3065,40671,53442,1249571490,2,0,61300
cs2203,20220218,20220218,112404500,11:24:04,3065,40671,53442,1249571490,0,0,0
cs2203,20220218,20220218,112408500,11:24:08,3065,40672,53442,1249602140,1,0,30650
cs2203,20220218,20220218,112409000,11:24:09,3065,40672,53442,1249602140,0,0,0
cs2203,20220218,20220218,112415500,11:24:15,3065,40673,53443,1249632790,1,1,30650
cs2203,20220218,20220218,112418000,11:24:18,3065,40674,53444,1249663440,1,1,30650
cs2203,20220218,20220218,112418500,11:24:18,3065,40675,53443,1249694090,1,-1,30650
cs2203,20220218,20220218,112419000,11:24:19,3065,40675,53443,1249694090,0,0,0
cs2203,20220218,20220218,112421500,11:24:22,3064,40676,53443,1249724730,1,0,30640
cs2203,20220218,20220218,112422000,11:24:22,3064,40676,53443,1249724730,0,0,0
cs2203,20220218,20220218,112422500,11:24:23,3065,40698,53437,1250399030,22,-6,674300
cs2203,20220218,20220218,112423000,11:24:23,3065,40703,53437,1250552280,5,0,153250
cs2203,20220218,20220218,112423500,11:24:23,3065,40704,53436,1250582930,1,-1,30650
cs2203,20220218,20220218,112425000,11:24:25,3065,40705,53436,1250613580,1,0,30650
cs2203,20220218,20220218,112425500,11:24:25,3065,40705,53436,1250613580,0,0,0
cs2203,20220218,20220218,112426000,11:24:26,3065,40705,53436,1250613580,0,0,0
cs2203,20220218,20220218,112426500,11:24:26,3065,40706,53436,1250644230,1,0,30650
cs2203,20220218,20220218,112427000,11:24:27,3065,40706,53436,1250644230,0,0,0
cs2203,20220218,20220218,112429000,11:24:29,3065,40707,53437,1250674880,1,1,30650
cs2203,20220218,20220218,112435500,11:24:35,3065,40707,53437,1250674880,0,0,0
cs2203,20220218,20220218,112437500,11:24:37,3066,40727,53438,1251288080,20,1,613200
cs2203,20220218,20220218,112438000,11:24:39,3066,40728,53437,1251318740,1,-1,30660
cs2203,20220218,20220218,112441500,11:24:41,3065,40730,53438,1251380050,2,1,61310
cs2203,20220218,20220218,112442000,11:24:42,3066,40731,53439,1251410710,1,1,30660
cs2203,20220218,20220218,112442500,11:24:42,3066,40731,53439,1251410710,0,0,0
cs2203,20220218,20220218,112449500,11:24:49,3066,40731,53439,1251410710,0,0,0
cs2203,20220218,20220218,112452000,11:24:52,3066,40731,53439,1251410710,0,0,0
cs2203,20220218,20220218,112452500,11:24:52,3065,40732,53439,1251441360,1,0,30650
cs2203,20220218,20220218,112454500,11:24:54,3065,40732,53439,1251441360,0,0,0
cs2203,20220218,20220218,112457500,11:24:57,3065,40732,53439,1251441360,0,0,0
cs2203,20220218,20220218,112458000,11:24:58,3065,40733,53439,1251472010,1,0,30650
cs2203,20220218,20220218,112459000,11:24:59,3065,40734,53440,1251502660,1,1,30650
cs2203,20220218,20220218,112459500,11:24:59,3065,40734,53440,1251502660,0,0,0
cs2203,20220218,20220218,112500000,11:25:00,3065,40743,53437,1251778510,9,-3,275850
cs2203,20220218,20220218,112500500,11:25:01,3065,40743,53437,1251778510,0,0,0
cs2203,20220218,20220218,112501000,11:25:01,3065,40743,53437,1251778510,0,0,0
cs2203,20220218,20220218,112502000,11:25:05,3065,40745,53437,1251839810,2,0,61300
cs2203,20220218,20220218,112502500,11:25:06,3065,40747,53436,1251901110,2,-1,61300
cs2203,20220218,20220218,112503000,11:25:06,3065,40748,53435,1251931760,1,-1,30650
cs2203,20220218,20220218,112505000,11:25:06,3064,40750,53436,1251993060,2,1,61300
cs2203,20220218,20220218,112510500,11:25:10,3064,40750,53436,1251993060,0,0,0
cs2203,20220218,20220218,112511000,11:25:11,3065,40752,53436,1252054360,2,0,61300
cs2203,20220218,20220218,112511500,11:25:11,3066,40755,53436,1252146340,3,0,91980
cs2203,20220218,20220218,112512000,11:25:12,3066,40755,53436,1252146340,0,0,0
cs2203,20220218,20220218,112512500,11:25:12,3066,40755,53436,1252146340,0,0,0
cs2203,20220218,20220218,112513000,11:25:13,3066,40755,53436,1252146340,0,0,0
cs2203,20220218,20220218,112516500,11:25:16,3066,40755,53436,1252146340,0,0,0
cs2203,20220218,20220218,112517000,11:25:17,3066,40755,53436,1252146340,0,0,0
cs2203,20220218,20220218,112518500,11:25:19,3066,40755,53436,1252146340,0,0,0
cs2203,20220218,20220218,112520500,11:25:21,3066,40755,53436,1252146340,0,0,0
cs2203,20220218,20220218,112521500,11:25:22,3066,40755,53436,1252146340,0,0,0
cs2203,20220218,20220218,112523500,11:25:24,3066,40756,53437,1252177000,1,1,30660
cs2203,20220218,20220218,112524000,11:25:25,3065,40788,53431,1253157800,32,-6,980800
cs2203,20220218,20220218,112524500,11:25:25,3065,40796,53431,1253403000,8,0,245200
cs2203,20220218,20220218,112525000,11:25:25,3065,40798,53431,1253464300,2,0,61300
cs2203,20220218,20220218,112525500,11:25:25,3065,40800,53431,1253525600,2,0,61300
cs2203,20220218,20220218,112526000,11:25:26,3065,40802,53431,1253586900,2,0,61300
cs2203,20220218,20220218,112526500,11:25:27,3065,40803,53431,1253617550,1,0,30650
cs2203,20220218,20220218,112527500,11:25:28,3065,40804,53431,1253648200,1,0,30650
cs2203,20220218,20220218,112528000,11:25:28,3065,40805,53431,1253678850,1,0,30650
cs2203,20220218,20220218,112528500,11:25:28,3065,40807,53431,1253740140,2,0,61290
cs2203,20220218,20220218,112529000,11:25:29,3065,40807,53431,1253740140,0,0,0
cs2203,20220218,20220218,112530000,11:25:30,3065,40808,53430,1253770790,1,-1,30650
cs2203,20220218,20220218,112531000,11:25:31,3065,40808,53430,1253770790,0,0,0
cs2203,20220218,20220218,112531500,11:25:31,3064,40871,53409,1255701110,63,-21,1930320
cs2203,20220218,20220218,112532000,11:25:32,3064,40872,53409,1255731750,1,0,30640
cs2203,20220218,20220218,112532500,11:25:32,3064,40875,53409,1255823670,3,0,91920
cs2203,20220218,20220218,112533000,11:25:33,3064,40876,53408,1255854310,1,-1,30640
cs2203,20220218,20220218,112534000,11:25:34,3064,40876,53408,1255854310,0,0,0
cs2203,20220218,20220218,112534500,11:25:34,3064,40880,53410,1255976870,4,2,122560
cs2203,20220218,20220218,112535000,11:25:36,3064,40881,53410,1256007510,1,0,30640
cs2203,20220218,20220218,112538000,11:25:38,3064,40881,53410,1256007510,0,0,0
cs2203,20220218,20220218,112538500,11:25:39,3064,40881,53410,1256007510,0,0,0
cs2203,20220218,20220218,112539000,11:25:39,3064,40881,53410,1256007510,0,0,0
cs2203,20220218,20220218,112540000,11:25:40,3064,40881,53410,1256007510,0,0,0
cs2203,20220218,20220218,112541500,11:25:41,3064,40881,53410,1256007510,0,0,0
cs2203,20220218,20220218,112542000,11:25:42,3064,40914,53423,1257018630,33,13,1011120
cs2203,20220218,20220218,112542500,11:25:42,3064,40914,53423,1257018630,0,0,0
cs2203,20220218,20220218,112543000,11:25:43,3064,40914,53423,1257018630,0,0,0
cs2203,20220218,20220218,112543500,11:25:43,3064,40914,53423,1257018630,0,0,0
cs2203,20220218,20220218,112544000,11:25:44,3064,40914,53423,1257018630,0,0,0
cs2203,20220218,20220218,112544500,11:25:44,3064,40914,53423,1257018630,0,0,0
cs2203,20220218,20220218,112545000,11:25:45,3064,40915,53423,1257049270,1,0,30640
cs2203,20220218,20220218,112551500,11:25:51,3063,40984,53395,1259162900,69,-28,2113630
cs2203,20220218,20220218,112552000,11:25:52,3063,41015,53378,1260112400,31,-17,949500
cs2203,20220218,20220218,112552500,11:25:52,3063,41018,53380,1260204290,3,2,91890
cs2203,20220218,20220218,112553000,11:25:53,3063,41025,53382,1260418700,7,2,214410
cs2203,20220218,20220218,112554500,11:25:54,3063,41025,53382,1260418700,0,0,0
cs2203,20220218,20220218,112555500,11:25:56,3063,41026,53383,1260449330,1,1,30630
cs2203,20220218,20220218,112556000,11:25:57,3063,41027,53384,1260479960,1,1,30630
cs2203,20220218,20220218,112557000,11:25:57,3063,41047,53388,1261092500,20,4,612540
cs2203,20220218,20220218,112557500,11:25:57,3063,41047,53388,1261092500,0,0,0
cs2203,20220218,20220218,112558000,11:25:59,3063,41047,53388,1261092500,0,0,0
cs2203,20220218,20220218,112558500,11:25:59,3063,41047,53388,1261092500,0,0,0
cs2203,20220218,20220218,112600000,11:26:00,3063,41047,53388,1261092500,0,0,0
cs2203,20220218,20220218,112600500,11:26:00,3063,41048,53387,1261123130,1,-1,30630
cs2203,20220218,20220218,112601000,11:26:01,3063,41048,53387,1261123130,0,0,0
cs2203,20220218,20220218,112601500,11:26:01,3063,41048,53387,1261123130,0,0,0
cs2203,20220218,20220218,112602000,11:26:03,3063,41048,53387,1261123130,0,0,0
cs2203,20220218,20220218,112605500,11:26:05,3064,41049,53387,1261153770,1,0,30640
cs2203,20220218,20220218,112608000,11:26:09,3064,41049,53387,1261153770,0,0,0
cs2203,20220218,20220218,112609000,11:26:10,3063,41055,53383,1261337550,6,-4,183780
cs2203,20220218,20220218,112610000,11:26:10,3063,41055,53383,1261337550,0,0,0
cs2203,20220218,20220218,112610500,11:26:10,3063,41055,53383,1261337550,0,0,0
cs2203,20220218,20220218,112611500,11:26:11,3063,41055,53383,1261337550,0,0,0
cs2203,20220218,20220218,112614500,11:26:15,3063,41055,53383,1261337550,0,0,0
cs2203,20220218,20220218,112615500,11:26:16,3062,41056,53383,1261368170,1,0,30620
cs2203,20220218,20220218,112616000,11:26:16,3062,41066,53374,1261674390,10,-9,306220
cs2203,20220218,20220218,112616500,11:26:16,3062,41068,53372,1261735640,2,-2,61250
cs2203,20220218,20220218,112617000,11:26:17,3063,41071,53372,1261827520,3,0,91880
cs2203,20220218,20220218,112620000,11:26:20,3063,41071,53372,1261827520,0,0,0
cs2203,20220218,20220218,112620500,11:26:20,3062,41073,53371,1261888770,2,-1,61250
cs2203,20220218,20220218,112621500,11:26:21,3064,41083,53362,1262194990,10,-9,306220
cs2203,20220218,20220218,112622000,11:26:22,3064,41083,53362,1262194990,0,0,0
cs2203,20220218,20220218,112622500,11:26:22,3064,41083,53362,1262194990,0,0,0
cs2203,20220218,20220218,112624000,11:26:24,3064,41083,53362,1262194990,0,0,0
cs2203,20220218,20220218,112633000,11:26:33,3063,41089,53367,1262378770,6,5,183780
cs2203,20220218,20220218,112633500,11:26:34,3063,41089,53367,1262378770,0,0,0
cs2203,20220218,20220218,112634000,11:26:34,3063,41090,53367,1262409400,1,0,30630
cs2203,20220218,20220218,112634500,11:26:37,3063,41090,53367,1262409400,0,0,0
cs2203,20220218,20220218,112635000,11:26:37,3063,41091,53366,1262440030,1,-1,30630
cs2203,20220218,20220218,112635500,11:26:37,3063,41091,53366,1262440030,0,0,0
cs2203,20220218,20220218,112638500,11:27:10,3062,41092,53366,1262470650,1,0,30620
cs2203,20220218,20220218,112652500,11:27:10,3063,41148,53326,1264185950,56,-40,1715300
cs2203,20220218,20220218,112708000,11:27:12,3063,41148,53326,1264185950,0,0,0
cs2203,20220218,20220218,112713000,11:27:13,3063,41148,53326,1264185950,0,0,0
cs2203,20220218,20220218,112714500,11:27:15,3063,41148,53326,1264185950,0,0,0
cs2203,20220218,20220218,112715500,11:27:16,3063,41148,53326,1264185950,0,0,0
cs2203,20220218,20220218,112717000,11:27:17,3063,41148,53326,1264185950,0,0,0
cs2203,20220218,20220218,112722500,11:27:22,3063,41148,53326,1264185950,0,0,0
cs2203,20220218,20220218,112723500,11:27:27,3063,41148,53326,1264185950,0,0,0
cs2203,20220218,20220218,112724500,11:27:27,3063,41148,53326,1264185950,0,0,0
cs2203,20220218,20220218,112725500,11:27:27,3062,41171,53307,1264890410,23,-19,704460
cs2203,20220218,20220218,112727500,11:27:27,3063,41172,53306,1264921040,1,-1,30630
cs2203,20220218,20220218,112729000,11:27:29,3063,41173,53305,1264951670,1,-1,30630
cs2203,20220218,20220218,112730000,11:27:30,3063,41174,53305,1264982300,1,0,30630
cs2203,20220218,20220218,112731000,11:27:32,3063,41174,53305,1264982300,0,0,0
cs2203,20220218,20220218,112732500,11:27:36,3063,41174,53305,1264982300,0,0,0
cs2203,20220218,20220218,112734500,11:27:36,3063,41174,53305,1264982300,0,0,0
cs2203,20220218,20220218,112736000,11:27:36,3062,41175,53304,1265012920,1,-1,30620
cs2203,20220218,20220218,112736500,11:27:37,3062,41175,53304,1265012920,0,0,0
cs2203,20220218,20220218,112740500,11:27:40,3062,41175,53304,1265012920,0,0,0
cs2203,20220218,20220218,112743000,11:27:43,3062,41175,53304,1265012920,0,0,0
cs2203,20220218,20220218,112743500,11:27:43,3062,41176,53304,1265043540,1,0,30620
cs2203,20220218,20220218,112745500,11:27:46,3062,41176,53304,1265043540,0,0,0
cs2203,20220218,20220218,112748500,11:27:54,3063,41182,53304,1265227320,6,0,183780
cs2203,20220218,20220218,112749000,11:27:54,3062,41183,53304,1265257940,1,0,30620
cs2203,20220218,20220218,112754000,11:27:54,3062,41228,53320,1266635840,45,16,1377900
cs2203,20220218,20220218,112754500,11:27:54,3062,41233,53315,1266788940,5,-5,153100
cs2203,20220218,20220218,112757500,11:27:57,3062,41233,53315,1266788940,0,0,0
cs2203,20220218,20220218,112758000,11:27:58,3062,41233,53315,1266788940,0,0,0
cs2203,20220218,20220218,112759000,11:27:59,3062,41233,53315,1266788940,0,0,0
cs2203,20220218,20220218,112801000,11:28:01,3063,41258,53336,1267554690,25,21,765750
cs2203,20220218,20220218,112801500,11:28:02,3063,41270,53337,1267922300,12,1,367610
cs2203,20220218,20220218,112802000,11:28:03,3063,41270,53337,1267922300,0,0,0
cs2203,20220218,20220218,112804000,11:28:04,3063,41271,53338,1267952930,1,1,30630
cs2203,20220218,20220218,112804500,11:28:05,3063,41271,53338,1267952930,0,0,0
cs2203,20220218,20220218,112806000,11:28:08,3063,41271,53338,1267952930,0,0,0
cs2203,20220218,20220218,112806500,11:28:10,3063,41272,53338,1267983560,1,0,30630
cs2203,20220218,20220218,112807000,11:28:10,3063,41272,53338,1267983560,0,0,0
cs2203,20220218,20220218,112809500,11:28:11,3063,41272,53338,1267983560,0,0,0
cs2203,20220218,20220218,112812000,11:28:12,3064,41275,53337,1268075460,3,-1,91900
cs2203,20220218,20220218,112812500,11:28:13,3063,41276,53338,1268106090,1,1,30630
cs2203,20220218,20220218,112813000,11:28:13,3063,41276,53338,1268106090,0,0,0
cs2203,20220218,20220218,112814000,11:28:14,3064,41277,53337,1268136730,1,-1,30640
cs2203,20220218,20220218,112816500,11:28:16,3063,41280,53337,1268228620,3,0,91890
cs2203,20220218,20220218,112818500,11:28:18,3063,41280,53337,1268228620,0,0,0
cs2203,20220218,20220218,112820000,11:28:20,3063,41280,53337,1268228620,0,0,0
cs2203,20220218,20220218,112821500,11:28:22,3062,41393,53308,1271688880,113,-29,3460260
cs2203,20220218,20220218,112822000,11:28:22,3062,41393,53308,1271688880,0,0,0
cs2203,20220218,20220218,112822500,11:28:22,3062,41393,53308,1271688880,0,0,0
cs2203,20220218,20220218,112823500,11:28:23,3062,41397,53312,1271811360,4,4,122480
cs2203,20220218,20220218,112825500,11:28:25,3063,41398,53312,1271841990,1,0,30630
cs2203,20220218,20220218,112826000,11:28:26,3063,41399,53312,1271872620,1,0,30630
cs2203,20220218,20220218,112827000,11:28:27,3063,41399,53312,1271872620,0,0,0
cs2203,20220218,20220218,112827500,11:28:27,3062,41400,53313,1271903240,1,1,30620
cs2203,20220218,20220218,112828000,11:28:28,3063,41401,53312,1271933870,1,-1,30630
cs2203,20220218,20220218,112831500,11:28:31,3063,41401,53312,1271933870,0,0,0
cs2203,20220218,20220218,112832500,11:28:33,3063,41419,53321,1272485210,18,9,551340
cs2203,20220218,20220218,112833000,11:28:33,3063,41443,53321,1273220330,24,0,735120
cs2203,20220218,20220218,112833500,11:28:33,3063,41443,53321,1273220330,0,0,0
cs2203,20220218,20220218,112834500,11:28:34,3063,41443,53321,1273220330,0,0,0
cs2203,20220218,20220218,112835000,11:28:35,3063,41444,53322,1273250960,1,1,30630
cs2203,20220218,20220218,112836000,11:28:37,3062,41445,53323,1273281580,1,1,30620
cs2203,20220218,20220218,112836500,11:28:37,3063,41446,53323,1273312210,1,0,30630
cs2203,20220218,20220218,112840500,11:28:40,3063,41446,53323,1273312210,0,0,0
cs2203,20220218,20220218,112841500,11:28:41,3063,41446,53323,1273312210,0,0,0
cs2203,20220218,20220218,112842000,11:28:42,3063,41446,53323,1273312210,0,0,0
cs2203,20220218,20220218,112844500,11:28:44,3063,41446,53323,1273312210,0,0,0
cs2203,20220218,20220218,112845000,11:28:45,3063,41447,53322,1273342840,1,-1,30630
cs2203,20220218,20220218,112846000,11:28:46,3063,41448,53322,1273373470,1,0,30630
cs2203,20220218,20220218,112849000,11:28:49,3063,41448,53322,1273373470,0,0,0
cs2203,20220218,20220218,112850000,11:28:50,3063,41448,53322,1273373470,0,0,0
cs2203,20220218,20220218,112852000,11:28:52,3063,41448,53322,1273373470,0,0,0
cs2203,20220218,20220218,112854000,11:28:54,3063,41450,53322,1273434730,2,0,61260
cs2203,20220218,20220218,112856000,11:28:56,3063,41451,53322,1273465360,1,0,30630
cs2203,20220218,20220218,112857000,11:28:57,3063,41451,53322,1273465360,0,0,0
cs2203,20220218,20220218,112857500,11:28:58,3063,41451,53322,1273465360,0,0,0
cs2203,20220218,20220218,112858000,11:28:58,3063,41451,53322,1273465360,0,0,0
cs2203,20220218,20220218,112858500,11:28:59,3063,41451,53322,1273465360,0,0,0
cs2203,20220218,20220218,112859000,11:28:59,3063,41461,53328,1273771660,10,6,306300
cs2203,20220218,20220218,112859500,11:29:00,3062,41462,53329,1273802280,1,1,30620
cs2203,20220218,20220218,112900000,11:29:00,3062,41463,53329,1273832900,1,0,30620
cs2203,20220218,20220218,112900500,11:29:01,3063,41464,53329,1273863530,1,0,30630
cs2203,20220218,20220218,112901000,11:29:01,3063,41464,53329,1273863530,0,0,0
cs2203,20220218,20220218,112903500,11:29:03,3063,41469,53327,1274016670,5,-2,153140
cs2203,20220218,20220218,112904000,11:29:04,3063,41471,53327,1274077930,2,0,61260
cs2203,20220218,20220218,112905000,11:29:05,3063,41475,53323,1274200450,4,-4,122520
cs2203,20220218,20220218,112907500,11:29:08,3063,41475,53323,1274200450,0,0,0
cs2203,20220218,20220218,112908000,11:29:08,3063,41475,53323,1274200450,0,0,0
cs2203,20220218,20220218,112909500,11:29:09,3063,41475,53323,1274200450,0,0,0
cs2203,20220218,20220218,112912500,11:29:12,3063,41475,53323,1274200450,0,0,0
cs2203,20220218,20220218,112913000,11:29:13,3063,41475,53323,1274200450,0,0,0
cs2203,20220218,20220218,112916000,11:29:16,3063,41485,53323,1274506750,10,0,306300
cs2203,20220218,20220218,112916500,11:29:16,3062,41487,53323,1274567990,2,0,61240
cs2203,20220218,20220218,112917500,11:29:20,3062,41487,53323,1274567990,0,0,0
cs2203,20220218,20220218,112918500,11:29:21,3063,41488,53323,1274598620,1,0,30630
cs2203,20220218,20220218,112920000,11:29:21,3063,41489,53323,1274629250,1,0,30630
cs2203,20220218,20220218,112922500,11:29:24,3062,41490,53324,1274659870,1,1,30620
cs2203,20220218,20220218,112923000,11:29:24,3062,41490,53324,1274659870,0,0,0
cs2203,20220218,20220218,112924500,11:29:24,3063,41491,53324,1274690500,1,0,30630
cs2203,20220218,20220218,112925500,11:29:25,3062,41492,53325,1274721120,1,1,30620
cs2203,20220218,20220218,112928500,11:29:28,3062,41492,53325,1274721120,0,0,0
cs2203,20220218,20220218,112929000,11:29:29,3062,41492,53325,1274721120,0,0,0
cs2203,20220218,20220218,112931500,11:29:32,3062,41493,53326,1274751740,1,1,30620
cs2203,20220218,20220218,112932000,11:29:32,3062,41494,53327,1274782360,1,1,30620
cs2203,20220218,20220218,112932500,11:29:36,3063,41495,53326,1274812990,1,-1,30630
cs2203,20220218,20220218,112936500,11:29:38,3063,41495,53326,1274812990,0,0,0
cs2203,20220218,20220218,112937500,11:29:38,3063,41501,53326,1274996730,6,0,183740
cs2203,20220218,20220218,112938000,11:29:38,3062,41507,53326,1275180450,6,0,183720
cs2203,20220218,20220218,112939000,11:29:39,3062,41507,53326,1275180450,0,0,0
cs2203,20220218,20220218,112939500,11:29:39,3063,41508,53325,1275211080,1,-1,30630
cs2203,20220218,20220218,112940000,11:29:40,3063,41508,53325,1275211080,0,0,0
cs2203,20220218,20220218,112942000,11:29:42,3063,41508,53325,1275211080,0,0,0
cs2203,20220218,20220218,112942500,11:29:44,3063,41509,53325,1275241710,1,0,30630
cs2203,20220218,20220218,112943500,11:29:45,3062,41511,53325,1275302950,2,0,61240
cs2203,20220218,20220218,112944000,11:29:45,3063,41515,53326,1275425470,4,1,122520
cs2203,20220218,20220218,112944500,11:29:45,3063,41515,53326,1275425470,0,0,0
cs2203,20220218,20220218,112945000,11:29:46,3063,41515,53326,1275425470,0,0,0
cs2203,20220218,20220218,112946000,11:29:46,3062,41517,53327,1275486710,2,1,61240
cs2203,20220218,20220218,112946500,11:29:47,3062,41517,53327,1275486710,0,0,0
cs2203,20220218,20220218,112947000,11:29:47,3062,41518,53327,1275517330,1,0,30620
cs2203,20220218,20220218,112947500,11:29:48,3063,41530,53329,1275884890,12,2,367560
cs2203,20220218,20220218,112951000,11:29:52,3063,41532,53330,1275946140,2,1,61250
cs2203,20220218,20220218,112952500,11:29:53,3063,41532,53330,1275946140,0,0,0
cs2203,20220218,20220218,112954500,11:29:54,3062,41534,53330,1276007380,2,0,61240
cs2203,20220218,20220218,112955000,11:29:55,3062,41534,53330,1276007380,0,0,0
cs2203,20220218,20220218,112955500,11:29:55,3062,41534,53330,1276007380,0,0,0
cs2203,20220218,20220218,112957000,11:30:00,3064,41543,53337,1276282980,9,7,275600
cs2203,20220218,20220218,112957500,11:30:02,3064,41544,53336,1276313620,1,-1,30640
cs2203,20220218,20220218,112958500,11:30:02,3062,41546,53335,1276374880,2,-1,61260
cs2203,20220218,20220218,113000000,11:30:03,3062,41546,53335,1276374880,0,0,0
cs2203,20220218,20220218,113000500,11:30:03,3064,41547,53335,1276405520,1,0,30640
cs2203,20220218,20220218,113001500,11:30:03,3064,41547,53335,1276405520,0,0,0
cs2203,20220218,20220218,133001500,13:30:01,3063,41549,53336,1276466780,2,1,61260
cs2203,20220218,20220218,133002000,13:30:04,3063,41553,53338,1276589300,4,2,122520
cs2203,20220218,20220218,133002500,13:30:09,3063,41560,53331,1276803710,7,-7,214410
cs2203,20220218,20220218,133008000,13:30:10,3063,41582,53335,1277477560,22,4,673850
cs2203,20220218,20220218,133010000,13:30:11,3063,41582,53335,1277477560,0,0,0
cs2203,20220218,20220218,133010500,13:30:11,3063,41583,53336,1277508190,1,1,30630
cs2203,20220218,20220218,133011000,13:30:12,3062,41591,53343,1277753150,8,7,244960
cs2203,20220218,20220218,133011500,13:30:13,3062,41591,53343,1277753150,0,0,0
cs2203,20220218,20220218,133012500,13:30:13,3062,41593,53345,1277814400,2,2,61250
cs2203,20220218,20220218,133013000,13:30:13,3063,41594,53345,1277845030,1,0,30630
cs2203,20220218,20220218,133013500,13:30:14,3062,41595,53346,1277875650,1,1,30620
cs2203,20220218,20220218,133014000,13:30:15,3062,41595,53346,1277875650,0,0,0
cs2203,20220218,20220218,133014500,13:30:16,3062,41595,53346,1277875650,0,0,0
cs2203,20220218,20220218,133015000,13:30:17,3062,41595,53346,1277875650,0,0,0
cs2203,20220218,20220218,133016500,13:30:18,3062,41595,53346,1277875650,0,0,0
cs2203,20220218,20220218,133017000,13:30:18,3062,41595,53346,1277875650,0,0,0
cs2203,20220218,20220218,133017500,13:30:19,3062,41595,53346,1277875650,0,0,0
cs2203,20220218,20220218,133018000,13:30:19,3063,41597,53344,1277936910,2,-2,61260
cs2203,20220218,20220218,133018500,13:30:19,3063,41597,53344,1277936910,0,0,0
cs2203,20220218,20220218,133019000,13:30:20,3063,41597,53344,1277936910,0,0,0
cs2203,20220218,20220218,133019500,13:30:20,3063,41598,53344,1277967540,1,0,30630
cs2203,20220218,20220218,133020000,13:30:21,3062,41599,53345,1277998160,1,1,30620
cs2203,20220218,20220218,133020500,13:30:21,3062,41599,53345,1277998160,0,0,0
cs2203,20220218,20220218,133021000,13:30:21,3062,41599,53345,1277998160,0,0,0
cs2203,20220218,20220218,133022000,13:30:22,3062,41599,53345,1277998160,0,0,0
cs2203,20220218,20220218,133037500,13:30:40,3062,41599,53345,1277998160,0,0,0
cs2203,20220218,20220218,133038500,13:30:41,3062,41599,53345,1277998160,0,0,0
cs2203,20220218,20220218,133039500,13:30:42,3062,41599,53345,1277998160,0,0,0
cs2203,20220218,20220218,133042500,13:30:44,3062,41599,53345,1277998160,0,0,0
cs2203,20220218,20220218,133043000,13:30:44,3062,41599,53345,1277998160,0,0,0
cs2203,20220218,20220218,133043500,13:30:44,3062,41599,53345,1277998160,0,0,0
cs2203,20220218,20220218,133045000,13:30:46,3062,41599,53345,1277998160,0,0,0
cs2203,20220218,20220218,133045500,13:30:46,3062,41680,53329,1280478610,81,-16,2480450
cs2203,20220218,20220218,133046000,13:30:47,3062,41687,53330,1280692950,7,1,214340
cs2203,20220218,20220218,133046500,13:30:47,3062,41688,53330,1280723570,1,0,30620
cs2203,20220218,20220218,133047000,13:30:47,3062,41688,53330,1280723570,0,0,0
cs2203,20220218,20220218,133047500,13:30:48,3062,41688,53330,1280723570,0,0,0
cs2203,20220218,20220218,133049000,13:30:49,3062,41688,53330,1280723570,0,0,0
cs2203,20220218,20220218,133051000,13:30:52,3062,41690,53330,1280784810,2,0,61240
cs2203,20220218,20220218,133051500,13:30:52,3062,41690,53330,1280784810,0,0,0
cs2203,20220218,20220218,133052500,13:30:53,3062,41690,53330,1280784810,0,0,0
cs2203,20220218,20220218,133055000,13:30:55,3062,41694,53331,1280907290,4,1,122480
cs2203,20220218,20220218,133057000,13:30:57,3062,41694,53331,1280907290,0,0,0
cs2203,20220218,20220218,133101000,13:31:01,3061,41695,53331,1280937900,1,0,30610
cs2203,20220218,20220218,133101500,13:31:01,3061,41707,53330,1281305240,12,-1,367340
cs2203,20220218,20220218,133102500,13:31:02,3061,41707,53330,1281305240,0,0,0
cs2203,20220218,20220218,133103000,13:31:03,3061,41707,53330,1281305240,0,0,0
cs2203,20220218,20220218,133103500,13:31:04,3062,41708,53331,1281335860,1,1,30620
cs2203,20220218,20220218,133104000,13:31:06,3062,41708,53331,1281335860,0,0,0
cs2203,20220218,20220218,133106000,13:31:08,3062,41710,53333,1281397100,2,2,61240
cs2203,20220218,20220218,133106500,13:31:08,3061,41712,53333,1281458320,2,0,61220
cs2203,20220218,20220218,133108000,13:31:09,3061,41712,53333,1281458320,0,0,0
cs2203,20220218,20220218,133109500,13:31:10,3061,41712,53333,1281458320,0,0,0
cs2203,20220218,20220218,133110000,13:31:11,3061,41714,53335,1281519540,2,2,61220
cs2203,20220218,20220218,133110500,13:31:11,3061,41714,53335,1281519540,0,0,0
cs2203,20220218,20220218,133111500,13:31:12,3061,41714,53335,1281519540,0,0,0
cs2203,20220218,20220218,133112000,13:31:12,3061,41715,53336,1281550150,1,1,30610
cs2203,20220218,20220218,133112500,13:31:13,3061,41716,53336,1281580760,1,0,30610
cs2203,20220218,20220218,133113000,13:31:13,3061,41717,53337,1281611370,1,1,30610
cs2203,20220218,20220218,133113500,13:31:14,3061,41718,53338,1281641980,1,1,30610
cs2203,20220218,20220218,133115000,13:31:15,3061,41719,53339,1281672590,1,1,30610
cs2203,20220218,20220218,133115500,13:31:15,3061,41720,53340,1281703200,1,1,30610
cs2203,20220218,20220218,133117500,13:31:18,3062,41730,53343,1282009400,10,3,306200
cs2203,20220218,20220218,133118000,13:31:18,3062,41730,53343,1282009400,0,0,0
cs2203,20220218,20220218,133120500,13:31:21,3062,41730,53343,1282009400,0,0,0
cs2203,20220218,20220218,133121000,13:31:21,3062,41730,53343,1282009400,0,0,0
cs2203,20220218,20220218,133121500,13:31:22,3062,41731,53343,1282040020,1,0,30620
cs2203,20220218,20220218,133122000,13:31:22,3062,41731,53343,1282040020,0,0,0
cs2203,20220218,20220218,133122500,13:31:23,3062,41731,53343,1282040020,0,0,0
cs2203,20220218,20220218,133123000,13:31:25,3062,41731,53343,1282040020,0,0,0
cs2203,20220218,20220218,133123500,13:31:25,3061,41780,53316,1283539910,49,-27,1499890
cs2203,20220218,20220218,133124000,13:31:25,3061,41789,53312,1283815400,9,-4,275490
cs2203,20220218,20220218,133124500,13:31:25,3061,41799,53314,1284121500,10,2,306100
cs2203,20220218,20220218,133158500,13:31:58,3061,41799,53314,1284121500,0,0,0
cs2203,20220218,20220218,133159000,13:31:59,3061,41800,53315,1284152110,1,1,30610
cs2203,20220218,20220218,133200000,13:32:00,3061,41800,53315,1284152110,0,0,0
cs2203,20220218,20220218,133200500,13:32:01,3059,42256,53561,1298105900,456,246,13953790
cs2203,20220218,20220218,133201000,13:32:01,3059,42276,53551,1298717720,20,-10,611820
cs2203,20220218,20220218,133201500,13:32:01,3059,42279,53549,1298809490,3,-2,91770
cs2203,20220218,20220218,133202000,13:32:03,3059,42279,53549,1298809490,0,0,0
cs2203,20220218,20220218,133202500,13:32:03,3059,42311,53538,1299788370,32,-11,978880
cs2203,20220218,20220218,133203000,13:32:04,3060,42321,53541,1300094290,10,3,305920
cs2203,20220218,20220218,133203500,13:32:05,3059,42327,53544,1300277870,6,3,183580
cs2203,20220218,20220218,133204000,13:32:05,3059,42328,53545,1300308460,1,1,30590
cs2203,20220218,20220218,133205000,13:32:06,3060,42335,53547,1300522610,7,2,214150
cs2203,20220218,20220218,133205500,13:32:06,3060,42335,53547,1300522610,0,0,0
cs2203,20220218,20220218,133206000,13:32:06,3060,42341,53550,1300706160,6,3,183550
cs2203,20220218,20220218,133206500,13:32:07,3059,42343,53549,1300767340,2,-1,61180
cs2203,20220218,20220218,133207000,13:32:07,3059,42345,53550,1300828530,2,1,61190
cs2203,20220218,20220218,133207500,13:32:07,3059,42345,53550,1300828530,0,0,0
cs2203,20220218,20220218,133208000,13:32:09,3059,42353,53551,1301073250,8,1,244720
cs2203,20220218,20220218,133208500,13:32:09,3060,42354,53552,1301103850,1,1,30600
cs2203,20220218,20220218,133209000,13:32:10,3058,42355,53552,1301134430,1,0,30580
cs2203,20220218,20220218,133209500,13:32:10,3060,42405,53539,1302663760,50,-13,1529330
cs2203,20220218,20220218,133210000,13:32:10,3059,42410,53544,1302816740,5,5,152980
cs2203,20220218,20220218,133210500,13:32:13,3059,42416,53544,1303000280,6,0,183540
cs2203,20220218,20220218,133211000,13:32:14,3059,42416,53544,1303000280,0,0,0
cs2203,20220218,20220218,133212500,13:32:15,3059,42416,53544,1303000280,0,0,0
cs2203,20220218,20220218,133213500,13:32:15,3060,42420,53545,1303122660,4,1,122380
cs2203,20220218,20220218,133214000,13:32:15,3060,42420,53545,1303122660,0,0,0
cs2203,20220218,20220218,133214500,13:32:15,3059,42425,53547,1303275650,5,2,152990
cs2203,20220218,20220218,133215000,13:32:16,3060,42579,53482,1307988050,154,-65,4712400
cs2203,20220218,20220218,133215500,13:32:16,3060,42581,53482,1308049250,2,0,61200
cs2203,20220218,20220218,133216000,13:32:17,3060,42581,53482,1308049250,0,0,0
cs2203,20220218,20220218,133216500,13:32:17,3060,42582,53481,1308079850,1,-1,30600
cs2203,20220218,20220218,133217500,13:32:18,3060,42582,53481,1308079850,0,0,0
cs2203,20220218,20220218,133219000,13:32:20,3060,42582,53481,1308079850,0,0,0
cs2203,20220218,20220218,133219500,13:32:20,3060,42582,53481,1308079850,0,0,0
cs2203,20220218,20220218,133220000,13:32:20,3060,42582,53481,1308079850,0,0,0
cs2203,20220218,20220218,133220500,13:32:21,3060,42582,53481,1308079850,0,0,0
cs2203,20220218,20220218,133221000,13:32:21,3060,42582,53481,1308079850,0,0,0
cs2203,20220218,20220218,133222500,13:32:23,3060,42582,53481,1308079850,0,0,0
cs2203,20220218,20220218,133223000,13:32:24,3060,42614,53493,1309059050,32,12,979200
cs2203,20220218,20220218,133223500,13:32:24,3060,42618,53493,1309181450,4,0,122400
cs2203,20220218,20220218,133224000,13:32:24,3060,42622,53490,1309303850,4,-3,122400
cs2203,20220218,20220218,133224500,13:32:24,3060,42625,53491,1309395650,3,1,91800
cs2203,20220218,20220218,133225000,13:32:25,3060,42625,53491,1309395650,0,0,0
cs2203,20220218,20220218,133226500,13:32:27,3061,42626,53491,1309426260,1,0,30610
cs2203,20220218,20220218,133227000,13:32:27,3061,42626,53491,1309426260,0,0,0
cs2203,20220218,20220218,133227500,13:32:28,3060,42633,53498,1309640460,7,7,214200
cs2203,20220218,20220218,133228000,13:32:32,3060,42636,53501,1309732260,3,3,91800
cs2203,20220218,20220218,133228500,13:32:32,3060,42636,53501,1309732260,0,0,0
cs2203,20220218,20220218,133229000,13:32:33,3059,42702,53534,1311751230,66,33,2018970
cs2203,20220218,20220218,133232000,13:32:35,3059,42702,53534,1311751230,0,0,0
cs2203,20220218,20220218,133232500,13:32:35,3059,42702,53534,1311751230,0,0,0
cs2203,20220218,20220218,133234500,13:32:35,3059,42702,53534,1311751230,0,0,0
cs2203,20220218,20220218,133235000,13:32:36,3059,42777,53510,1314045440,75,-24,2294210
cs2203,20220218,20220218,133235500,13:32:36,3059,42777,53510,1314045440,0,0,0
cs2203,20220218,20220218,133236000,13:32:36,3059,42778,53511,1314076030,1,1,30590
cs2203,20220218,20220218,133236500,13:32:37,3059,42779,53512,1314106620,1,1,30590
cs2203,20220218,20220218,133238000,13:32:38,3059,42780,53512,1314137210,1,0,30590
cs2203,20220218,20220218,133238500,13:32:39,3059,42781,53513,1314167800,1,1,30590
cs2203,20220218,20220218,133239000,13:32:39,3059,42781,53513,1314167800,0,0,0
cs2203,20220218,20220218,133239500,13:32:40,3059,42781,53513,1314167800,0,0,0
cs2203,20220218,20220218,133240000,13:32:40,3059,42782,53514,1314198390,1,1,30590
cs2203,20220218,20220218,133240500,13:32:40,3059,42785,53516,1314290160,3,2,91770
cs2203,20220218,20220218,133241000,13:32:41,3059,42785,53516,1314290160,0,0,0
cs2203,20220218,20220218,133241500,13:32:41,3059,42785,53516,1314290160,0,0,0
cs2203,20220218,20220218,133242000,13:32:42,3059,42785,53516,1314290160,0,0,0
cs2203,20220218,20220218,133245500,13:32:45,3059,42815,53490,1315207860,30,-26,917700
cs2203,20220218,20220218,133246000,13:32:47,3059,42817,53489,1315269040,2,-1,61180
cs2203,20220218,20220218,133247500,13:32:48,3059,42817,53489,1315269040,0,0,0
cs2203,20220218,20220218,133248000,13:32:48,3059,42817,53489,1315269040,0,0,0
cs2203,20220218,20220218,133248500,13:32:49,3060,42818,53489,1315299640,1,0,30600
cs2203,20220218,20220218,133250000,13:32:50,3060,42818,53489,1315299640,0,0,0
cs2203,20220218,20220218,133252000,13:32:53,3060,42820,53490,1315360840,2,1,61200
cs2203,20220218,20220218,133253000,13:32:53,3060,42820,53490,1315360840,0,0,0
cs2203,20220218,20220218,133253500,13:32:53,3060,42820,53490,1315360840,0,0,0
cs2203,20220218,20220218,133254000,13:32:54,3060,42820,53490,1315360840,0,0,0
cs2203,20220218,20220218,133255000,13:32:55,3060,42820,53490,1315360840,0,0,0
cs2203,20220218,20220218,133256000,13:32:56,3059,42825,53490,1315513790,5,0,152950
cs2203,20220218,20220218,133258000,13:33:00,3059,42825,53490,1315513790,0,0,0
cs2203,20220218,20220218,133258500,13:33:00,3059,42825,53490,1315513790,0,0,0
cs2203,20220218,20220218,133300500,13:33:01,3059,42825,53490,1315513790,0,0,0
cs2203,20220218,20220218,133301000,13:33:02,3059,42849,53502,1316247950,24,12,734160
cs2203,20220218,20220218,133301500,13:33:02,3059,42850,53502,1316278540,1,0,30590
cs2203,20220218,20220218,133302000,13:33:02,3059,42865,53501,1316737390,15,-1,458850
cs2203,20220218,20220218,133302500,13:33:03,3059,42865,53501,1316737390,0,0,0
cs2203,20220218,20220218,133303000,13:33:03,3058,42867,53501,1316798550,2,0,61160
cs2203,20220218,20220218,133303500,13:33:04,3058,42867,53501,1316798550,0,0,0
cs2203,20220218,20220218,133304000,13:33:04,3058,42867,53501,1316798550,0,0,0
cs2203,20220218,20220218,133304500,13:33:04,3058,42869,53501,1316859710,2,0,61160
cs2203,20220218,20220218,133305500,13:33:05,3058,42869,53501,1316859710,0,0,0
cs2203,20220218,20220218,133306000,13:33:06,3059,42870,53501,1316890300,1,0,30590
cs2203,20220218,20220218,133307000,13:33:07,3059,42871,53502,1316920890,1,1,30590
cs2203,20220218,20220218,133307500,13:33:08,3058,42872,53502,1316951470,1,0,30580
cs2203,20220218,20220218,133308000,13:33:08,3058,42872,53502,1316951470,0,0,0
cs2203,20220218,20220218,133308500,13:33:09,3058,42872,53502,1316951470,0,0,0
cs2203,20220218,20220218,133309000,13:33:09,3058,42872,53502,1316951470,0,0,0
cs2203,20220218,20220218,133309500,13:33:10,3058,42872,53502,1316951470,0,0,0
cs2203,20220218,20220218,133310000,13:33:11,3058,42872,53502,1316951470,0,0,0
cs2203,20220218,20220218,133310500,13:33:12,3059,42873,53502,1316982060,1,0,30590
cs2203,20220218,20220218,133311000,13:33:13,3059,42873,53502,1316982060,0,0,0
cs2203,20220218,20220218,133313500,13:33:15,3059,42873,53502,1316982060,0,0,0
cs2203,20220218,20220218,133314500,13:33:17,3059,42873,53502,1316982060,0,0,0
cs2203,20220218,20220218,133315500,13:33:18,3059,42873,53502,1316982060,0,0,0
cs2203,20220218,20220218,133317500,13:33:18,3059,42873,53502,1316982060,0,0,0
cs2203,20220218,20220218,133319000,13:33:19,3059,42873,53502,1316982060,0,0,0
cs2203,20220218,20220218,133319500,13:33:20,3058,42877,53504,1317104380,4,2,122320
cs2203,20220218,20220218,133320000,13:33:21,3058,42878,53504,1317134960,1,0,30580
cs2203,20220218,20220218,133320500,13:33:21,3058,42878,53504,1317134960,0,0,0
cs2203,20220218,20220218,133321000,13:33:22,3058,42878,53504,1317134960,0,0,0
cs2203,20220218,20220218,133321500,13:33:22,3058,42878,53504,1317134960,0,0,0
cs2203,20220218,20220218,133322000,13:33:22,3058,42879,53505,1317165540,1,1,30580
cs2203,20220218,20220218,133322500,13:33:22,3058,42879,53505,1317165540,0,0,0
cs2203,20220218,20220218,133324000,13:33:24,3059,42941,53485,1319062120,62,-20,1896580
cs2203,20220218,20220218,133324500,13:33:24,3059,42942,53485,1319092710,1,0,30590
cs2203,20220218,20220218,133325000,13:33:26,3059,42942,53485,1319092710,0,0,0
cs2203,20220218,20220218,133325500,13:33:26,3059,42943,53485,1319123300,1,0,30590
cs2203,20220218,20220218,133327000,13:33:29,3060,42944,53485,1319153900,1,0,30600
cs2203,20220218,20220218,133327500,13:33:29,3060,42944,53485,1319153900,0,0,0
cs2203,20220218,20220218,133328500,13:33:30,3059,42949,53483,1319306860,5,-2,152960
cs2203,20220218,20220218,133329500,13:33:30,3059,42949,53483,1319306860,0,0,0
cs2203,20220218,20220218,133330500,13:33:31,3059,42950,53483,1319337450,1,0,30590
cs2203,20220218,20220218,133331500,13:33:32,3059,42950,53483,1319337450,0,0,0
cs2203,20220218,20220218,133333500,13:33:33,3059,42950,53483,1319337450,0,0,0
cs2203,20220218,20220218,133334000,13:33:34,3059,42950,53483,1319337450,0,0,0
cs2203,20220218,20220218,133334500,13:33:34,3059,42952,53481,1319398630,2,-2,61180
cs2203,20220218,20220218,133335500,13:33:35,3059,42952,53481,1319398630,0,0,0
cs2203,20220218,20220218,133336000,13:33:36,3059,42952,53481,1319398630,0,0,0
cs2203,20220218,20220218,133336500,13:33:36,3059,42958,53475,1319582170,6,-6,183540
cs2203,20220218,20220218,133337500,13:33:37,3060,42959,53476,1319612770,1,1,30600
cs2203,20220218,20220218,133338000,13:33:38,3060,42959,53476,1319612770,0,0,0
cs2203,20220218,20220218,133338500,13:33:39,3059,42963,53472,1319735130,4,-4,122360
cs2203,20220218,20220218,133339000,13:33:39,3059,42963,53472,1319735130,0,0,0
cs2203,20220218,20220218,133339500,13:33:40,3059,42963,53472,1319735130,0,0,0
cs2203,20220218,20220218,133340000,13:33:40,3059,42981,53463,1320285750,18,-9,550620
cs2203,20220218,20220218,133340500,13:33:41,3059,42982,53463,1320316340,1,0,30590
cs2203,20220218,20220218,133343000,13:33:43,3058,42986,53464,1320438670,4,1,122330
cs2203,20220218,20220218,133343500,13:33:44,3058,42986,53464,1320438670,0,0,0
cs2203,20220218,20220218,133344000,13:33:44,3058,42987,53465,1320469250,1,1,30580
cs2203,20220218,20220218,133344500,13:33:45,3058,42987,53465,1320469250,0,0,0
cs2203,20220218,20220218,133345500,13:33:46,3058,42987,53465,1320469250,0,0,0
cs2203,20220218,20220218,133347000,13:33:48,3058,42987,53465,1320469250,0,0,0
cs2203,20220218,20220218,133348500,13:33:49,3059,42988,53466,1320499840,1,1,30590
cs2203,20220218,20220218,133349000,13:33:50,3059,42988,53466,1320499840,0,0,0
cs2203,20220218,20220218,133350500,13:33:50,3058,42989,53466,1320530420,1,0,30580
cs2203,20220218,20220218,133354500,13:33:54,3058,42989,53466,1320530420,0,0,0
cs2203,20220218,20220218,133355000,13:33:56,3059,42990,53467,1320561010,1,1,30590
cs2203,20220218,20220218,133356000,13:33:56,3058,42991,53467,1320591590,1,0,30580
cs2203,20220218,20220218,133357000,13:33:57,3058,42991,53467,1320591590,0,0,0
cs2203,20220218,20220218,133357500,13:33:58,3058,42991,53467,1320591590,0,0,0
cs2203,20220218,20220218,133358000,13:33:58,3058,42991,53467,1320591590,0,0,0
cs2203,20220218,20220218,133401000,13:34:01,3058,42991,53467,1320591590,0,0,0
cs2203,20220218,20220218,133401500,13:34:02,3058,42991,53467,1320591590,0,0,0
cs2203,20220218,20220218,133402500,13:34:10,3058,42991,53467,1320591590,0,0,0
cs2203,20220218,20220218,133403000,13:34:10,3059,42992,53468,1320622180,1,1,30590
cs2203,20220218,20220218,133403500,13:34:11,3058,42993,53469,1320652760,1,1,30580
cs2203,20220218,20220218,133410000,13:34:12,3058,43007,53471,1321080890,14,2,428130
cs2203,20220218,20220218,133411000,13:34:12,3058,43008,53471,1321111470,1,0,30580
cs2203,20220218,20220218,133414000,13:34:14,3058,43008,53471,1321111470,0,0,0
cs2203,20220218,20220218,133414500,13:34:14,3058,43008,53471,1321111470,0,0,0
cs2203,20220218,20220218,133416500,13:34:16,3058,43008,53471,1321111470,0,0,0
cs2203,20220218,20220218,133417000,13:34:17,3058,43008,53471,1321111470,0,0,0
cs2203,20220218,20220218,133417500,13:34:17,3058,43008,53471,1321111470,0,0,0
cs2203,20220218,20220218,133418000,13:34:18,3058,43009,53471,1321142050,1,0,30580
cs2203,20220218,20220218,133419000,13:34:19,3058,43009,53471,1321142050,0,0,0
cs2203,20220218,20220218,133419500,13:34:20,3058,43187,53572,1326585290,178,101,5443240
cs2203,20220218,20220218,133420000,13:34:20,3058,43209,53574,1327258030,22,2,672740
cs2203,20220218,20220218,133420500,13:34:21,3058,43209,53574,1327258030,0,0,0
cs2203,20220218,20220218,133421000,13:34:23,3058,43209,53574,1327258030,0,0,0
cs2203,20220218,20220218,133423500,13:34:24,3058,43218,53578,1327533170,9,4,275140
cs2203,20220218,20220218,133425000,13:34:25,3057,43219,53579,1327563740,1,1,30570
cs2203,20220218,20220218,133425500,13:34:25,3057,43219,53579,1327563740,0,0,0
cs2203,20220218,20220218,133426000,13:34:26,3057,43219,53579,1327563740,0,0,0
cs2203,20220218,20220218,133427000,13:34:27,3057,43220,53579,1327594310,1,0,30570
cs2203,20220218,20220218,133427500,13:34:27,3057,43220,53579,1327594310,0,0,0
cs2203,20220218,20220218,133428000,13:34:28,3058,43279,53561,1329398530,59,-18,1804220
cs2203,20220218,20220218,133428500,13:34:28,3058,43280,53560,1329429110,1,-1,30580
cs2203,20220218,20220218,133429000,13:34:29,3058,43280,53560,1329429110,0,0,0
cs2203,20220218,20220218,133429500,13:34:29,3058,43280,53560,1329429110,0,0,0
cs2203,20220218,20220218,133430500,13:34:30,3058,43281,53560,1329459690,1,0,30580
cs2203,20220218,20220218,133431000,13:34:31,3058,43281,53560,1329459690,0,0,0
cs2203,20220218,20220218,133431500,13:34:31,3058,43281,53560,1329459690,0,0,0
cs2203,20220218,20220218,133432000,13:34:32,3058,43281,53560,1329459690,0,0,0
cs2203,20220218,20220218,133432500,13:34:32,3058,43281,53560,1329459690,0,0,0
cs2203,20220218,20220218,133433000,13:34:33,3058,43281,53560,1329459690,0,0,0
cs2203,20220218,20220218,133434500,13:34:34,3058,43281,53560,1329459690,0,0,0
cs2203,20220218,20220218,133435000,13:34:35,3058,43282,53560,1329490270,1,0,30580
cs2203,20220218,20220218,133436000,13:34:36,3058,43282,53560,1329490270,0,0,0
cs2203,20220218,20220218,133436500,13:34:36,3058,43282,53560,1329490270,0,0,0
cs2203,20220218,20220218,133437000,13:34:37,3058,43284,53558,1329551430,2,-2,61160
cs2203,20220218,20220218,133437500,13:34:38,3058,43284,53558,1329551430,0,0,0
cs2203,20220218,20220218,133438500,13:34:38,3058,43284,53558,1329551430,0,0,0
cs2203,20220218,20220218,133439500,13:34:39,3058,43284,53558,1329551430,0,0,0
cs2203,20220218,20220218,133440000,13:34:40,3058,43284,53558,1329551430,0,0,0
cs2203,20220218,20220218,133440500,13:34:41,3058,43284,53558,1329551430,0,0,0
cs2203,20220218,20220218,133441000,13:34:41,3058,43284,53558,1329551430,0,0,0
cs2203,20220218,20220218,133441500,13:34:41,3058,43284,53558,1329551430,0,0,0
cs2203,20220218,20220218,133442000,13:34:43,3058,43284,53558,1329551430,0,0,0
cs2203,20220218,20220218,133442500,13:34:44,3058,43284,53558,1329551430,0,0,0
cs2203,20220218,20220218,133443000,13:34:44,3058,43284,53558,1329551430,0,0,0
cs2203,20220218,20220218,133443500,13:34:45,3058,43284,53558,1329551430,0,0,0
cs2203,20220218,20220218,133444500,13:34:46,3058,43284,53558,1329551430,0,0,0
cs2203,20220218,20220218,133447500,13:34:47,3058,43284,53558,1329551430,0,0,0
cs2203,20220218,20220218,133448000,13:34:48,3058,43284,53558,1329551430,0,0,0
cs2203,20220218,20220218,133448500,13:34:49,3058,43284,53558,1329551430,0,0,0
cs2203,20220218,20220218,133449000,13:34:49,3058,43284,53558,1329551430,0,0,0
cs2203,20220218,20220218,133449500,13:34:49,3058,43285,53557,1329582010,1,-1,30580
cs2203,20220218,20220218,133450500,13:34:51,3058,43285,53557,1329582010,0,0,0
cs2203,20220218,20220218,133451500,13:34:51,3058,43285,53557,1329582010,0,0,0
cs2203,20220218,20220218,133453500,13:34:55,3058,43285,53557,1329582010,0,0,0
cs2203,20220218,20220218,133454000,13:34:56,3058,43285,53557,1329582010,0,0,0
cs2203,20220218,20220218,133456500,13:34:57,3058,43286,53558,1329612590,1,1,30580
cs2203,20220218,20220218,133500500,13:35:00,3058,43287,53559,1329643170,1,1,30580
cs2203,20220218,20220218,133501000,13:35:04,3059,43288,53559,1329673760,1,0,30590
cs2203,20220218,20220218,133501500,13:35:04,3059,43288,53559,1329673760,0,0,0
cs2203,20220218,20220218,133502000,13:35:10,3058,43294,53555,1329857240,6,-4,183480
cs2203,20220218,20220218,133504500,13:35:10,3058,43327,53570,1330866380,33,15,1009140
cs2203,20220218,20220218,133509000,13:35:10,3058,43327,53570,1330866380,0,0,0
cs2203,20220218,20220218,133510500,13:35:11,3058,43346,53569,1331447420,19,-1,581040
cs2203,20220218,20220218,133511000,13:35:11,3058,43347,53569,1331478000,1,0,30580
cs2203,20220218,20220218,133511500,13:35:11,3058,43353,53567,1331661480,6,-2,183480
cs2203,20220218,20220218,133512000,13:35:12,3058,43355,53569,1331722640,2,2,61160
cs2203,20220218,20220218,133512500,13:35:13,3058,43355,53569,1331722640,0,0,0
cs2203,20220218,20220218,133513000,13:35:13,3057,43356,53570,1331753210,1,1,30570
cs2203,20220218,20220218,133513500,13:35:13,3058,43357,53570,1331783790,1,0,30580
cs2203,20220218,20220218,133514500,13:35:14,3058,43358,53571,1331814370,1,1,30580
cs2203,20220218,20220218,133515000,13:35:15,3058,43358,53571,1331814370,0,0,0
cs2203,20220218,20220218,133515500,13:35:16,3058,43372,53562,1332242490,14,-9,428120
cs2203,20220218,20220218,133516000,13:35:16,3058,43373,53561,1332273070,1,-1,30580
cs2203,20220218,20220218,133516500,13:35:16,3058,43373,53561,1332273070,0,0,0
cs2203,20220218,20220218,133518000,13:35:18,3058,43374,53561,1332303650,1,0,30580
cs2203,20220218,20220218,133518500,13:35:19,3058,43374,53561,1332303650,0,0,0
cs2203,20220218,20220218,133519000,13:35:19,3058,43374,53561,1332303650,0,0,0
cs2203,20220218,20220218,133520000,13:35:20,3058,43374,53561,1332303650,0,0,0
cs2203,20220218,20220218,133520500,13:35:20,3058,43374,53561,1332303650,0,0,0
cs2203,20220218,20220218,133521500,13:35:22,3059,43376,53563,1332364830,2,2,61180
cs2203,20220218,20220218,133525000,13:35:25,3059,43376,53563,1332364830,0,0,0
cs2203,20220218,20220218,133526000,13:35:26,3059,43377,53563,1332395420,1,0,30590
cs2203,20220218,20220218,133526500,13:35:27,3059,43377,53563,1332395420,0,0,0
cs2203,20220218,20220218,133528000,13:35:31,3059,43377,53563,1332395420,0,0,0
cs2203,20220218,20220218,133530500,13:35:33,3058,43381,53563,1332517740,4,0,122320
cs2203,20220218,20220218,133537500,13:35:43,3058,43381,53563,1332517740,0,0,0
cs2203,20220218,20220218,133543500,13:35:44,3059,43386,53561,1332670670,5,-2,152930
cs2203,20220218,20220218,133544000,13:35:44,3059,43386,53561,1332670670,0,0,0
cs2203,20220218,20220218,133546500,13:35:46,3059,43386,53561,1332670670,0,0,0
cs2203,20220218,20220218,133549000,13:35:49,3059,43386,53561,1332670670,0,0,0
cs2203,20220218,20220218,133550000,13:35:50,3059,43386,53561,1332670670,0,0,0
cs2203,20220218,20220218,133553000,13:35:53,3059,43386,53561,1332670670,0,0,0
cs2203,20220218,20220218,133553500,13:35:55,3059,43387,53561,1332701260,1,0,30590
cs2203,20220218,20220218,133554500,13:35:55,3059,43387,53561,1332701260,0,0,0
cs2203,20220218,20220218,133556000,13:35:56,3059,43444,53521,1334444890,57,-40,1743630
cs2203,20220218,20220218,133556500,13:35:56,3059,43444,53521,1334444890,0,0,0
cs2203,20220218,20220218,133557000,13:35:59,3059,43444,53521,1334444890,0,0,0
cs2203,20220218,20220218,133558500,13:36:02,3059,43444,53521,1334444890,0,0,0
cs2203,20220218,20220218,133559500,13:36:03,3059,43444,53521,1334444890,0,0,0
cs2203,20220218,20220218,133600000,13:36:03,3059,43444,53521,1334444890,0,0,0
cs2203,20220218,20220218,133601500,13:36:03,3059,43447,53520,1334536660,3,-1,91770
cs2203,20220218,20220218,133602000,13:36:03,3058,43451,53518,1334658980,4,-2,122320
cs2203,20220218,20220218,133602500,13:36:03,3058,43451,53518,1334658980,0,0,0
cs2203,20220218,20220218,133603500,13:36:05,3059,43452,53518,1334689570,1,0,30590
cs2203,20220218,20220218,133604000,13:36:05,3059,43452,53518,1334689570,0,0,0
cs2203,20220218,20220218,133604500,13:36:06,3059,43452,53518,1334689570,0,0,0
cs2203,20220218,20220218,133606000,13:36:07,3059,43452,53518,1334689570,0,0,0
cs2203,20220218,20220218,133606500,13:36:07,3059,43452,53518,1334689570,0,0,0
cs2203,20220218,20220218,133607000,13:36:07,3058,43454,53518,1334750730,2,0,61160
cs2203,20220218,20220218,133607500,13:36:08,3058,43454,53518,1334750730,0,0,0
cs2203,20220218,20220218,133608500,13:36:08,3058,43454,53518,1334750730,0,0,0
cs2203,20220218,20220218,133609500,13:36:10,3058,43455,53518,1334781310,1,0,30580
cs2203,20220218,20220218,133610500,13:36:11,3058,43456,53518,1334811890,1,0,30580
cs2203,20220218,20220218,133611000,13:36:11,3058,43456,53518,1334811890,0,0,0
cs2203,20220218,20220218,133611500,13:36:12,3058,43456,53518,1334811890,0,0,0
cs2203,20220218,20220218,133613000,13:36:13,3058,43456,53518,1334811890,0,0,0
cs2203,20220218,20220218,133613500,13:36:14,3058,43456,53518,1334811890,0,0,0
cs2203,20220218,20220218,133614500,13:36:14,3058,43456,53518,1334811890,0,0,0
cs2203,20220218,20220218,133615000,13:36:15,3058,43456,53518,1334811890,0,0,0
cs2203,20220218,20220218,133615500,13:36:15,3058,43456,53518,1334811890,0,0,0
cs2203,20220218,20220218,133617500,13:36:19,3058,43456,53518,1334811890,0,0,0
cs2203,20220218,20220218,133618000,13:36:19,3058,43456,53518,1334811890,0,0,0
cs2203,20220218,20220218,133619500,13:36:19,3058,43456,53518,1334811890,0,0,0
cs2203,20220218,20220218,133620000,13:36:20,3058,43457,53519,1334842470,1,1,30580
cs2203,20220218,20220218,133620500,13:36:20,3058,43457,53519,1334842470,0,0,0
cs2203,20220218,20220218,133622500,13:36:22,3058,43457,53519,1334842470,0,0,0
cs2203,20220218,20220218,133623000,13:36:23,3058,43457,53519,1334842470,0,0,0
cs2203,20220218,20220218,133631500,13:36:31,3059,43458,53519,1334873060,1,0,30590
cs2203,20220218,20220218,133634000,13:36:34,3058,43459,53519,1334903640,1,0,30580
cs2203,20220218,20220218,133634500,13:36:35,3059,43460,53518,1334934230,1,-1,30590
cs2203,20220218,20220218,133636000,13:36:36,3059,43460,53518,1334934230,0,0,0
cs2203,20220218,20220218,133636500,13:36:36,3058,43462,53516,1334995390,2,-2,61160
cs2203,20220218,20220218,133637000,13:36:38,3058,43462,53516,1334995390,0,0,0
cs2203,20220218,20220218,133637500,13:36:38,3058,43464,53515,1335056550,2,-1,61160
cs2203,20220218,20220218,133638000,13:36:38,3058,43465,53515,1335087130,1,0,30580
cs2203,20220218,20220218,133639000,13:36:39,3058,43465,53515,1335087130,0,0,0
cs2203,20220218,20220218,133639500,13:36:39,3058,43465,53515,1335087130,0,0,0
cs2203,20220218,20220218,133640500,13:36:40,3058,43524,53541,1336891350,59,26,1804220
cs2203,20220218,20220218,133641000,13:36:41,3058,43530,53542,1337074830,6,1,183480
cs2203,20220218,20220218,133641500,13:36:41,3058,43534,53541,1337197160,4,-1,122330
cs2203,20220218,20220218,133642000,13:36:42,3058,43539,53542,1337350060,5,1,152900
cs2203,20220218,20220218,133643500,13:36:44,3058,43540,53542,1337380640,1,0,30580
cs2203,20220218,20220218,133644000,13:36:44,3058,43544,53540,1337502960,4,-2,122320
cs2203,20220218,20220218,133644500,13:36:44,3058,43565,53530,1338145140,21,-10,642180
cs2203,20220218,20220218,133645000,13:36:45,3059,43567,53530,1338206310,2,0,61170
cs2203,20220218,20220218,133645500,13:36:46,3059,43567,53530,1338206310,0,0,0
cs2203,20220218,20220218,133646000,13:36:46,3058,43573,53535,1338389790,6,5,183480
cs2203,20220218,20220218,133647500,13:36:47,3058,43573,53535,1338389790,0,0,0
cs2203,20220218,20220218,133648000,13:36:48,3058,43573,53535,1338389790,0,0,0
cs2203,20220218,20220218,133648500,13:36:48,3058,43573,53535,1338389790,0,0,0
cs2203,20220218,20220218,133650000,13:36:50,3058,43574,53536,1338420370,1,1,30580
cs2203,20220218,20220218,133650500,13:36:50,3058,43574,53536,1338420370,0,0,0
cs2203,20220218,20220218,133651000,13:36:51,3058,43574,53536,1338420370,0,0,0
cs2203,20220218,20220218,133652000,13:36:52,3058,43574,53536,1338420370,0,0,0
cs2203,20220218,20220218,133652500,13:36:53,3058,43575,53535,1338450950,1,-1,30580
cs2203,20220218,20220218,133653500,13:36:54,3058,43575,53535,1338450950,0,0,0
cs2203,20220218,20220218,133654500,13:36:54,3058,43577,53533,1338512110,2,-2,61160
cs2203,20220218,20220218,133655500,13:36:56,3058,43578,53533,1338542690,1,0,30580
cs2203,20220218,20220218,133656500,13:36:57,3058,43579,53533,1338573270,1,0,30580
cs2203,20220218,20220218,133658000,13:36:58,3058,43580,53534,1338603850,1,1,30580
cs2203,20220218,20220218,133658500,13:36:59,3058,43580,53534,1338603850,0,0,0
cs2203,20220218,20220218,133659000,13:36:59,3058,43580,53534,1338603850,0,0,0
cs2203,20220218,20220218,133701500,13:37:02,3058,43581,53534,1338634430,1,0,30580
cs2203,20220218,20220218,133702000,13:37:02,3058,43581,53534,1338634430,0,0,0
cs2203,20220218,20220218,133702500,13:37:03,3058,43602,53532,1339276610,21,-2,642180
cs2203,20220218,20220218,133703000,13:37:03,3058,43606,53534,1339398930,4,2,122320
cs2203,20220218,20220218,133703500,13:37:03,3058,43606,53534,1339398930,0,0,0
cs2203,20220218,20220218,133704500,13:37:04,3058,43607,53533,1339429510,1,-1,30580
cs2203,20220218,20220218,133705000,13:37:05,3059,43608,53533,1339460100,1,0,30590
cs2203,20220218,20220218,133706500,13:37:08,3059,43608,53533,1339460100,0,0,0
cs2203,20220218,20220218,133707000,13:37:08,3058,43610,53531,1339521260,2,-2,61160
cs2203,20220218,20220218,133708000,13:37:08,3059,43611,53532,1339551850,1,1,30590
cs2203,20220218,20220218,133709500,13:37:10,3059,43611,53532,1339551850,0,0,0
cs2203,20220218,20220218,133710500,13:37:11,3059,43612,53533,1339582440,1,1,30590
cs2203,20220218,20220218,133712500,13:37:13,3059,43612,53533,1339582440,0,0,0
cs2203,20220218,20220218,133713000,13:37:14,3058,43613,53532,1339613020,1,-1,30580
cs2203,20220218,20220218,133713500,13:37:14,3058,43613,53532,1339613020,0,0,0
cs2203,20220218,20220218,133717500,13:37:18,3058,43613,53532,1339613020,0,0,0
cs2203,20220218,20220218,133718000,13:37:18,3058,43613,53532,1339613020,0,0,0
cs2203,20220218,20220218,133719000,13:37:19,3058,43613,53532,1339613020,0,0,0
cs2203,20220218,20220218,133719500,13:37:19,3058,43613,53532,1339613020,0,0,0
cs2203,20220218,20220218,133724000,13:37:24,3059,43615,53533,1339674200,2,1,61180
cs2203,20220218,20220218,133724500,13:37:25,3058,43642,53519,1340499860,27,-14,825660
cs2203,20220218,20220218,133725000,13:37:25,3058,43642,53519,1340499860,0,0,0
cs2203,20220218,20220218,133726000,13:37:26,3058,43642,53519,1340499860,0,0,0
cs2203,20220218,20220218,133728000,13:37:28,3058,43642,53519,1340499860,0,0,0
cs2203,20220218,20220218,133728500,13:37:28,3058,43642,53519,1340499860,0,0,0
cs2203,20220218,20220218,133732000,13:37:32,3058,43643,53518,1340530440,1,-1,30580
cs2203,20220218,20220218,133732500,13:37:33,3058,43643,53518,1340530440,0,0,0
cs2203,20220218,20220218,133733000,13:37:33,3058,43644,53517,1340561020,1,-1,30580
cs2203,20220218,20220218,133734000,13:37:34,3058,43646,53515,1340622180,2,-2,61160
cs2203,20220218,20220218,133735500,13:37:36,3058,43649,53515,1340713920,3,0,91740
cs2203,20220218,20220218,133736000,13:37:36,3058,43650,53515,1340744500,1,0,30580
cs2203,20220218,20220218,133736500,13:37:37,3058,43659,53518,1341019720,9,3,275220
cs2203,20220218,20220218,133737000,13:37:37,3058,43659,53518,1341019720,0,0,0
cs2203,20220218,20220218,133737500,13:37:37,3058,43659,53518,1341019720,0,0,0
cs2203,20220218,20220218,133738000,13:37:38,3057,43661,53518,1341080860,2,0,61140
cs2203,20220218,20220218,133738500,13:37:39,3057,43661,53518,1341080860,0,0,0
cs2203,20220218,20220218,133739000,13:37:39,3057,43661,53518,1341080860,0,0,0
cs2203,20220218,20220218,133739500,13:37:39,3058,43663,53520,1341142020,2,2,61160
cs2203,20220218,20220218,133740000,13:37:40,3058,43664,53521,1341172600,1,1,30580
cs2203,20220218,20220218,133740500,13:37:40,3058,43664,53521,1341172600,0,0,0
cs2203,20220218,20220218,133741500,13:37:41,3058,43665,53522,1341203180,1,1,30580
cs2203,20220218,20220218,133742000,13:37:42,3058,43679,53517,1341631300,14,-5,428120
cs2203,20220218,20220218,133742500,13:37:43,3058,43679,53517,1341631300,0,0,0
cs2203,20220218,20220218,133745000,13:37:45,3058,43679,53517,1341631300,0,0,0
cs2203,20220218,20220218,133746000,13:37:46,3058,43679,53517,1341631300,0,0,0
cs2203,20220218,20220218,133749000,13:37:49,3058,43679,53517,1341631300,0,0,0
cs2203,20220218,20220218,133751000,13:37:51,3058,43680,53517,1341661880,1,0,30580
cs2203,20220218,20220218,133751500,13:37:53,3058,43680,53517,1341661880,0,0,0
cs2203,20220218,20220218,133752000,13:37:53,3058,43680,53517,1341661880,0,0,0
cs2203,20220218,20220218,133802000,13:38:03,3058,43687,53514,1341875940,7,-3,214060
cs2203,20220218,20220218,133802500,13:38:05,3058,43697,53512,1342181740,10,-2,305800
cs2203,20220218,20220218,133803000,13:38:06,3058,43700,53515,1342273480,3,3,91740
cs2203,20220218,20220218,133803500,13:38:06,3058,43700,53515,1342273480,0,0,0
cs2203,20220218,20220218,133805000,13:38:06,3058,43700,53515,1342273480,0,0,0
cs2203,20220218,20220218,133807000,13:38:09,3058,43701,53515,1342304060,1,0,30580
cs2203,20220218,20220218,133808500,13:38:09,3058,43701,53515,1342304060,0,0,0
cs2203,20220218,20220218,133810000,13:38:10,3058,43701,53515,1342304060,0,0,0
cs2203,20220218,20220218,133810500,13:38:10,3058,43735,53513,1343343760,34,-2,1039700
cs2203,20220218,20220218,133812500,13:38:14,3058,43735,53513,1343343760,0,0,0
cs2203,20220218,20220218,133813000,13:38:15,3058,43735,53513,1343343760,0,0,0
cs2203,20220218,20220218,133815500,13:38:17,3058,43735,53513,1343343760,0,0,0
cs2203,20220218,20220218,133817000,13:38:18,3058,43735,53513,1343343760,0,0,0
cs2203,20220218,20220218,133817500,13:38:18,3058,43739,53510,1343466110,4,-3,122350
cs2203,20220218,20220218,133818000,13:38:18,3058,43739,53510,1343466110,0,0,0
cs2203,20220218,20220218,133818500,13:38:18,3058,43739,53510,1343466110,0,0,0
cs2203,20220218,20220218,133819000,13:38:19,3058,43739,53510,1343466110,0,0,0
cs2203,20220218,20220218,133819500,13:38:19,3058,43740,53509,1343496690,1,-1,30580
cs2203,20220218,20220218,133823000,13:38:23,3058,43780,53522,1344719890,40,13,1223200
cs2203,20220218,20220218,133823500,13:38:24,3058,43806,53522,1345514970,26,0,795080
cs2203,20220218,20220218,133824000,13:38:24,3058,43806,53522,1345514970,0,0,0
cs2203,20220218,20220218,133824500,13:38:28,3058,43806,53522,1345514970,0,0,0
cs2203,20220218,20220218,133825500,13:38:41,3058,43807,53522,1345545550,1,0,30580
cs2203,20220218,20220218,133840000,13:38:42,3058,43807,53522,1345545550,0,0,0
cs2203,20220218,20220218,133842000,13:38:43,3058,43816,53524,1345820770,9,2,275220
cs2203,20220218,20220218,133844000,13:38:44,3058,43816,53524,1345820770,0,0,0
cs2203,20220218,20220218,133844500,13:38:44,3058,43827,53513,1346157150,11,-11,336380
cs2203,20220218,20220218,133846000,13:38:46,3058,43827,53513,1346157150,0,0,0
cs2203,20220218,20220218,133851000,13:38:51,3058,43827,53513,1346157150,0,0,0
cs2203,20220218,20220218,133857000,13:38:57,3058,43827,53513,1346157150,0,0,0
cs2203,20220218,20220218,133859500,13:38:59,3058,43828,53513,1346187730,1,0,30580
cs2203,20220218,20220218,133901500,13:39:01,3059,43830,53511,1346248910,2,-2,61180
cs2203,20220218,20220218,133902000,13:39:02,3059,43830,53511,1346248910,0,0,0
cs2203,20220218,20220218,133908500,13:39:08,3059,43830,53511,1346248910,0,0,0
cs2203,20220218,20220218,133913500,13:39:13,3059,43831,53511,1346279500,1,0,30590
cs2203,20220218,20220218,133914000,13:39:14,3059,43836,53511,1346432410,5,0,152910
cs2203,20220218,20220218,133914500,13:39:15,3058,43858,53525,1347105170,22,14,672760
cs2203,20220218,20220218,133917000,13:39:19,3058,43858,53525,1347105170,0,0,0
cs2203,20220218,20220218,133920500,13:39:20,3058,43891,53519,1348114290,33,-6,1009120
cs2203,20220218,20220218,133922500,13:39:22,3058,43895,53523,1348236610,4,4,122320
cs2203,20220218,20220218,133923500,13:39:23,3058,43895,53523,1348236610,0,0,0
cs2203,20220218,20220218,133924000,13:39:24,3058,43895,53523,1348236610,0,0,0
cs2203,20220218,20220218,133934500,13:39:34,3058,43895,53523,1348236610,0,0,0
cs2203,20220218,20220218,133940000,13:39:40,3058,43895,53523,1348236610,0,0,0
cs2203,20220218,20220218,133941000,13:39:41,3058,43895,53523,1348236610,0,0,0
cs2203,20220218,20220218,133943000,13:39:43,3058,43896,53522,1348267190,1,-1,30580
cs2203,20220218,20220218,133944000,13:39:44,3059,43897,53521,1348297780,1,-1,30590
cs2203,20220218,20220218,133945500,13:39:46,3058,43899,53520,1348358940,2,-1,61160
cs2203,20220218,20220218,133946000,13:39:46,3059,43905,53519,1348542430,6,-1,183490
cs2203,20220218,20220218,133946500,13:39:47,3059,43908,53520,1348634190,3,1,91760
cs2203,20220218,20220218,133947000,13:39:47,3059,43908,53520,1348634190,0,0,0
cs2203,20220218,20220218,133947500,13:39:47,3059,43908,53520,1348634190,0,0,0
cs2203,20220218,20220218,133949500,13:39:49,3059,43908,53520,1348634190,0,0,0
cs2203,20220218,20220218,133950000,13:39:50,3058,43909,53521,1348664770,1,1,30580
cs2203,20220218,20220218,133951000,13:39:51,3058,43909,53521,1348664770,0,0,0
cs2203,20220218,20220218,133951500,13:39:51,3058,43909,53521,1348664770,0,0,0
cs2203,20220218,20220218,133955500,13:39:55,3058,43909,53521,1348664770,0,0,0
cs2203,20220218,20220218,133956000,13:39:56,3059,43910,53521,1348695360,1,0,30590
cs2203,20220218,20220218,133956500,13:39:57,3059,43910,53521,1348695360,0,0,0
cs2203,20220218,20220218,133957000,13:39:57,3059,43910,53521,1348695360,0,0,0
cs2203,20220218,20220218,133957500,13:40:05,3058,43915,53524,1348848260,5,3,152900
cs2203,20220218,20220218,133958000,13:40:13,3058,43915,53524,1348848260,0,0,0
cs2203,20220218,20220218,133958500,13:40:13,3058,43915,53524,1348848260,0,0,0
cs2203,20220218,20220218,134010500,13:40:13,3059,43930,53521,1349306970,15,-3,458710
cs2203,20220218,20220218,134013000,13:40:13,3059,43930,53521,1349306970,0,0,0
cs2203,20220218,20220218,134013500,13:40:13,3059,43930,53521,1349306970,0,0,0
cs2203,20220218,20220218,134015000,13:40:16,3059,43930,53521,1349306970,0,0,0
cs2203,20220218,20220218,134019000,13:40:19,3058,43932,53519,1349368130,2,-2,61160
cs2203,20220218,20220218,134019500,13:40:20,3058,43934,53517,1349429290,2,-2,61160
cs2203,20220218,20220218,134021000,13:40:21,3058,43934,53517,1349429290,0,0,0
cs2203,20220218,20220218,134022500,13:40:22,3058,43936,53515,1349490450,2,-2,61160
cs2203,20220218,20220218,134023500,13:40:23,3058,43936,53515,1349490450,0,0,0
cs2203,20220218,20220218,134024500,13:40:25,3058,43938,53514,1349551610,2,-1,61160
cs2203,20220218,20220218,134025000,13:40:25,3058,43938,53514,1349551610,0,0,0
cs2203,20220218,20220218,134026000,13:40:26,3058,43938,53514,1349551610,0,0,0
cs2203,20220218,20220218,134026500,13:40:27,3059,43939,53513,1349582200,1,-1,30590
cs2203,20220218,20220218,134027500,13:40:27,3058,43941,53513,1349643360,2,0,61160
cs2203,20220218,20220218,134028500,13:40:28,3059,43942,53513,1349673950,1,0,30590
cs2203,20220218,20220218,134029000,13:40:30,3058,43945,53513,1349765690,3,0,91740
cs2203,20220218,20220218,134029500,13:40:30,3058,43946,53513,1349796270,1,0,30580
cs2203,20220218,20220218,134030500,13:40:30,3058,43946,53513,1349796270,0,0,0
cs2203,20220218,20220218,134031000,13:40:31,3058,43946,53513,1349796270,0,0,0
cs2203,20220218,20220218,134032000,13:40:32,3058,43947,53512,1349826850,1,-1,30580
cs2203,20220218,20220218,134032500,13:40:32,3059,43948,53511,1349857440,1,-1,30590
cs2203,20220218,20220218,134033000,13:40:33,3059,43948,53511,1349857440,0,0,0
cs2203,20220218,20220218,134033500,13:40:34,3058,43950,53509,1349918600,2,-2,61160
cs2203,20220218,20220218,134035000,13:40:35,3058,43952,53508,1349979760,2,-1,61160
cs2203,20220218,20220218,134036500,13:40:36,3058,43960,53508,1350224400,8,0,244640
cs2203,20220218,20220218,134037000,13:40:37,3058,43962,53508,1350285560,2,0,61160
cs2203,20220218,20220218,134038000,13:40:38,3057,43964,53506,1350346700,2,-2,61140
cs2203,20220218,20220218,134038500,13:40:39,3059,43966,53505,1350407880,2,-1,61180
cs2203,20220218,20220218,134039000,13:40:39,3059,43966,53505,1350407880,0,0,0
cs2203,20220218,20220218,134039500,13:40:40,3057,43970,53501,1350530180,4,-4,122300
cs2203,20220218,20220218,134040000,13:40:41,3057,43970,53501,1350530180,0,0,0
cs2203,20220218,20220218,134046000,13:40:46,3057,43972,53502,1350591320,2,1,61140
cs2203,20220218,20220218,134046500,13:40:46,3058,43975,53503,1350683050,3,1,91730
cs2203,20220218,20220218,134047000,13:40:47,3058,43975,53503,1350683050,0,0,0
cs2203,20220218,20220218,134048000,13:40:48,3058,43975,53503,1350683050,0,0,0
cs2203,20220218,20220218,134048500,13:40:48,3058,43975,53503,1350683050,0,0,0
cs2203,20220218,20220218,134051000,13:40:51,3057,43976,53503,1350713620,1,0,30570
cs2203,20220218,20220218,134051500,13:40:55,3057,43976,53503,1350713620,0,0,0
cs2203,20220218,20220218,134055000,13:40:55,3057,43976,53503,1350713620,0,0,0
cs2203,20220218,20220218,134056500,13:40:58,3058,43979,53505,1350805360,3,2,91740
cs2203,20220218,20220218,134057000,13:40:58,3058,43979,53505,1350805360,0,0,0
cs2203,20220218,20220218,134058000,13:40:58,3058,43979,53505,1350805360,0,0,0
cs2203,20220218,20220218,134059000,13:40:59,3058,43984,53509,1350958260,5,4,152900
cs2203,20220218,20220218,134059500,13:41:00,3058,44091,53585,1354229260,107,76,3271000
cs2203,20220218,20220218,134100000,13:41:00,3057,44110,53599,1354810090,19,14,580830
cs2203,20220218,20220218,134100500,13:41:00,3057,44111,53600,1354840660,1,1,30570
cs2203,20220218,20220218,134101500,13:41:01,3057,44111,53600,1354840660,0,0,0
cs2203,20220218,20220218,134102000,13:41:02,3057,44115,53604,1354962930,4,4,122270
cs2203,20220218,20220218,134102500,13:41:02,3057,44115,53604,1354962930,0,0,0
cs2203,20220218,20220218,134103000,13:41:03,3057,44115,53604,1354962930,0,0,0
cs2203,20220218,20220218,134106500,13:41:07,3056,44126,53613,1355299090,11,9,336160
cs2203,20220218,20220218,134107000,13:41:07,3057,44206,53573,1357744510,80,-40,2445420
cs2203,20220218,20220218,134107500,13:41:09,3057,44206,53573,1357744510,0,0,0
cs2203,20220218,20220218,134108000,13:41:09,3057,44206,53573,1357744510,0,0,0
cs2203,20220218,20220218,134108500,13:41:10,3057,44206,53573,1357744510,0,0,0
cs2203,20220218,20220218,134109000,13:41:10,3056,44208,53573,1357805630,2,0,61120
cs2203,20220218,20220218,134111000,13:41:11,3056,44208,53573,1357805630,0,0,0
cs2203,20220218,20220218,134112000,13:41:12,3056,44217,53573,1358080670,9,0,275040
cs2203,20220218,20220218,134112500,13:41:12,3056,44217,53573,1358080670,0,0,0
cs2203,20220218,20220218,134113500,13:41:13,3056,44217,53573,1358080670,0,0,0
cs2203,20220218,20220218,134115500,13:41:16,3056,44218,53574,1358111230,1,1,30560
cs2203,20220218,20220218,134116000,13:41:16,3057,44219,53573,1358141800,1,-1,30570
cs2203,20220218,20220218,134117000,13:41:17,3056,44251,53586,1359119720,32,13,977920
cs2203,20220218,20220218,134118000,13:41:19,3056,44252,53587,1359150280,1,1,30560
cs2203,20220218,20220218,134118500,13:41:19,3057,44253,53586,1359180850,1,-1,30570
cs2203,20220218,20220218,134119500,13:41:19,3056,44262,53595,1359455890,9,9,275040
cs2203,20220218,20220218,134120000,13:41:20,3056,44272,53595,1359761490,10,0,305600
cs2203,20220218,20220218,134120500,13:41:23,3057,44273,53594,1359792060,1,-1,30570
cs2203,20220218,20220218,134121000,13:41:23,3057,44273,53594,1359792060,0,0,0
cs2203,20220218,20220218,134121500,13:41:23,3057,44399,53515,1363643880,126,-79,3851820
cs2203,20220218,20220218,134122000,13:41:24,3057,44401,53515,1363705020,2,0,61140
cs2203,20220218,20220218,134123000,13:41:24,3057,44438,53521,1364836110,37,6,1131090
cs2203,20220218,20220218,134123500,13:41:24,3057,44438,53521,1364836110,0,0,0
cs2203,20220218,20220218,134124000,13:41:24,3057,44438,53521,1364836110,0,0,0
cs2203,20220218,20220218,134125500,13:41:27,3056,44439,53521,1364866670,1,0,30560
cs2203,20220218,20220218,134127500,13:41:27,3057,44440,53521,1364897240,1,0,30570
cs2203,20220218,20220218,134128000,13:41:28,3057,44440,53521,1364897240,0,0,0
cs2203,20220218,20220218,134129000,13:41:29,3057,44440,53521,1364897240,0,0,0
cs2203,20220218,20220218,134129500,13:41:30,3057,44440,53521,1364897240,0,0,0
cs2203,20220218,20220218,134130000,13:41:30,3057,44441,53521,1364927810,1,0,30570
cs2203,20220218,20220218,134131500,13:41:31,3057,44441,53521,1364927810,0,0,0
cs2203,20220218,20220218,134132000,13:41:32,3057,44441,53521,1364927810,0,0,0
cs2203,20220218,20220218,134132500,13:41:33,3057,44441,53521,1364927810,0,0,0
cs2203,20220218,20220218,134133000,13:41:33,3057,44441,53521,1364927810,0,0,0
cs2203,20220218,20220218,134135000,13:41:35,3057,44441,53521,1364927810,0,0,0
cs2203,20220218,20220218,134135500,13:41:35,3057,44442,53521,1364958380,1,0,30570
cs2203,20220218,20220218,134136000,13:41:39,3057,44463,53537,1365600350,21,16,641970
cs2203,20220218,20220218,134136500,13:41:39,3057,44463,53537,1365600350,0,0,0
cs2203,20220218,20220218,134137000,13:41:40,3057,44485,53536,1366272890,22,-1,672540
cs2203,20220218,20220218,134139500,13:41:42,3057,44593,53523,1369573400,108,-13,3300510
cs2203,20220218,20220218,134140000,13:41:42,3057,44593,53523,1369573400,0,0,0
cs2203,20220218,20220218,134140500,13:41:42,3057,44594,53523,1369603970,1,0,30570
cs2203,20220218,20220218,134141000,13:41:42,3056,44628,53513,1370643010,34,-10,1039040
cs2203,20220218,20220218,134142000,13:41:42,3056,44687,53501,1372446050,59,-12,1803040
cs2203,20220218,20220218,134142500,13:41:42,3057,44710,53504,1373148940,23,3,702890
cs2203,20220218,20220218,134143000,13:41:43,3057,44710,53504,1373148940,0,0,0
cs2203,20220218,20220218,134144500,13:41:44,3057,44710,53504,1373148940,0,0,0
cs2203,20220218,20220218,134146000,13:41:46,3056,44731,53490,1373790700,21,-14,641760
cs2203,20220218,20220218,134146500,13:41:47,3056,44731,53490,1373790700,0,0,0
cs2203,20220218,20220218,134147000,13:41:47,3056,44731,53490,1373790700,0,0,0
cs2203,20220218,20220218,134147500,13:41:48,3056,44731,53490,1373790700,0,0,0
cs2203,20220218,20220218,134148000,13:41:48,3056,44731,53490,1373790700,0,0,0
cs2203,20220218,20220218,134148500,13:41:48,3056,44770,53504,1374982540,39,14,1191840
cs2203,20220218,20220218,134149000,13:41:49,3056,44774,53501,1375104780,4,-3,122240
cs2203,20220218,20220218,134149500,13:41:50,3056,44774,53501,1375104780,0,0,0
cs2203,20220218,20220218,134150000,13:41:50,3056,44795,53494,1375746540,21,-7,641760
cs2203,20220218,20220218,134150500,13:41:51,3056,44795,53494,1375746540,0,0,0
cs2203,20220218,20220218,134151000,13:41:51,3056,44795,53494,1375746540,0,0,0
cs2203,20220218,20220218,134152000,13:41:52,3056,44796,53494,1375777100,1,0,30560
cs2203,20220218,20220218,134152500,13:41:52,3056,44796,53494,1375777100,0,0,0
cs2203,20220218,20220218,134153500,13:41:54,3056,44797,53494,1375807660,1,0,30560
cs2203,20220218,20220218,134154000,13:42:01,3056,44797,53494,1375807660,0,0,0
cs2203,20220218,20220218,134202000,13:42:10,3055,44939,53456,1380146560,142,-38,4338900
cs2203,20220218,20220218,134203000,13:42:11,3055,44940,53456,1380177110,1,0,30550
cs2203,20220218,20220218,134209500,13:42:12,3055,44947,53452,1380390990,7,-4,213880
cs2203,20220218,20220218,134210500,13:42:12,3056,44948,53452,1380421550,1,0,30560
cs2203,20220218,20220218,134211000,13:42:12,3056,44948,53452,1380421550,0,0,0
cs2203,20220218,20220218,134211500,13:42:12,3056,44948,53452,1380421550,0,0,0
cs2203,20220218,20220218,134212000,13:42:13,3055,44949,53451,1380452100,1,-1,30550
cs2203,20220218,20220218,134213000,13:42:13,3056,44950,53451,1380482660,1,0,30560
cs2203,20220218,20220218,134214000,13:42:14,3056,44951,53451,1380513220,1,0,30560
cs2203,20220218,20220218,134214500,13:42:15,3056,44951,53451,1380513220,0,0,0
cs2203,20220218,20220218,134215500,13:42:16,3056,44951,53451,1380513220,0,0,0
cs2203,20220218,20220218,134216000,13:42:16,3056,44952,53451,1380543780,1,0,30560
cs2203,20220218,20220218,134216500,13:42:17,3056,44953,53451,1380574340,1,0,30560
cs2203,20220218,20220218,134217000,13:42:18,3056,45016,53441,1382499190,63,-10,1924850
cs2203,20220218,20220218,134217500,13:42:19,3056,45017,53441,1382529750,1,0,30560
cs2203,20220218,20220218,134218000,13:42:20,3056,45018,53441,1382560310,1,0,30560
cs2203,20220218,20220218,134218500,13:42:20,3055,45019,53442,1382590860,1,1,30550
cs2203,20220218,20220218,134219500,13:42:20,3055,45019,53442,1382590860,0,0,0
cs2203,20220218,20220218,134220000,13:42:20,3055,45067,53466,1384057260,48,24,1466400
cs2203,20220218,20220218,134221500,13:42:21,3055,45067,53466,1384057260,0,0,0
cs2203,20220218,20220218,134222000,13:42:22,3055,45092,53472,1384821010,25,6,763750
cs2203,20220218,20220218,134223000,13:42:23,3055,45093,53473,1384851560,1,1,30550
cs2203,20220218,20220218,134224000,13:42:24,3055,45093,53473,1384851560,0,0,0
cs2203,20220218,20220218,134224500,13:42:25,3056,45094,53473,1384882120,1,0,30560
cs2203,20220218,20220218,134225000,13:42:25,3056,45094,53473,1384882120,0,0,0
cs2203,20220218,20220218,134225500,13:42:25,3056,45203,53425,1388213160,109,-48,3331040
cs2203,20220218,20220218,134226000,13:42:26,3056,45203,53425,1388213160,0,0,0
cs2203,20220218,20220218,134226500,13:42:27,3055,45204,53426,1388243710,1,1,30550
cs2203,20220218,20220218,134227000,13:42:28,3056,45221,53418,1388763230,17,-8,519520
cs2203,20220218,20220218,134227500,13:42:28,3056,45232,53407,1389099390,11,-11,336160
cs2203,20220218,20220218,134228000,13:42:29,3056,45232,53407,1389099390,0,0,0
cs2203,20220218,20220218,134228500,13:42:29,3055,45234,53409,1389160500,2,2,61110
cs2203,20220218,20220218,134239500,13:42:39,3056,45235,53410,1389191060,1,1,30560
cs2203,20220218,20220218,134244000,13:42:44,3056,45244,53409,1389466100,9,-1,275040
cs2203,20220218,20220218,134247000,13:42:47,3056,45245,53409,1389496660,1,0,30560
cs2203,20220218,20220218,134252000,13:42:52,3056,45246,53410,1389527220,1,1,30560
cs2203,20220218,20220218,134255000,13:42:55,3056,45246,53410,1389527220,0,0,0
cs2203,20220218,20220218,134256000,13:42:56,3056,45246,53410,1389527220,0,0,0
cs2203,20220218,20220218,134256500,13:42:57,3056,45247,53409,1389557780,1,-1,30560
cs2203,20220218,20220218,134257000,13:42:58,3056,45377,53437,1393529940,130,28,3972160
cs2203,20220218,20220218,134258000,13:42:59,3056,45398,53448,1394171740,21,11,641800
cs2203,20220218,20220218,134259000,13:42:59,3056,45413,53447,1394630140,15,-1,458400
cs2203,20220218,20220218,134259500,13:43:01,3056,45413,53447,1394630140,0,0,0
cs2203,20220218,20220218,134301500,13:43:02,3056,45413,53447,1394630140,0,0,0
cs2203,20220218,20220218,134302000,13:43:02,3056,45449,53466,1395730300,36,19,1100160
cs2203,20220218,20220218,134302500,13:43:03,3056,45452,53465,1395821980,3,-1,91680
cs2203,20220218,20220218,134303000,13:43:05,3056,45452,53465,1395821980,0,0,0
cs2203,20220218,20220218,134303500,13:43:11,3056,45473,53464,1396463740,21,-1,641760
cs2203,20220218,20220218,134304000,13:43:11,3056,45476,53464,1396555420,3,0,91680
cs2203,20220218,20220218,134305000,13:43:11,3056,45476,53464,1396555420,0,0,0
cs2203,20220218,20220218,134309500,13:43:12,3057,45478,53464,1396616550,2,0,61130
cs2203,20220218,20220218,134312500,13:43:14,3057,45478,53464,1396616550,0,0,0
cs2203,20220218,20220218,134313000,13:43:14,3057,45478,53464,1396616550,0,0,0
cs2203,20220218,20220218,134317500,13:43:17,3057,45530,53457,1398206170,52,-7,1589620
cs2203,20220218,20220218,134318000,13:43:18,3057,45530,53457,1398206170,0,0,0
cs2203,20220218,20220218,134322500,13:43:23,3057,45531,53456,1398236740,1,-1,30570
cs2203,20220218,20220218,134323000,13:43:23,3057,45533,53458,1398297880,2,2,61140
cs2203,20220218,20220218,134324000,13:43:24,3057,45533,53458,1398297880,0,0,0
cs2203,20220218,20220218,134327000,13:43:27,3057,45533,53458,1398297880,0,0,0
cs2203,20220218,20220218,134328000,13:43:29,3057,45533,53458,1398297880,0,0,0
cs2203,20220218,20220218,134328500,13:43:29,3057,45533,53458,1398297880,0,0,0
cs2203,20220218,20220218,134329000,13:43:29,3057,45533,53458,1398297880,0,0,0
cs2203,20220218,20220218,134331000,13:43:31,3057,45587,53425,1399948660,54,-33,1650780
cs2203,20220218,20220218,134331500,13:43:31,3057,45587,53425,1399948660,0,0,0
cs2203,20220218,20220218,134332000,13:43:32,3057,45587,53425,1399948660,0,0,0
cs2203,20220218,20220218,134332500,13:43:32,3058,45589,53423,1400009820,2,-2,61160
cs2203,20220218,20220218,134333000,13:43:33,3058,45655,53386,1402028100,66,-37,2018280
cs2203,20220218,20220218,134333500,13:43:34,3058,45655,53386,1402028100,0,0,0
cs2203,20220218,20220218,134334000,13:43:34,3058,45655,53386,1402028100,0,0,0
cs2203,20220218,20220218,134334500,13:43:34,3058,45655,53386,1402028100,0,0,0
cs2203,20220218,20220218,134336000,13:43:36,3058,45659,53382,1402150420,4,-4,122320
cs2203,20220218,20220218,134336500,13:43:37,3058,45664,53384,1402303320,5,2,152900
cs2203,20220218,20220218,134337000,13:43:37,3058,45665,53384,1402333900,1,0,30580
cs2203,20220218,20220218,134338000,13:43:38,3059,45666,53384,1402364490,1,0,30590
cs2203,20220218,20220218,134338500,13:43:38,3059,45666,53384,1402364490,0,0,0
cs2203,20220218,20220218,134339000,13:43:39,3059,45668,53384,1402425660,2,0,61170
cs2203,20220218,20220218,134339500,13:43:55,3059,45669,53384,1402456250,1,0,30590
cs2203,20220218,20220218,134340000,13:43:57,3059,45669,53384,1402456250,0,0,0
cs2203,20220218,20220218,134340500,13:43:57,3058,45670,53383,1402486830,1,-1,30580
cs2203,20220218,20220218,134354500,13:44:04,3058,45670,53383,1402486830,0,0,0
cs2203,20220218,20220218,134355000,13:44:04,3058,45670,53383,1402486830,0,0,0
cs2203,20220218,20220218,134356500,13:44:04,3058,45670,53383,1402486830,0,0,0
cs2203,20220218,20220218,134403000,13:44:04,3058,45670,53383,1402486830,0,0,0
cs2203,20220218,20220218,134404000,13:44:04,3059,45688,53383,1403037380,18,0,550550
cs2203,20220218,20220218,134404500,13:44:05,3059,45688,53383,1403037380,0,0,0
cs2203,20220218,20220218,134405000,13:44:05,3058,45689,53382,1403067960,1,-1,30580
cs2203,20220218,20220218,134405500,13:44:06,3058,45689,53382,1403067960,0,0,0
cs2203,20220218,20220218,134409500,13:44:17,3058,45689,53382,1403067960,0,0,0
cs2203,20220218,20220218,134416000,13:44:17,3058,45689,53382,1403067960,0,0,0
cs2203,20220218,20220218,134417500,13:44:18,3058,45689,53382,1403067960,0,0,0
cs2203,20220218,20220218,134418000,13:44:18,3058,45744,53404,1404749860,55,22,1681900
cs2203,20220218,20220218,134418500,13:44:18,3058,45744,53404,1404749860,0,0,0
cs2203,20220218,20220218,134423000,13:44:23,3058,45745,53404,1404780440,1,0,30580
cs2203,20220218,20220218,134424000,13:44:24,3058,45745,53404,1404780440,0,0,0
cs2203,20220218,20220218,134425000,13:44:25,3059,45746,53405,1404811030,1,1,30590
cs2203,20220218,20220218,134425500,13:44:25,3059,45746,53405,1404811030,0,0,0
cs2203,20220218,20220218,134426000,13:44:26,3058,45747,53405,1404841610,1,0,30580
cs2203,20220218,20220218,134428000,13:44:29,3058,45747,53405,1404841610,0,0,0
cs2203,20220218,20220218,134430000,13:44:37,3058,45747,53405,1404841610,0,0,0
cs2203,20220218,20220218,134436500,13:44:37,3058,45747,53405,1404841610,0,0,0
cs2203,20220218,20220218,134439000,13:44:39,3058,45747,53405,1404841610,0,0,0
cs2203,20220218,20220218,134440000,13:44:40,3058,45747,53405,1404841610,0,0,0
cs2203,20220218,20220218,134441000,13:44:41,3058,45747,53405,1404841610,0,0,0
cs2203,20220218,20220218,134441500,13:44:41,3058,45750,53402,1404933350,3,-3,91740
cs2203,20220218,20220218,134442500,13:44:42,3058,45751,53402,1404963930,1,0,30580
cs2203,20220218,20220218,134443000,13:44:43,3058,45751,53402,1404963930,0,0,0
cs2203,20220218,20220218,134445500,13:44:45,3058,45751,53402,1404963930,0,0,0
cs2203,20220218,20220218,134447000,13:44:47,3058,45752,53402,1404994510,1,0,30580
cs2203,20220218,20220218,134449000,13:44:49,3058,45752,53402,1404994510,0,0,0
cs2203,20220218,20220218,134449500,13:44:50,3058,45752,53402,1404994510,0,0,0
cs2203,20220218,20220218,134451500,13:44:51,3058,45752,53402,1404994510,0,0,0
cs2203,20220218,20220218,134452000,13:44:53,3058,45752,53402,1404994510,0,0,0
cs2203,20220218,20220218,134455000,13:44:55,3058,45752,53402,1404994510,0,0,0
cs2203,20220218,20220218,134456500,13:44:56,3058,45752,53402,1404994510,0,0,0
cs2203,20220218,20220218,134457500,13:44:57,3059,45753,53402,1405025100,1,0,30590
cs2203,20220218,20220218,134500500,13:45:01,3059,45753,53402,1405025100,0,0,0
cs2203,20220218,20220218,134501000,13:45:01,3059,45753,53402,1405025100,0,0,0
cs2203,20220218,20220218,134501500,13:45:01,3058,45754,53401,1405055680,1,-1,30580
cs2203,20220218,20220218,134508000,13:45:09,3059,45755,53401,1405086270,1,0,30590
cs2203,20220218,20220218,134508500,13:45:09,3058,45771,53393,1405575550,16,-8,489280
cs2203,20220218,20220218,134509000,13:45:10,3058,45774,53390,1405667290,3,-3,91740
cs2203,20220218,20220218,134509500,13:45:10,3058,45774,53390,1405667290,0,0,0
cs2203,20220218,20220218,134510000,13:45:10,3058,45774,53390,1405667290,0,0,0
cs2203,20220218,20220218,134511500,13:45:11,3058,45774,53390,1405667290,0,0,0
cs2203,20220218,20220218,134512000,13:45:12,3058,45777,53389,1405759040,3,-1,91750
cs2203,20220218,20220218,134512500,13:45:13,3058,45780,53389,1405850780,3,0,91740
cs2203,20220218,20220218,134513000,13:45:13,3058,45780,53389,1405850780,0,0,0
cs2203,20220218,20220218,134513500,13:45:14,3058,45780,53389,1405850780,0,0,0
cs2203,20220218,20220218,134515000,13:45:16,3058,45780,53389,1405850780,0,0,0
cs2203,20220218,20220218,134518000,13:45:21,3058,45781,53389,1405881360,1,0,30580
cs2203,20220218,20220218,134520000,13:45:23,3058,45781,53389,1405881360,0,0,0
cs2203,20220218,20220218,134523000,13:45:24,3058,45781,53389,1405881360,0,0,0
cs2203,20220218,20220218,134523500,13:45:24,3059,45789,53390,1406126030,8,1,244670
cs2203,20220218,20220218,134524000,13:45:24,3059,45789,53390,1406126030,0,0,0
cs2203,20220218,20220218,134525500,13:45:27,3059,45790,53391,1406156620,1,1,30590
cs2203,20220218,20220218,134526000,13:45:27,3059,45790,53391,1406156620,0,0,0
cs2203,20220218,20220218,134527000,13:45:29,3059,45790,53391,1406156620,0,0,0
cs2203,20220218,20220218,134527500,13:45:30,3059,45791,53392,1406187210,1,1,30590
cs2203,20220218,20220218,134529500,13:45:30,3059,45791,53392,1406187210,0,0,0
cs2203,20220218,20220218,134530000,13:45:30,3059,45791,53392,1406187210,0,0,0
cs2203,20220218,20220218,134531500,13:45:31,3059,45791,53392,1406187210,0,0,0
cs2203,20220218,20220218,134532000,13:45:32,3059,45792,53393,1406217800,1,1,30590
cs2203,20220218,20220218,134533500,13:45:34,3059,45792,53393,1406217800,0,0,0
cs2203,20220218,20220218,134535000,13:45:35,3059,45793,53394,1406248390,1,1,30590
cs2203,20220218,20220218,134535500,13:45:35,3059,45793,53394,1406248390,0,0,0
cs2203,20220218,20220218,134537000,13:45:37,3059,45793,53394,1406248390,0,0,0
cs2203,20220218,20220218,134539000,13:45:39,3059,45794,53394,1406278980,1,0,30590
cs2203,20220218,20220218,134539500,13:45:40,3059,45794,53394,1406278980,0,0,0
cs2203,20220218,20220218,134540000,13:45:40,3059,45794,53394,1406278980,0,0,0
cs2203,20220218,20220218,134540500,13:45:40,3058,45796,53393,1406340140,2,-1,61160
cs2203,20220218,20220218,134541000,13:45:41,3059,45797,53393,1406370730,1,0,30590
cs2203,20220218,20220218,134541500,13:45:41,3058,45798,53393,1406401310,1,0,30580
cs2203,20220218,20220218,134543500,13:45:46,3058,45798,53393,1406401310,0,0,0
cs2203,20220218,20220218,134545500,13:45:46,3058,45798,53393,1406401310,0,0,0
cs2203,20220218,20220218,134546000,13:45:47,3058,45826,53395,1407257550,28,2,856240
cs2203,20220218,20220218,134546500,13:45:47,3058,45826,53395,1407257550,0,0,0
cs2203,20220218,20220218,134547000,13:45:47,3058,45826,53395,1407257550,0,0,0
cs2203,20220218,20220218,134547500,13:45:47,3058,45863,53411,1408389010,37,16,1131460
cs2203,20220218,20220218,134548000,13:45:48,3058,45863,53411,1408389010,0,0,0
cs2203,20220218,20220218,134548500,13:45:48,3058,45863,53411,1408389010,0,0,0
cs2203,20220218,20220218,134551000,13:45:54,3058,45864,53411,1408419590,1,0,30580
cs2203,20220218,20220218,134553500,13:45:54,3058,45868,53411,1408541930,4,0,122340
cs2203,20220218,20220218,134554000,13:45:54,3058,45868,53411,1408541930,0,0,0
cs2203,20220218,20220218,134555500,13:45:56,3058,45868,53411,1408541930,0,0,0
cs2203,20220218,20220218,134557000,13:46:00,3059,45869,53410,1408572520,1,-1,30590
cs2203,20220218,20220218,134600000,13:46:01,3059,45869,53410,1408572520,0,0,0
cs2203,20220218,20220218,134600500,13:46:01,3059,45942,53374,1410805590,73,-36,2233070
cs2203,20220218,20220218,134604000,13:46:04,3059,45943,53373,1410836180,1,-1,30590
cs2203,20220218,20220218,134604500,13:46:05,3059,45943,53373,1410836180,0,0,0
cs2203,20220218,20220218,134605000,13:46:05,3059,45943,53373,1410836180,0,0,0
cs2203,20220218,20220218,134605500,13:46:05,3059,45943,53373,1410836180,0,0,0
cs2203,20220218,20220218,134606500,13:46:06,3059,45943,53373,1410836180,0,0,0
cs2203,20220218,20220218,134609000,13:46:09,3060,46003,53403,1412672180,60,30,1836000
cs2203,20220218,20220218,134609500,13:46:10,3061,46017,53399,1413100600,14,-4,428420
cs2203,20220218,20220218,134610000,13:46:11,3061,46027,53396,1413406630,10,-3,306030
cs2203,20220218,20220218,134612000,13:46:13,3061,46030,53394,1413498450,3,-2,91820
cs2203,20220218,20220218,134612500,13:46:13,3060,46032,53394,1413559650,2,0,61200
cs2203,20220218,20220218,134613500,13:46:14,3060,46032,53394,1413559650,0,0,0
cs2203,20220218,20220218,134614000,13:46:14,3060,46033,53394,1413590250,1,0,30600
cs2203,20220218,20220218,134614500,13:46:14,3060,46034,53394,1413620850,1,0,30600
cs2203,20220218,20220218,134617500,13:46:18,3061,46035,53394,1413651460,1,0,30610
cs2203,20220218,20220218,134619500,13:46:19,3061,46037,53392,1413712680,2,-2,61220
cs2203,20220218,20220218,134620000,13:46:20,3061,46037,53392,1413712680,0,0,0
cs2203,20220218,20220218,134620500,13:46:21,3061,46037,53392,1413712680,0,0,0
cs2203,20220218,20220218,134622500,13:46:30,3061,46037,53392,1413712680,0,0,0
cs2203,20220218,20220218,134623000,13:46:30,3061,46039,53390,1413773900,2,-2,61220
cs2203,20220218,20220218,134630000,13:46:31,3061,46115,53376,1416100290,76,-14,2326390
cs2203,20220218,20220218,134630500,13:46:31,3061,46115,53376,1416100290,0,0,0
cs2203,20220218,20220218,134631000,13:46:31,3061,46116,53375,1416130900,1,-1,30610
cs2203,20220218,20220218,134632500,13:46:32,3061,46116,53375,1416130900,0,0,0
cs2203,20220218,20220218,134633000,13:46:33,3061,46118,53374,1416192120,2,-1,61220
cs2203,20220218,20220218,134637000,13:46:37,3061,46118,53374,1416192120,0,0,0
cs2203,20220218,20220218,134637500,13:46:38,3061,46119,53373,1416222730,1,-1,30610
cs2203,20220218,20220218,134638000,13:46:38,3062,46120,53374,1416253350,1,1,30620
cs2203,20220218,20220218,134639000,13:46:39,3062,46120,53374,1416253350,0,0,0
cs2203,20220218,20220218,134640500,13:46:42,3061,46144,53366,1416987990,24,-8,734640
cs2203,20220218,20220218,134641000,13:46:42,3061,46149,53369,1417141040,5,3,153050
cs2203,20220218,20220218,134641500,13:46:43,3061,46149,53369,1417141040,0,0,0
cs2203,20220218,20220218,134642500,13:46:43,3061,46149,53369,1417141040,0,0,0
cs2203,20220218,20220218,134644000,13:46:46,3061,46151,53369,1417202260,2,0,61220
cs2203,20220218,20220218,134645500,13:46:47,3061,46151,53369,1417202260,0,0,0
cs2203,20220218,20220218,134647500,13:46:47,3060,46153,53370,1417263470,2,1,61210
cs2203,20220218,20220218,134648000,13:46:48,3060,46153,53370,1417263470,0,0,0
cs2203,20220218,20220218,134649500,13:46:50,3060,46153,53370,1417263470,0,0,0
cs2203,20220218,20220218,134650000,13:46:50,3060,46153,53370,1417263470,0,0,0
cs2203,20220218,20220218,134651000,13:46:51,3061,46155,53372,1417324690,2,2,61220
cs2203,20220218,20220218,134652500,13:46:52,3061,46155,53372,1417324690,0,0,0
cs2203,20220218,20220218,134653000,13:46:54,3061,46155,53372,1417324690,0,0,0
cs2203,20220218,20220218,134654000,13:46:55,3061,46155,53372,1417324690,0,0,0
cs2203,20220218,20220218,134656000,13:46:56,3061,46155,53372,1417324690,0,0,0
cs2203,20220218,20220218,134656500,13:46:56,3061,46155,53372,1417324690,0,0,0
cs2203,20220218,20220218,134657000,13:46:57,3061,46155,53372,1417324690,0,0,0
cs2203,20220218,20220218,134657500,13:46:57,3061,46156,53371,1417355300,1,-1,30610
cs2203,20220218,20220218,134658000,13:46:58,3061,46156,53371,1417355300,0,0,0
cs2203,20220218,20220218,134658500,13:46:59,3061,46156,53371,1417355300,0,0,0
cs2203,20220218,20220218,134659000,13:46:59,3061,46156,53371,1417355300,0,0,0
cs2203,20220218,20220218,134659500,13:46:59,3061,46156,53371,1417355300,0,0,0
cs2203,20220218,20220218,134701500,13:47:02,3061,46156,53371,1417355300,0,0,0
cs2203,20220218,20220218,134702000,13:47:02,3060,46157,53372,1417385900,1,1,30600
cs2203,20220218,20220218,134702500,13:47:02,3060,46157,53372,1417385900,0,0,0
cs2203,20220218,20220218,134703000,13:47:03,3060,46157,53372,1417385900,0,0,0
cs2203,20220218,20220218,134703500,13:47:03,3060,46158,53372,1417416500,1,0,30600
cs2203,20220218,20220218,134706500,13:47:10,3060,46158,53372,1417416500,0,0,0
cs2203,20220218,20220218,134707500,13:47:10,3061,46159,53372,1417447110,1,0,30610
cs2203,20220218,20220218,134708500,13:47:11,3061,46159,53372,1417447110,0,0,0
cs2203,20220218,20220218,134710000,13:47:11,3061,46159,53372,1417447110,0,0,0
cs2203,20220218,20220218,134710500,13:47:12,3061,46159,53372,1417447110,0,0,0
cs2203,20220218,20220218,134712000,13:47:16,3061,46159,53372,1417447110,0,0,0
cs2203,20220218,20220218,134716500,13:47:17,3060,46165,53371,1417630740,6,-1,183630
cs2203,20220218,20220218,134717000,13:47:17,3060,46166,53372,1417661340,1,1,30600
cs2203,20220218,20220218,134720000,13:47:20,3060,46166,53372,1417661340,0,0,0
cs2203,20220218,20220218,134725000,13:47:27,3060,46166,53372,1417661340,0,0,0
cs2203,20220218,20220218,134728500,13:47:28,3060,46167,53372,1417691940,1,0,30600
cs2203,20220218,20220218,134730500,13:47:30,3061,46168,53372,1417722550,1,0,30610
cs2203,20220218,20220218,134731000,13:47:31,3061,46168,53372,1417722550,0,0,0
cs2203,20220218,20220218,134731500,13:47:31,3060,46169,53373,1417753150,1,1,30600
cs2203,20220218,20220218,134734000,13:47:34,3060,46169,53373,1417753150,0,0,0
cs2203,20220218,20220218,134734500,13:47:36,3060,46169,53373,1417753150,0,0,0
cs2203,20220218,20220218,134737000,13:47:37,3060,46169,53373,1417753150,0,0,0
cs2203,20220218,20220218,134739000,13:47:39,3060,46169,53373,1417753150,0,0,0
cs2203,20220218,20220218,134746000,13:47:46,3060,46169,53373,1417753150,0,0,0
cs2203,20220218,20220218,134746500,13:47:47,3060,46170,53374,1417783750,1,1,30600
cs2203,20220218,20220218,134747500,13:47:47,3060,46172,53374,1417844950,2,0,61200
cs2203,20220218,20220218,134750500,13:47:50,3060,46172,53374,1417844950,0,0,0
cs2203,20220218,20220218,134754000,13:47:54,3061,46173,53373,1417875560,1,-1,30610
cs2203,20220218,20220218,134757000,13:47:57,3060,46193,53367,1418487560,20,-6,612000
cs2203,20220218,20220218,134801500,13:48:01,3060,46193,53367,1418487560,0,0,0
cs2203,20220218,20220218,134817000,13:48:17,3060,46230,53368,1419619760,37,1,1132200
cs2203,20220218,20220218,134817500,13:48:18,3059,46231,53368,1419650350,1,0,30590
cs2203,20220218,20220218,134818000,13:48:19,3060,46238,53368,1419864550,7,0,214200
cs2203,20220218,20220218,134818500,13:48:19,3060,46266,53380,1420721350,28,12,856800
cs2203,20220218,20220218,134819500,13:48:20,3060,46266,53380,1420721350,0,0,0
cs2203,20220218,20220218,134820000,13:48:22,3060,46266,53380,1420721350,0,0,0
cs2203,20220218,20220218,134821000,13:48:22,3060,46266,53380,1420721350,0,0,0
cs2203,20220218,20220218,134823500,13:48:24,3059,46298,53376,1421700530,32,-4,979180
cs2203,20220218,20220218,134824000,13:48:24,3059,46298,53376,1421700530,0,0,0
cs2203,20220218,20220218,134824500,13:48:24,3059,46298,53376,1421700530,0,0,0
cs2203,20220218,20220218,134827000,13:48:27,3059,46299,53376,1421731120,1,0,30590
cs2203,20220218,20220218,134827500,13:48:28,3059,46299,53376,1421731120,0,0,0
cs2203,20220218,20220218,134828000,13:48:28,3059,46300,53376,1421761710,1,0,30590
cs2203,20220218,20220218,134828500,13:48:28,3059,46300,53376,1421761710,0,0,0
cs2203,20220218,20220218,134829500,13:48:30,3059,46301,53377,1421792300,1,1,30590
cs2203,20220218,20220218,134830000,13:48:30,3059,46302,53378,1421822890,1,1,30590
cs2203,20220218,20220218,134830500,13:48:31,3059,46302,53378,1421822890,0,0,0
cs2203,20220218,20220218,134832000,13:48:32,3059,46302,53378,1421822890,0,0,0
cs2203,20220218,20220218,134832500,13:48:32,3059,46302,53378,1421822890,0,0,0
cs2203,20220218,20220218,134834500,13:48:36,3059,46302,53378,1421822890,0,0,0
cs2203,20220218,20220218,134838000,13:48:38,3059,46302,53378,1421822890,0,0,0
cs2203,20220218,20220218,134845000,13:48:45,3059,46303,53379,1421853480,1,1,30590
cs2203,20220218,20220218,134846500,13:48:46,3059,46303,53379,1421853480,0,0,0
cs2203,20220218,20220218,134847500,13:48:47,3059,46303,53379,1421853480,0,0,0
cs2203,20220218,20220218,134848500,13:48:48,3060,46313,53377,1422159480,10,-2,306000
cs2203,20220218,20220218,134849000,13:48:49,3059,46315,53377,1422220660,2,0,61180
cs2203,20220218,20220218,134850000,13:48:50,3059,46315,53377,1422220660,0,0,0
cs2203,20220218,20220218,134850500,13:48:51,3059,46315,53377,1422220660,0,0,0
cs2203,20220218,20220218,134852500,13:48:52,3059,46315,53377,1422220660,0,0,0
cs2203,20220218,20220218,134859500,13:49:00,3059,46316,53378,1422251250,1,1,30590
cs2203,20220218,20220218,134901500,13:49:02,3059,46316,53378,1422251250,0,0,0
cs2203,20220218,20220218,134903500,13:49:04,3059,46316,53378,1422251250,0,0,0
cs2203,20220218,20220218,134909500,13:49:10,3060,46326,53374,1422557250,10,-4,306000
cs2203,20220218,20220218,134910000,13:49:10,3059,46327,53375,1422587840,1,1,30590
cs2203,20220218,20220218,134912000,13:49:12,3059,46327,53375,1422587840,0,0,0
cs2203,20220218,20220218,134912500,13:49:13,3059,46327,53375,1422587840,0,0,0
cs2203,20220218,20220218,134913000,13:49:13,3059,46327,53375,1422587840,0,0,0
cs2203,20220218,20220218,134914500,13:49:14,3059,46328,53375,1422618430,1,0,30590
cs2203,20220218,20220218,134915000,13:49:15,3059,46379,53343,1424178520,51,-32,1560090
cs2203,20220218,20220218,134915500,13:49:15,3059,46392,53345,1424576190,13,2,397670
cs2203,20220218,20220218,134916000,13:49:16,3059,46394,53347,1424637370,2,2,61180
cs2203,20220218,20220218,134916500,13:49:17,3059,46394,53347,1424637370,0,0,0
cs2203,20220218,20220218,134917000,13:49:17,3059,46394,53347,1424637370,0,0,0
cs2203,20220218,20220218,134918000,13:49:18,3059,46394,53347,1424637370,0,0,0
cs2203,20220218,20220218,134919000,13:49:19,3059,46396,53345,1424698550,2,-2,61180
cs2203,20220218,20220218,134919500,13:49:20,3059,46396,53345,1424698550,0,0,0
cs2203,20220218,20220218,134920500,13:49:20,3059,46397,53345,1424729140,1,0,30590
cs2203,20220218,20220218,134922000,13:49:22,3059,46397,53345,1424729140,0,0,0
cs2203,20220218,20220218,134922500,13:49:23,3059,46397,53345,1424729140,0,0,0
cs2203,20220218,20220218,134924000,13:49:24,3059,46397,53345,1424729140,0,0,0
cs2203,20220218,20220218,134927000,13:49:27,3060,46398,53345,1424759740,1,0,30600
cs2203,20220218,20220218,134927500,13:49:28,3060,46439,53373,1426014340,41,28,1254600
cs2203,20220218,20220218,134928000,13:49:28,3060,46482,53397,1427330160,43,24,1315820
