cs2207,20220218,20220218,112001000,11:20:04,3275,12904,113887,422122450,12904,3487,422122450
cs2207,20220218,20220218,112006000,11:20:10,3275,12904,113887,422122450,0,0,0
cs2207,20220218,20220218,112007000,11:20:10,3275,12904,113887,422122450,0,0,0
cs2207,20220218,20220218,112010000,11:20:10,3275,12904,113887,422122450,0,0,0
cs2207,20220218,20220218,112014000,11:20:14,3275,12904,113887,422122450,0,0,0
cs2207,20220218,20220218,112019000,11:20:19,3275,12904,113887,422122450,0,0,0
cs2207,20220218,20220218,112028000,11:20:28,3275,12904,113887,422122450,0,0,0
cs2207,20220218,20220218,112031000,11:20:32,3275,12904,113887,422122450,0,0,0
cs2207,20220218,20220218,112037500,11:20:38,3275,12904,113887,422122450,0,0,0
cs2207,20220218,20220218,112046500,11:20:46,3275,12904,113887,422122450,0,0,0
cs2207,20220218,20220218,112047000,11:20:48,3275,12904,113887,422122450,0,0,0
cs2207,20220218,20220218,112047500,11:20:48,3274,12906,113886,422187930,2,-1,65480
cs2207,20220218,20220218,112048000,11:20:48,3274,12907,113886,422220670,1,0,32740
cs2207,20220218,20220218,112048500,11:20:50,3274,12907,113886,422220670,0,0,0
cs2207,20220218,20220218,112049000,11:20:50,3274,12907,113886,422220670,0,0,0
cs2207,20220218,20220218,112051500,11:20:52,3274,12907,113886,422220670,0,0,0
cs2207,20220218,20220218,112052000,11:20:53,3274,12907,113886,422220670,0,0,0
cs2207,20220218,20220218,112053000,11:20:53,3274,12907,113886,422220670,0,0,0
cs2207,20220218,20220218,112055500,11:20:56,3274,12907,113886,422220670,0,0,0
cs2207,20220218,20220218,112101000,11:21:01,3274,12907,113886,422220670,0,0,0
cs2207,20220218,20220218,112105000,11:21:06,3274,12907,113886,422220670,0,0,0
cs2207,20220218,20220218,112111000,11:21:11,3275,12910,113888,422318920,3,2,98250
cs2207,20220218,20220218,112111500,11:21:12,3275,12910,113888,422318920,0,0,0
cs2207,20220218,20220218,112112000,11:21:12,3275,12910,113888,422318920,0,0,0
cs2207,20220218,20220218,112113000,11:21:13,3275,12910,113888,422318920,0,0,0
cs2207,20220218,20220218,112113500,11:21:13,3275,12910,113888,422318920,0,0,0
cs2207,20220218,20220218,112114000,11:21:14,3275,12910,113888,422318920,0,0,0
cs2207,20220218,20220218,112123500,11:21:24,3275,12910,113888,422318920,0,0,0
cs2207,20220218,20220218,112126000,11:23:33,3275,12910,113888,422318920,0,0,0
cs2207,20220218,20220218,112332500,11:23:33,3275,12910,113888,422318920,0,0,0
cs2207,20220218,20220218,112341500,11:23:42,3275,12910,113888,422318920,0,0,0
cs2207,20220218,20220218,112344000,11:23:48,3275,12910,113888,422318920,0,0,0
cs2207,20220218,20220218,112351000,11:23:51,3275,12910,113888,422318920,0,0,0
cs2207,20220218,20220218,112351500,11:23:51,3275,12910,113888,422318920,0,0,0
cs2207,20220218,20220218,112353000,11:23:53,3275,12910,113888,422318920,0,0,0
cs2207,20220218,20220218,112353500,11:23:53,3275,12910,113888,422318920,0,0,0
cs2207,20220218,20220218,112355500,11:23:55,3275,12910,113888,422318920,0,0,0
cs2207,20220218,20220218,112359000,11:23:59,3275,12910,113888,422318920,0,0,0
cs2207,20220218,20220218,112359500,11:23:59,3275,12910,113888,422318920,0,0,0
cs2207,20220218,20220218,112400000,11:24:00,3275,12910,113888,422318920,0,0,0
cs2207,20220218,20220218,112400500,11:24:00,3275,12910,113888,422318920,0,0,0
cs2207,20220218,20220218,112402500,11:24:02,3275,12910,113888,422318920,0,0,0
cs2207,20220218,20220218,112407500,11:24:08,3275,12910,113888,422318920,0,0,0
cs2207,20220218,20220218,112409000,11:24:11,3275,12910,113888,422318920,0,0,0
cs2207,20220218,20220218,112413500,11:24:14,3275,12910,113888,422318920,0,0,0
cs2207,20220218,20220218,112414000,11:24:14,3274,12944,113900,423432060,34,12,1113140
cs2207,20220218,20220218,112414500,11:24:15,3274,12944,113900,423432060,0,0,0
cs2207,20220218,20220218,112415000,11:24:15,3274,12944,113900,423432060,0,0,0
cs2207,20220218,20220218,112415500,11:24:15,3274,12944,113900,423432060,0,0,0
cs2207,20220218,20220218,112416000,11:24:16,3274,12944,113900,423432060,0,0,0
cs2207,20220218,20220218,112417000,11:24:17,3274,12944,113900,423432060,0,0,0
cs2207,20220218,20220218,112418500,11:24:19,3274,12944,113900,423432060,0,0,0
cs2207,20220218,20220218,112426000,11:24:26,3274,12944,113900,423432060,0,0,0
cs2207,20220218,20220218,112426500,11:24:26,3274,12944,113900,423432060,0,0,0
cs2207,20220218,20220218,112427500,11:24:28,3274,12944,113900,423432060,0,0,0
cs2207,20220218,20220218,112436500,11:24:36,3274,12944,113900,423432060,0,0,0
cs2207,20220218,20220218,112446000,11:24:46,3274,12944,113900,423432060,0,0,0
cs2207,20220218,20220218,112448500,11:24:49,3274,12944,113900,423432060,0,0,0
cs2207,20220218,20220218,112455000,11:24:55,3274,12944,113900,423432060,0,0,0
cs2207,20220218,20220218,112500500,11:25:01,3274,12944,113900,423432060,0,0,0
cs2207,20220218,20220218,112504500,11:25:06,3274,12944,113900,423432060,0,0,0
cs2207,20220218,20220218,112514000,11:25:15,3274,12944,113900,423432060,0,0,0
cs2207,20220218,20220218,112523000,11:25:23,3274,12944,113900,423432060,0,0,0
cs2207,20220218,20220218,112524000,11:25:25,3274,12944,113900,423432060,0,0,0
cs2207,20220218,20220218,112524500,11:25:25,3275,12946,113899,423497560,2,-1,65500
cs2207,20220218,20220218,112525000,11:25:25,3275,12948,113899,423563060,2,0,65500
cs2207,20220218,20220218,112525500,11:25:26,3275,12950,113899,423628560,2,0,65500
cs2207,20220218,20220218,112526000,11:25:26,3275,12952,113899,423694060,2,0,65500
cs2207,20220218,20220218,112526500,11:25:27,3275,12953,113900,423726810,1,1,32750
cs2207,20220218,20220218,112527500,11:25:28,3275,12954,113900,423759560,1,0,32750
cs2207,20220218,20220218,112528000,11:25:28,3275,12955,113900,423792310,1,0,32750
cs2207,20220218,20220218,112528500,11:25:28,3275,12956,113900,423825060,1,0,32750
cs2207,20220218,20220218,112531000,11:25:31,3275,12956,113900,423825060,0,0,0
cs2207,20220218,20220218,112531500,11:25:32,3274,12968,113906,424217940,12,6,392880
cs2207,20220218,20220218,112532000,11:25:32,3274,12969,113905,424250680,1,-1,32740
cs2207,20220218,20220218,112532500,11:25:33,3275,12971,113905,424316180,2,0,65500
cs2207,20220218,20220218,112533000,11:25:33,3275,12971,113905,424316180,0,0,0
cs2207,20220218,20220218,112535000,11:25:36,3275,12971,113905,424316180,0,0,0
cs2207,20220218,20220218,112535500,11:25:37,3275,12971,113905,424316180,0,0,0
cs2207,20220218,20220218,112539000,11:25:39,3275,12971,113905,424316180,0,0,0
cs2207,20220218,20220218,112541500,11:25:41,3275,12971,113905,424316180,0,0,0
cs2207,20220218,20220218,112542000,11:25:42,3275,12971,113905,424316180,0,0,0
cs2207,20220218,20220218,112542500,11:25:43,3275,12971,113905,424316180,0,0,0
cs2207,20220218,20220218,112543000,11:25:43,3274,12980,113901,424610840,9,-4,294660
cs2207,20220218,20220218,112543500,11:25:43,3274,12983,113901,424709060,3,0,98220
cs2207,20220218,20220218,112544000,11:25:44,3274,12983,113901,424709060,0,0,0
cs2207,20220218,20220218,112550000,11:25:50,3273,12991,113899,424970900,8,-2,261840
cs2207,20220218,20220218,112551000,11:25:51,3273,12991,113899,424970900,0,0,0
cs2207,20220218,20220218,112552500,11:25:53,3274,12992,113898,425003640,1,-1,32740
cs2207,20220218,20220218,112553000,11:25:53,3274,13004,113891,425396520,12,-7,392880
cs2207,20220218,20220218,112553500,11:25:54,3274,13004,113891,425396520,0,0,0
cs2207,20220218,20220218,112554000,11:25:54,3274,13004,113891,425396520,0,0,0
cs2207,20220218,20220218,112555500,11:25:57,3274,13005,113890,425429260,1,-1,32740
cs2207,20220218,20220218,112556000,11:25:57,3274,13006,113889,425462000,1,-1,32740
cs2207,20220218,20220218,112603000,11:26:03,3274,13006,113889,425462000,0,0,0
cs2207,20220218,20220218,112604500,11:26:05,3274,13009,113889,425560220,3,0,98220
cs2207,20220218,20220218,112609000,11:26:10,3274,13009,113889,425560220,0,0,0
cs2207,20220218,20220218,112609500,11:26:10,3274,13009,113889,425560220,0,0,0
cs2207,20220218,20220218,112621500,11:26:21,3274,13010,113889,425592960,1,0,32740
cs2207,20220218,20220218,112622000,11:26:22,3274,13010,113889,425592960,0,0,0
cs2207,20220218,20220218,112628000,11:26:28,3274,13010,113889,425592960,0,0,0
cs2207,20220218,20220218,112631500,11:26:32,3274,13010,113889,425592960,0,0,0
cs2207,20220218,20220218,112632000,11:26:32,3274,13010,113889,425592960,0,0,0
cs2207,20220218,20220218,112632500,11:26:32,3274,13010,113889,425592960,0,0,0
cs2207,20220218,20220218,112633000,11:26:33,3274,13010,113889,425592960,0,0,0
cs2207,20220218,20220218,112633500,11:26:34,3274,13010,113889,425592960,0,0,0
cs2207,20220218,20220218,112634000,11:26:35,3274,13010,113889,425592960,0,0,0
cs2207,20220218,20220218,112634500,11:26:37,3274,13010,113889,425592960,0,0,0
cs2207,20220218,20220218,112635000,11:26:37,3274,13010,113889,425592960,0,0,0
cs2207,20220218,20220218,112635500,11:26:38,3274,13010,113889,425592960,0,0,0
cs2207,20220218,20220218,112637000,11:26:39,3274,13010,113889,425592960,0,0,0
cs2207,20220218,20220218,112637500,11:26:54,3274,13010,113889,425592960,0,0,0
cs2207,20220218,20220218,112638000,11:27:10,3274,13010,113889,425592960,0,0,0
cs2207,20220218,20220218,112653500,11:27:10,3274,13010,113889,425592960,0,0,0
cs2207,20220218,20220218,112710000,11:27:12,3274,13010,113889,425592960,0,0,0
cs2207,20220218,20220218,112710500,11:27:12,3274,13010,113889,425592960,0,0,0
cs2207,20220218,20220218,112712000,11:27:12,3274,13010,113889,425592960,0,0,0
cs2207,20220218,20220218,112712500,11:27:13,3274,13010,113889,425592960,0,0,0
cs2207,20220218,20220218,112713000,11:27:14,3274,13010,113889,425592960,0,0,0
cs2207,20220218,20220218,112713500,11:27:14,3274,13010,113889,425592960,0,0,0
cs2207,20220218,20220218,112714000,11:27:15,3274,13010,113889,425592960,0,0,0
cs2207,20220218,20220218,112714500,11:27:15,3274,13010,113889,425592960,0,0,0
cs2207,20220218,20220218,112715000,11:27:16,3274,13010,113889,425592960,0,0,0
cs2207,20220218,20220218,112715500,11:27:16,3274,13010,113889,425592960,0,0,0
cs2207,20220218,20220218,112716000,11:27:17,3274,13010,113889,425592960,0,0,0
cs2207,20220218,20220218,112716500,11:27:17,3274,13010,113889,425592960,0,0,0
cs2207,20220218,20220218,112717000,11:27:17,3274,13010,113889,425592960,0,0,0
cs2207,20220218,20220218,112717500,11:27:17,3274,13010,113889,425592960,0,0,0
cs2207,20220218,20220218,112718000,11:27:18,3274,13010,113889,425592960,0,0,0
cs2207,20220218,20220218,112718500,11:27:19,3274,13010,113889,425592960,0,0,0
cs2207,20220218,20220218,112719000,11:27:19,3274,13010,113889,425592960,0,0,0
cs2207,20220218,20220218,112719500,11:27:20,3274,13010,113889,425592960,0,0,0
cs2207,20220218,20220218,112720000,11:27:20,3274,13010,113889,425592960,0,0,0
cs2207,20220218,20220218,112720500,11:27:21,3274,13010,113889,425592960,0,0,0
cs2207,20220218,20220218,112721000,11:27:21,3274,13010,113889,425592960,0,0,0
cs2207,20220218,20220218,112721500,11:27:22,3274,13010,113889,425592960,0,0,0
cs2207,20220218,20220218,112722000,11:27:22,3274,13010,113889,425592960,0,0,0
cs2207,20220218,20220218,112722500,11:27:22,3274,13010,113889,425592960,0,0,0
cs2207,20220218,20220218,112723000,11:27:26,3274,13010,113889,425592960,0,0,0
cs2207,20220218,20220218,112723500,11:27:27,3274,13010,113889,425592960,0,0,0
cs2207,20220218,20220218,112724000,11:27:27,3274,13010,113889,425592960,0,0,0
cs2207,20220218,20220218,112726500,11:27:27,3274,13010,113889,425592960,0,0,0
cs2207,20220218,20220218,112727000,11:27:27,3274,13010,113889,425592960,0,0,0
cs2207,20220218,20220218,112727500,11:27:27,3274,13010,113889,425592960,0,0,0
cs2207,20220218,20220218,112728000,11:27:28,3274,13010,113889,425592960,0,0,0
cs2207,20220218,20220218,112728500,11:27:28,3274,13010,113889,425592960,0,0,0
cs2207,20220218,20220218,112729000,11:27:29,3274,13010,113889,425592960,0,0,0
cs2207,20220218,20220218,112729500,11:27:30,3274,13010,113889,425592960,0,0,0
cs2207,20220218,20220218,112730000,11:27:30,3274,13010,113889,425592960,0,0,0
cs2207,20220218,20220218,112730500,11:27:31,3274,13010,113889,425592960,0,0,0
cs2207,20220218,20220218,112731000,11:27:33,3274,13010,113889,425592960,0,0,0
cs2207,20220218,20220218,112731500,11:27:35,3274,13010,113889,425592960,0,0,0
cs2207,20220218,20220218,112732000,11:27:36,3274,13010,113889,425592960,0,0,0
cs2207,20220218,20220218,112732500,11:27:36,3274,13010,113889,425592960,0,0,0
cs2207,20220218,20220218,112735500,11:27:36,3274,13010,113889,425592960,0,0,0
cs2207,20220218,20220218,112736000,11:27:37,3274,13010,113889,425592960,0,0,0
cs2207,20220218,20220218,112736500,11:27:38,3274,13010,113889,425592960,0,0,0
cs2207,20220218,20220218,112737000,11:27:38,3274,13010,113889,425592960,0,0,0
cs2207,20220218,20220218,112737500,11:27:38,3274,13010,113889,425592960,0,0,0
cs2207,20220218,20220218,112738000,11:27:39,3274,13010,113889,425592960,0,0,0
cs2207,20220218,20220218,112738500,11:27:39,3274,13010,113889,425592960,0,0,0
cs2207,20220218,20220218,112739000,11:27:39,3274,13010,113889,425592960,0,0,0
cs2207,20220218,20220218,112739500,11:27:39,3274,13010,113889,425592960,0,0,0
cs2207,20220218,20220218,112740000,11:27:40,3274,13010,113889,425592960,0,0,0
cs2207,20220218,20220218,112740500,11:27:40,3274,13010,113889,425592960,0,0,0
cs2207,20220218,20220218,112741000,11:27:41,3274,13010,113889,425592960,0,0,0
cs2207,20220218,20220218,112741500,11:27:42,3274,13010,113889,425592960,0,0,0
cs2207,20220218,20220218,112742000,11:27:42,3274,13010,113889,425592960,0,0,0
cs2207,20220218,20220218,112742500,11:27:43,3274,13010,113889,425592960,0,0,0
cs2207,20220218,20220218,112743000,11:27:43,3274,13010,113889,425592960,0,0,0
cs2207,20220218,20220218,112743500,11:27:43,3274,13010,113889,425592960,0,0,0
cs2207,20220218,20220218,112744000,11:27:44,3274,13010,113889,425592960,0,0,0
cs2207,20220218,20220218,112744500,11:27:45,3274,13010,113889,425592960,0,0,0
cs2207,20220218,20220218,112745000,11:27:46,3274,13010,113889,425592960,0,0,0
cs2207,20220218,20220218,112745500,11:27:46,3274,13010,113889,425592960,0,0,0
cs2207,20220218,20220218,112746000,11:27:46,3274,13010,113889,425592960,0,0,0
cs2207,20220218,20220218,112746500,11:27:47,3274,13010,113889,425592960,0,0,0
cs2207,20220218,20220218,112747000,11:27:47,3274,13010,113889,425592960,0,0,0
cs2207,20220218,20220218,112747500,11:27:48,3274,13010,113889,425592960,0,0,0
cs2207,20220218,20220218,112748000,11:27:53,3274,13010,113889,425592960,0,0,0
cs2207,20220218,20220218,112748500,11:27:54,3274,13022,113890,425985840,12,1,392880
cs2207,20220218,20220218,112749000,11:27:54,3274,13022,113890,425985840,0,0,0
cs2207,20220218,20220218,112749500,11:27:54,3274,13022,113890,425985840,0,0,0
cs2207,20220218,20220218,112753000,11:27:54,3274,13022,113890,425985840,0,0,0
cs2207,20220218,20220218,112802000,11:28:03,3274,13022,113890,425985840,0,0,0
cs2207,20220218,20220218,112804000,11:28:04,3274,13022,113890,425985840,0,0,0
cs2207,20220218,20220218,112810000,11:28:11,3274,13022,113890,425985840,0,0,0
cs2207,20220218,20220218,112810500,11:28:12,3274,13022,113890,425985840,0,0,0
cs2207,20220218,20220218,112811000,11:28:12,3274,13022,113890,425985840,0,0,0
cs2207,20220218,20220218,112811500,11:28:12,3274,13022,113890,425985840,0,0,0
cs2207,20220218,20220218,112812000,11:28:13,3274,13022,113890,425985840,0,0,0
cs2207,20220218,20220218,112812500,11:28:13,3274,13022,113890,425985840,0,0,0
cs2207,20220218,20220218,112813000,11:28:13,3274,13022,113890,425985840,0,0,0
cs2207,20220218,20220218,112813500,11:28:14,3274,13022,113890,425985840,0,0,0
cs2207,20220218,20220218,112814000,11:28:14,3274,13022,113890,425985840,0,0,0
cs2207,20220218,20220218,112814500,11:28:14,3274,13022,113890,425985840,0,0,0
cs2207,20220218,20220218,112815000,11:28:15,3274,13022,113890,425985840,0,0,0
cs2207,20220218,20220218,112815500,11:28:15,3274,13022,113890,425985840,0,0,0
cs2207,20220218,20220218,112816000,11:28:16,3274,13022,113890,425985840,0,0,0
cs2207,20220218,20220218,112816500,11:28:16,3274,13022,113890,425985840,0,0,0
cs2207,20220218,20220218,112817000,11:28:17,3274,13022,113890,425985840,0,0,0
cs2207,20220218,20220218,112817500,11:28:17,3274,13022,113890,425985840,0,0,0
cs2207,20220218,20220218,112818000,11:28:18,3274,13022,113890,425985840,0,0,0
cs2207,20220218,20220218,112818500,11:28:18,3274,13022,113890,425985840,0,0,0
cs2207,20220218,20220218,112819000,11:28:19,3274,13022,113890,425985840,0,0,0
cs2207,20220218,20220218,112819500,11:28:19,3274,13022,113890,425985840,0,0,0
cs2207,20220218,20220218,112820000,11:28:20,3274,13022,113890,425985840,0,0,0
cs2207,20220218,20220218,112820500,11:28:20,3274,13022,113890,425985840,0,0,0
cs2207,20220218,20220218,112821000,11:28:21,3274,13022,113890,425985840,0,0,0
cs2207,20220218,20220218,112821500,11:28:22,3274,13022,113890,425985840,0,0,0
cs2207,20220218,20220218,112822000,11:28:22,3274,13022,113890,425985840,0,0,0
cs2207,20220218,20220218,112822500,11:28:22,3274,13022,113890,425985840,0,0,0
cs2207,20220218,20220218,112823000,11:28:23,3274,13022,113890,425985840,0,0,0
cs2207,20220218,20220218,112823500,11:28:24,3274,13022,113890,425985840,0,0,0
cs2207,20220218,20220218,112824000,11:28:24,3274,13022,113890,425985840,0,0,0
cs2207,20220218,20220218,112824500,11:28:25,3274,13022,113890,425985840,0,0,0
cs2207,20220218,20220218,112825000,11:28:25,3274,13022,113890,425985840,0,0,0
cs2207,20220218,20220218,112825500,11:28:25,3274,13022,113890,425985840,0,0,0
cs2207,20220218,20220218,112826000,11:28:26,3274,13022,113890,425985840,0,0,0
cs2207,20220218,20220218,112826500,11:28:27,3274,13022,113890,425985840,0,0,0
cs2207,20220218,20220218,112827000,11:28:27,3274,13022,113890,425985840,0,0,0
cs2207,20220218,20220218,112827500,11:28:27,3274,13022,113890,425985840,0,0,0
cs2207,20220218,20220218,112828000,11:28:28,3274,13022,113890,425985840,0,0,0
cs2207,20220218,20220218,112828500,11:28:28,3274,13022,113890,425985840,0,0,0
cs2207,20220218,20220218,112829000,11:28:29,3274,13022,113890,425985840,0,0,0
cs2207,20220218,20220218,112829500,11:28:30,3274,13022,113890,425985840,0,0,0
cs2207,20220218,20220218,112830000,11:28:30,3274,13022,113890,425985840,0,0,0
cs2207,20220218,20220218,112830500,11:28:31,3274,13022,113890,425985840,0,0,0
cs2207,20220218,20220218,112831000,11:28:31,3274,13022,113890,425985840,0,0,0
cs2207,20220218,20220218,112831500,11:28:32,3274,13022,113890,425985840,0,0,0
cs2207,20220218,20220218,112832000,11:28:33,3274,13022,113890,425985840,0,0,0
cs2207,20220218,20220218,112832500,11:28:33,3274,13022,113890,425985840,0,0,0
cs2207,20220218,20220218,112833000,11:28:33,3274,13022,113890,425985840,0,0,0
cs2207,20220218,20220218,112833500,11:28:34,3274,13022,113890,425985840,0,0,0
cs2207,20220218,20220218,112834000,11:28:34,3274,13022,113890,425985840,0,0,0
cs2207,20220218,20220218,112834500,11:28:34,3274,13022,113890,425985840,0,0,0
cs2207,20220218,20220218,112835000,11:28:35,3274,13022,113890,425985840,0,0,0
cs2207,20220218,20220218,112835500,11:28:36,3274,13037,113892,426476940,15,2,491100
cs2207,20220218,20220218,112836000,11:28:37,3274,13037,113892,426476940,0,0,0
cs2207,20220218,20220218,112836500,11:28:37,3274,13037,113892,426476940,0,0,0
cs2207,20220218,20220218,112837000,11:28:37,3274,13037,113892,426476940,0,0,0
cs2207,20220218,20220218,112837500,11:28:38,3274,13037,113892,426476940,0,0,0
cs2207,20220218,20220218,112838000,11:28:38,3274,13037,113892,426476940,0,0,0
cs2207,20220218,20220218,112838500,11:28:38,3274,13037,113892,426476940,0,0,0
cs2207,20220218,20220218,112839000,11:28:40,3274,13037,113892,426476940,0,0,0
cs2207,20220218,20220218,112839500,11:28:40,3274,13037,113892,426476940,0,0,0
cs2207,20220218,20220218,112840000,11:28:40,3274,13037,113892,426476940,0,0,0
cs2207,20220218,20220218,112840500,11:28:40,3274,13037,113892,426476940,0,0,0
cs2207,20220218,20220218,112841000,11:28:41,3274,13037,113892,426476940,0,0,0
cs2207,20220218,20220218,112841500,11:28:41,3274,13037,113892,426476940,0,0,0
cs2207,20220218,20220218,112842000,11:28:42,3274,13037,113892,426476940,0,0,0
cs2207,20220218,20220218,112842500,11:28:43,3274,13037,113892,426476940,0,0,0
cs2207,20220218,20220218,112843000,11:28:43,3274,13037,113892,426476940,0,0,0
cs2207,20220218,20220218,112843500,11:28:44,3274,13037,113892,426476940,0,0,0
cs2207,20220218,20220218,112844000,11:28:44,3274,13037,113892,426476940,0,0,0
cs2207,20220218,20220218,112844500,11:28:44,3274,13037,113892,426476940,0,0,0
cs2207,20220218,20220218,112845000,11:28:45,3274,13037,113892,426476940,0,0,0
cs2207,20220218,20220218,112845500,11:28:46,3274,13037,113892,426476940,0,0,0
cs2207,20220218,20220218,112846000,11:28:46,3274,13037,113892,426476940,0,0,0
cs2207,20220218,20220218,112846500,11:28:46,3274,13037,113892,426476940,0,0,0
cs2207,20220218,20220218,112847000,11:28:47,3274,13037,113892,426476940,0,0,0
cs2207,20220218,20220218,112847500,11:28:48,3274,13037,113892,426476940,0,0,0
cs2207,20220218,20220218,112848000,11:28:48,3274,13037,113892,426476940,0,0,0
cs2207,20220218,20220218,112848500,11:28:48,3274,13037,113892,426476940,0,0,0
cs2207,20220218,20220218,112849000,11:28:49,3274,13037,113892,426476940,0,0,0
cs2207,20220218,20220218,112849500,11:28:50,3274,13037,113892,426476940,0,0,0
cs2207,20220218,20220218,112850000,11:28:50,3274,13037,113892,426476940,0,0,0
cs2207,20220218,20220218,112850500,11:28:50,3274,13037,113892,426476940,0,0,0
cs2207,20220218,20220218,112851000,11:28:51,3274,13037,113892,426476940,0,0,0
cs2207,20220218,20220218,112851500,11:28:52,3274,13037,113892,426476940,0,0,0
cs2207,20220218,20220218,112852000,11:28:53,3274,13037,113892,426476940,0,0,0
cs2207,20220218,20220218,112852500,11:28:54,3274,13037,113892,426476940,0,0,0
cs2207,20220218,20220218,112853000,11:28:54,3274,13037,113892,426476940,0,0,0
cs2207,20220218,20220218,112853500,11:28:54,3274,13037,113892,426476940,0,0,0
cs2207,20220218,20220218,112854000,11:28:54,3274,13037,113892,426476940,0,0,0
cs2207,20220218,20220218,112854500,11:28:54,3274,13037,113892,426476940,0,0,0
cs2207,20220218,20220218,112855000,11:28:55,3274,13037,113892,426476940,0,0,0
cs2207,20220218,20220218,112855500,11:28:56,3274,13037,113892,426476940,0,0,0
cs2207,20220218,20220218,112856000,11:28:56,3274,13037,113892,426476940,0,0,0
cs2207,20220218,20220218,112856500,11:28:56,3274,13037,113892,426476940,0,0,0
cs2207,20220218,20220218,112857000,11:28:57,3274,13037,113892,426476940,0,0,0
cs2207,20220218,20220218,112857500,11:28:58,3274,13037,113892,426476940,0,0,0
cs2207,20220218,20220218,112858000,11:28:58,3274,13037,113892,426476940,0,0,0
cs2207,20220218,20220218,112858500,11:28:59,3274,13037,113892,426476940,0,0,0
cs2207,20220218,20220218,112859000,11:28:59,3275,13052,113892,426968190,15,0,491250
cs2207,20220218,20220218,112859500,11:29:00,3275,13052,113892,426968190,0,0,0
cs2207,20220218,20220218,112900000,11:29:00,3275,13052,113892,426968190,0,0,0
cs2207,20220218,20220218,112901000,11:29:01,3275,13052,113892,426968190,0,0,0
cs2207,20220218,20220218,112906000,11:29:06,3275,13052,113892,426968190,0,0,0
cs2207,20220218,20220218,112910000,11:29:10,3275,13052,113892,426968190,0,0,0
cs2207,20220218,20220218,112910500,11:29:11,3275,13052,113892,426968190,0,0,0
cs2207,20220218,20220218,112911000,11:29:11,3275,13052,113892,426968190,0,0,0
cs2207,20220218,20220218,112911500,11:29:12,3275,13052,113892,426968190,0,0,0
cs2207,20220218,20220218,112912000,11:29:12,3275,13052,113892,426968190,0,0,0
cs2207,20220218,20220218,112912500,11:29:12,3275,13052,113892,426968190,0,0,0
cs2207,20220218,20220218,112913000,11:29:13,3275,13052,113892,426968190,0,0,0
cs2207,20220218,20220218,112913500,11:29:14,3275,13052,113892,426968190,0,0,0
cs2207,20220218,20220218,112914000,11:29:14,3275,13052,113892,426968190,0,0,0
cs2207,20220218,20220218,112914500,11:29:15,3275,13052,113892,426968190,0,0,0
cs2207,20220218,20220218,112915000,11:29:15,3275,13052,113892,426968190,0,0,0
cs2207,20220218,20220218,112915500,11:29:16,3275,13052,113892,426968190,0,0,0
cs2207,20220218,20220218,112916000,11:29:16,3275,13065,113892,427393940,13,0,425750
cs2207,20220218,20220218,112916500,11:29:20,3275,13065,113892,427393940,0,0,0
cs2207,20220218,20220218,112917000,11:29:20,3275,13065,113892,427393940,0,0,0
cs2207,20220218,20220218,112917500,11:29:21,3275,13065,113892,427393940,0,0,0
cs2207,20220218,20220218,112918000,11:29:21,3275,13065,113892,427393940,0,0,0
cs2207,20220218,20220218,112920500,11:29:21,3275,13065,113892,427393940,0,0,0
cs2207,20220218,20220218,112921000,11:29:22,3275,13065,113892,427393940,0,0,0
cs2207,20220218,20220218,112921500,11:29:24,3275,13065,113892,427393940,0,0,0
cs2207,20220218,20220218,112922000,11:29:24,3275,13065,113892,427393940,0,0,0
cs2207,20220218,20220218,112922500,11:29:24,3275,13065,113892,427393940,0,0,0
cs2207,20220218,20220218,112923000,11:29:24,3275,13065,113892,427393940,0,0,0
cs2207,20220218,20220218,112924000,11:29:24,3275,13065,113892,427393940,0,0,0
cs2207,20220218,20220218,112924500,11:29:25,3275,13065,113892,427393940,0,0,0
cs2207,20220218,20220218,112925000,11:29:25,3275,13065,113892,427393940,0,0,0
cs2207,20220218,20220218,112925500,11:29:26,3275,13065,113892,427393940,0,0,0
cs2207,20220218,20220218,112926000,11:29:26,3275,13065,113892,427393940,0,0,0
cs2207,20220218,20220218,112926500,11:29:26,3275,13065,113892,427393940,0,0,0
cs2207,20220218,20220218,112927000,11:29:27,3275,13065,113892,427393940,0,0,0
cs2207,20220218,20220218,112927500,11:29:27,3275,13065,113892,427393940,0,0,0
cs2207,20220218,20220218,112928000,11:29:28,3275,13065,113892,427393940,0,0,0
cs2207,20220218,20220218,112928500,11:29:29,3275,13065,113892,427393940,0,0,0
cs2207,20220218,20220218,112929000,11:29:29,3275,13065,113892,427393940,0,0,0
cs2207,20220218,20220218,112929500,11:29:30,3275,13065,113892,427393940,0,0,0
cs2207,20220218,20220218,112930000,11:29:30,3275,13065,113892,427393940,0,0,0
cs2207,20220218,20220218,112930500,11:29:31,3275,13065,113892,427393940,0,0,0
cs2207,20220218,20220218,112931000,11:29:32,3275,13065,113892,427393940,0,0,0
cs2207,20220218,20220218,112931500,11:29:32,3274,13097,113892,428441620,32,0,1047680
cs2207,20220218,20220218,112932000,11:29:32,3274,13099,113892,428507100,2,0,65480
cs2207,20220218,20220218,112932500,11:29:37,3274,13099,113892,428507100,0,0,0
cs2207,20220218,20220218,112936500,11:29:38,3274,13099,113892,428507100,0,0,0
cs2207,20220218,20220218,112937500,11:29:38,3274,13099,113892,428507100,0,0,0
cs2207,20220218,20220218,112938000,11:29:38,3274,13099,113892,428507100,0,0,0
cs2207,20220218,20220218,112938500,11:29:39,3274,13099,113892,428507100,0,0,0
cs2207,20220218,20220218,112939000,11:29:39,3274,13099,113892,428507100,0,0,0
cs2207,20220218,20220218,112939500,11:29:40,3274,13099,113892,428507100,0,0,0
cs2207,20220218,20220218,112940000,11:29:40,3274,13099,113892,428507100,0,0,0
cs2207,20220218,20220218,112940500,11:29:40,3274,13099,113892,428507100,0,0,0
cs2207,20220218,20220218,112941000,11:29:41,3274,13099,113892,428507100,0,0,0
cs2207,20220218,20220218,112941500,11:29:42,3274,13099,113892,428507100,0,0,0
cs2207,20220218,20220218,112942000,11:29:44,3274,13099,113892,428507100,0,0,0
cs2207,20220218,20220218,112942500,11:29:44,3274,13099,113892,428507100,0,0,0
cs2207,20220218,20220218,112943000,11:29:45,3274,13099,113892,428507100,0,0,0
cs2207,20220218,20220218,112943500,11:29:45,3274,13099,113892,428507100,0,0,0
cs2207,20220218,20220218,112944500,11:29:45,3274,13099,113892,428507100,0,0,0
cs2207,20220218,20220218,112945000,11:29:46,3274,13099,113892,428507100,0,0,0
cs2207,20220218,20220218,112945500,11:29:46,3274,13099,113892,428507100,0,0,0
cs2207,20220218,20220218,112946000,11:29:47,3274,13099,113892,428507100,0,0,0
cs2207,20220218,20220218,112946500,11:29:47,3274,13099,113892,428507100,0,0,0
cs2207,20220218,20220218,112947000,11:29:47,3274,13099,113892,428507100,0,0,0
cs2207,20220218,20220218,112947500,11:29:48,3274,13099,113892,428507100,0,0,0
cs2207,20220218,20220218,112948000,11:29:49,3274,13099,113892,428507100,0,0,0
cs2207,20220218,20220218,112948500,11:29:50,3274,13099,113892,428507100,0,0,0
cs2207,20220218,20220218,112949000,11:29:50,3274,13099,113892,428507100,0,0,0
cs2207,20220218,20220218,112949500,11:29:50,3274,13099,113892,428507100,0,0,0
cs2207,20220218,20220218,112950000,11:29:51,3274,13099,113892,428507100,0,0,0
cs2207,20220218,20220218,112950500,11:29:52,3274,13099,113892,428507100,0,0,0
cs2207,20220218,20220218,112951000,11:29:52,3274,13099,113892,428507100,0,0,0
cs2207,20220218,20220218,112952000,11:29:53,3274,13099,113892,428507100,0,0,0
cs2207,20220218,20220218,112954500,11:29:54,3274,13099,113892,428507100,0,0,0
cs2207,20220218,20220218,112955000,11:29:55,3274,13101,113892,428572580,2,0,65480
cs2207,20220218,20220218,112955500,11:29:56,3274,13101,113892,428572580,0,0,0
cs2207,20220218,20220218,112956000,11:30:00,3274,13101,113892,428572580,0,0,0
cs2207,20220218,20220218,112958000,11:30:02,3274,13101,113892,428572580,0,0,0
cs2207,20220218,20220218,113001500,11:30:03,3274,13101,113892,428572580,0,0,0
cs2207,20220218,20220218,133001500,13:30:02,3274,13101,113892,428572580,0,0,0
cs2207,20220218,20220218,133002000,13:30:08,3274,13101,113892,428572580,0,0,0
cs2207,20220218,20220218,133002500,13:30:10,3274,13101,113892,428572580,0,0,0
cs2207,20220218,20220218,133007000,13:30:10,3274,13101,113892,428572580,0,0,0
cs2207,20220218,20220218,133016500,13:30:18,3274,13101,113892,428572580,0,0,0
cs2207,20220218,20220218,133017000,13:30:18,3274,13101,113892,428572580,0,0,0
cs2207,20220218,20220218,133020500,13:30:21,3274,13101,113892,428572580,0,0,0
cs2207,20220218,20220218,133021000,13:30:21,3274,13101,113892,428572580,0,0,0
cs2207,20220218,20220218,133021500,13:30:22,3274,13101,113892,428572580,0,0,0
cs2207,20220218,20220218,133035500,13:30:40,3274,13101,113892,428572580,0,0,0
cs2207,20220218,20220218,133045500,13:30:46,3274,13101,113892,428572580,0,0,0
cs2207,20220218,20220218,133046000,13:30:47,3274,13101,113892,428572580,0,0,0
cs2207,20220218,20220218,133049500,13:30:50,3274,13101,113892,428572580,0,0,0
cs2207,20220218,20220218,133113000,13:31:13,3272,13152,113923,430241310,51,31,1668730
cs2207,20220218,20220218,133113500,13:31:15,3272,13157,113928,430404910,5,5,163600
cs2207,20220218,20220218,133114000,13:31:15,3272,13162,113928,430568510,5,0,163600
cs2207,20220218,20220218,133114500,13:31:15,3272,13162,113928,430568510,0,0,0
cs2207,20220218,20220218,133115000,13:31:15,3272,13165,113931,430666670,3,3,98160
cs2207,20220218,20220218,133115500,13:31:16,3272,13165,113931,430666670,0,0,0
cs2207,20220218,20220218,133116000,13:31:16,3272,13168,113934,430764830,3,3,98160
cs2207,20220218,20220218,133116500,13:31:17,3271,13169,113933,430797540,1,-1,32710
cs2207,20220218,20220218,133117000,13:31:18,3272,13172,113936,430895700,3,3,98160
cs2207,20220218,20220218,133117500,13:31:18,3272,13175,113938,430993850,3,2,98150
cs2207,20220218,20220218,133118000,13:31:19,3272,13175,113938,430993850,0,0,0
cs2207,20220218,20220218,133118500,13:31:19,3272,13177,113940,431059290,2,2,65440
cs2207,20220218,20220218,133119000,13:31:20,3272,13177,113940,431059290,0,0,0
cs2207,20220218,20220218,133120500,13:31:21,3272,13177,113940,431059290,0,0,0
cs2207,20220218,20220218,133121000,13:31:21,3272,13177,113940,431059290,0,0,0
cs2207,20220218,20220218,133122000,13:31:23,3272,13177,113940,431059290,0,0,0
cs2207,20220218,20220218,133123500,13:31:25,3271,13204,113956,431942460,27,16,883170
cs2207,20220218,20220218,133124000,13:31:25,3271,13210,113961,432138720,6,5,196260
cs2207,20220218,20220218,133157500,13:31:57,3270,13211,113962,432171420,1,1,32700
cs2207,20220218,20220218,133200000,13:32:01,3271,13218,113965,432400330,7,3,228910
cs2207,20220218,20220218,133200500,13:32:01,3271,13218,113965,432400330,0,0,0
cs2207,20220218,20220218,133205000,13:32:06,3271,13218,113965,432400330,0,0,0
cs2207,20220218,20220218,133205500,13:32:06,3270,13219,113965,432433030,1,0,32700
cs2207,20220218,20220218,133208500,13:32:10,3271,13220,113965,432465740,1,0,32710
cs2207,20220218,20220218,133209000,13:32:10,3271,13220,113965,432465740,0,0,0
cs2207,20220218,20220218,133209500,13:32:10,3271,13220,113965,432465740,0,0,0
cs2207,20220218,20220218,133215000,13:32:16,3271,13220,113965,432465740,0,0,0
cs2207,20220218,20220218,133222000,13:32:23,3271,13220,113965,432465740,0,0,0
cs2207,20220218,20220218,133222500,13:32:24,3270,13222,113963,432531140,2,-2,65400
cs2207,20220218,20220218,133223500,13:32:24,3270,13222,113963,432531140,0,0,0
cs2207,20220218,20220218,133224000,13:32:24,3270,13222,113963,432531140,0,0,0
cs2207,20220218,20220218,133224500,13:32:25,3270,13222,113963,432531140,0,0,0
cs2207,20220218,20220218,133225000,13:32:25,3270,13222,113963,432531140,0,0,0
cs2207,20220218,20220218,133229000,13:32:33,3270,13226,113964,432661940,4,1,130800
cs2207,20220218,20220218,133232000,13:32:35,3270,13226,113964,432661940,0,0,0
cs2207,20220218,20220218,133234500,13:32:35,3270,13226,113964,432661940,0,0,0
cs2207,20220218,20220218,133246000,13:32:47,3270,13234,113961,432923530,8,-3,261590
cs2207,20220218,20220218,133246500,13:32:47,3270,13234,113961,432923530,0,0,0
cs2207,20220218,20220218,133247000,13:32:47,3269,13235,113960,432956220,1,-1,32690
cs2207,20220218,20220218,133249000,13:32:49,3269,13235,113960,432956220,0,0,0
cs2207,20220218,20220218,133254000,13:32:54,3271,13237,113958,433021640,2,-2,65420
cs2207,20220218,20220218,133257500,13:33:00,3269,13239,113957,433087020,2,-1,65380
cs2207,20220218,20220218,133258000,13:33:00,3269,13239,113957,433087020,0,0,0
cs2207,20220218,20220218,133259000,13:33:01,3269,13239,113957,433087020,0,0,0
cs2207,20220218,20220218,133301500,13:33:02,3269,13239,113957,433087020,0,0,0
cs2207,20220218,20220218,133302000,13:33:03,3269,13241,113957,433152400,2,0,65380
cs2207,20220218,20220218,133302500,13:33:03,3269,13242,113956,433185090,1,-1,32690
cs2207,20220218,20220218,133303000,13:33:04,3270,13245,113955,433283170,3,-1,98080
cs2207,20220218,20220218,133303500,13:33:04,3270,13245,113955,433283170,0,0,0
cs2207,20220218,20220218,133304000,13:33:04,3270,13245,113955,433283170,0,0,0
cs2207,20220218,20220218,133304500,13:33:05,3270,13245,113955,433283170,0,0,0
cs2207,20220218,20220218,133307000,13:33:07,3270,13245,113955,433283170,0,0,0
cs2207,20220218,20220218,133307500,13:33:08,3270,13245,113955,433283170,0,0,0
cs2207,20220218,20220218,133308000,13:33:08,3270,13245,113955,433283170,0,0,0
cs2207,20220218,20220218,133308500,13:33:09,3270,13245,113955,433283170,0,0,0
cs2207,20220218,20220218,133309000,13:33:09,3270,13245,113955,433283170,0,0,0
cs2207,20220218,20220218,133309500,13:33:11,3270,13245,113955,433283170,0,0,0
cs2207,20220218,20220218,133311000,13:33:13,3270,13245,113955,433283170,0,0,0
cs2207,20220218,20220218,133316000,13:33:18,3270,13245,113955,433283170,0,0,0
cs2207,20220218,20220218,133318000,13:33:19,3270,13245,113955,433283170,0,0,0
cs2207,20220218,20220218,133320500,13:33:22,3270,13245,113955,433283170,0,0,0
cs2207,20220218,20220218,133321000,13:33:22,3270,13245,113955,433283170,0,0,0
cs2207,20220218,20220218,133321500,13:33:22,3270,13245,113955,433283170,0,0,0
cs2207,20220218,20220218,133322000,13:33:22,3270,13245,113955,433283170,0,0,0
cs2207,20220218,20220218,133324000,13:33:24,3270,13245,113955,433283170,0,0,0
cs2207,20220218,20220218,133325000,13:33:26,3270,13245,113955,433283170,0,0,0
cs2207,20220218,20220218,133325500,13:33:27,3270,13245,113955,433283170,0,0,0
cs2207,20220218,20220218,133327000,13:33:29,3270,13245,113955,433283170,0,0,0
cs2207,20220218,20220218,133329500,13:33:30,3270,13245,113955,433283170,0,0,0
cs2207,20220218,20220218,133334500,13:33:34,3270,13245,113955,433283170,0,0,0
cs2207,20220218,20220218,133335000,13:33:35,3269,13246,113954,433315860,1,-1,32690
cs2207,20220218,20220218,133336000,13:33:36,3269,13246,113954,433315860,0,0,0
cs2207,20220218,20220218,133343500,13:33:44,3269,13246,113954,433315860,0,0,0
cs2207,20220218,20220218,133344000,13:33:45,3269,13249,113951,433413930,3,-3,98070
cs2207,20220218,20220218,133344500,13:33:45,3269,13249,113951,433413930,0,0,0
cs2207,20220218,20220218,133345000,13:33:45,3269,13249,113951,433413930,0,0,0
cs2207,20220218,20220218,133345500,13:33:46,3269,13249,113951,433413930,0,0,0
cs2207,20220218,20220218,133346000,13:33:47,3269,13249,113951,433413930,0,0,0
cs2207,20220218,20220218,133350500,13:33:50,3268,13250,113952,433446610,1,1,32680
cs2207,20220218,20220218,133352500,13:33:52,3268,13250,113952,433446610,0,0,0
cs2207,20220218,20220218,133354500,13:33:55,3268,13250,113952,433446610,0,0,0
cs2207,20220218,20220218,133409500,13:34:12,3270,13254,113956,433577410,4,4,130800
cs2207,20220218,20220218,133413000,13:34:13,3270,13254,113956,433577410,0,0,0
cs2207,20220218,20220218,133413500,13:34:14,3268,13255,113956,433610090,1,0,32680
cs2207,20220218,20220218,133414000,13:34:14,3268,13255,113956,433610090,0,0,0
cs2207,20220218,20220218,133414500,13:34:15,3270,13257,113958,433675490,2,2,65400
cs2207,20220218,20220218,133415000,13:34:15,3270,13257,113958,433675490,0,0,0
cs2207,20220218,20220218,133415500,13:34:16,3270,13257,113958,433675490,0,0,0
cs2207,20220218,20220218,133417000,13:34:17,3269,13258,113958,433708180,1,0,32690
cs2207,20220218,20220218,133418500,13:34:19,3269,13258,113958,433708180,0,0,0
cs2207,20220218,20220218,133419000,13:34:19,3269,13258,113958,433708180,0,0,0
cs2207,20220218,20220218,133419500,13:34:20,3269,13258,113958,433708180,0,0,0
cs2207,20220218,20220218,133420500,13:34:23,3269,13258,113958,433708180,0,0,0
cs2207,20220218,20220218,133422500,13:34:24,3269,13259,113957,433740870,1,-1,32690
cs2207,20220218,20220218,133423500,13:34:24,3269,13326,114006,435931100,67,49,2190230
cs2207,20220218,20220218,133424000,13:34:24,3269,13326,114006,435931100,0,0,0
cs2207,20220218,20220218,133424500,13:34:24,3269,13326,114006,435931100,0,0,0
cs2207,20220218,20220218,133425500,13:34:26,3269,13326,114006,435931100,0,0,0
cs2207,20220218,20220218,133426000,13:34:26,3269,13326,114006,435931100,0,0,0
cs2207,20220218,20220218,133426500,13:34:26,3268,13327,114006,435963780,1,0,32680
cs2207,20220218,20220218,133427000,13:34:27,3269,13328,114006,435996470,1,0,32690
cs2207,20220218,20220218,133428000,13:34:28,3269,13349,113990,436682960,21,-16,686490
cs2207,20220218,20220218,133428500,13:34:29,3269,13349,113990,436682960,0,0,0
cs2207,20220218,20220218,133429000,13:34:29,3269,13349,113990,436682960,0,0,0
cs2207,20220218,20220218,133429500,13:34:29,3269,13384,113989,437827110,35,-1,1144150
cs2207,20220218,20220218,133430000,13:34:30,3269,13384,113989,437827110,0,0,0
cs2207,20220218,20220218,133430500,13:34:30,3269,13384,113989,437827110,0,0,0
cs2207,20220218,20220218,133431000,13:34:31,3269,13384,113989,437827110,0,0,0
cs2207,20220218,20220218,133431500,13:34:31,3269,13384,113989,437827110,0,0,0
cs2207,20220218,20220218,133432000,13:34:32,3269,13384,113989,437827110,0,0,0
cs2207,20220218,20220218,133432500,13:34:32,3269,13384,113989,437827110,0,0,0
cs2207,20220218,20220218,133433000,13:34:33,3269,13384,113989,437827110,0,0,0
cs2207,20220218,20220218,133433500,13:34:34,3269,13384,113989,437827110,0,0,0
cs2207,20220218,20220218,133434000,13:34:34,3269,13384,113989,437827110,0,0,0
cs2207,20220218,20220218,133434500,13:34:35,3269,13384,113989,437827110,0,0,0
cs2207,20220218,20220218,133435000,13:34:35,3269,13384,113989,437827110,0,0,0
cs2207,20220218,20220218,133435500,13:34:36,3269,13384,113989,437827110,0,0,0
cs2207,20220218,20220218,133436000,13:34:36,3269,13384,113989,437827110,0,0,0
cs2207,20220218,20220218,133436500,13:34:36,3269,13384,113989,437827110,0,0,0
cs2207,20220218,20220218,133437000,13:34:37,3269,13384,113989,437827110,0,0,0
cs2207,20220218,20220218,133437500,13:34:38,3269,13384,113989,437827110,0,0,0
cs2207,20220218,20220218,133438000,13:34:38,3269,13384,113989,437827110,0,0,0
cs2207,20220218,20220218,133438500,13:34:39,3269,13384,113989,437827110,0,0,0
cs2207,20220218,20220218,133439000,13:34:39,3269,13384,113989,437827110,0,0,0
cs2207,20220218,20220218,133439500,13:34:40,3269,13384,113989,437827110,0,0,0
cs2207,20220218,20220218,133440000,13:34:40,3269,13384,113989,437827110,0,0,0
cs2207,20220218,20220218,133440500,13:34:41,3269,13384,113989,437827110,0,0,0
cs2207,20220218,20220218,133441000,13:34:41,3269,13384,113989,437827110,0,0,0
cs2207,20220218,20220218,133441500,13:34:43,3269,13384,113989,437827110,0,0,0
cs2207,20220218,20220218,133442000,13:34:44,3269,13384,113989,437827110,0,0,0
cs2207,20220218,20220218,133442500,13:34:44,3269,13384,113989,437827110,0,0,0
cs2207,20220218,20220218,133443000,13:34:45,3269,13384,113989,437827110,0,0,0
cs2207,20220218,20220218,133443500,13:34:45,3269,13384,113989,437827110,0,0,0
cs2207,20220218,20220218,133444000,13:34:45,3269,13384,113989,437827110,0,0,0
cs2207,20220218,20220218,133449000,13:34:49,3269,13384,113989,437827110,0,0,0
cs2207,20220218,20220218,133449500,13:34:49,3269,13386,113989,437892490,2,0,65380
cs2207,20220218,20220218,133450000,13:34:51,3269,13386,113989,437892490,0,0,0
cs2207,20220218,20220218,133450500,13:34:51,3269,13386,113989,437892490,0,0,0
cs2207,20220218,20220218,133451000,13:34:51,3269,13386,113989,437892490,0,0,0
cs2207,20220218,20220218,133451500,13:34:52,3269,13386,113989,437892490,0,0,0
cs2207,20220218,20220218,133452000,13:34:52,3269,13386,113989,437892490,0,0,0
cs2207,20220218,20220218,133452500,13:34:53,3269,13386,113989,437892490,0,0,0
cs2207,20220218,20220218,133453000,13:34:53,3269,13386,113989,437892490,0,0,0
cs2207,20220218,20220218,133453500,13:34:56,3269,13386,113989,437892490,0,0,0
cs2207,20220218,20220218,133454000,13:34:56,3269,13386,113989,437892490,0,0,0
cs2207,20220218,20220218,133454500,13:34:56,3269,13386,113989,437892490,0,0,0
cs2207,20220218,20220218,133455500,13:34:56,3269,13386,113989,437892490,0,0,0
cs2207,20220218,20220218,133456000,13:34:57,3269,13386,113989,437892490,0,0,0
cs2207,20220218,20220218,133456500,13:34:57,3269,13386,113989,437892490,0,0,0
cs2207,20220218,20220218,133457000,13:34:57,3269,13386,113989,437892490,0,0,0
cs2207,20220218,20220218,133458000,13:34:58,3269,13386,113989,437892490,0,0,0
cs2207,20220218,20220218,133458500,13:34:59,3269,13386,113989,437892490,0,0,0
cs2207,20220218,20220218,133459000,13:34:59,3269,13386,113989,437892490,0,0,0
cs2207,20220218,20220218,133500500,13:35:00,3269,13386,113989,437892490,0,0,0
cs2207,20220218,20220218,133501000,13:35:04,3269,13386,113989,437892490,0,0,0
cs2207,20220218,20220218,133502000,13:35:10,3269,13386,113989,437892490,0,0,0
cs2207,20220218,20220218,133504500,13:35:10,3269,13386,113989,437892490,0,0,0
cs2207,20220218,20220218,133508000,13:35:10,3269,13386,113989,437892490,0,0,0
cs2207,20220218,20220218,133511500,13:35:12,3269,13386,113989,437892490,0,0,0
cs2207,20220218,20220218,133512000,13:35:13,3269,13386,113989,437892490,0,0,0
cs2207,20220218,20220218,133512500,13:35:13,3269,13386,113989,437892490,0,0,0
cs2207,20220218,20220218,133516000,13:35:16,3269,13386,113989,437892490,0,0,0
cs2207,20220218,20220218,133516500,13:35:17,3269,13386,113989,437892490,0,0,0
cs2207,20220218,20220218,133517500,13:35:18,3269,13386,113989,437892490,0,0,0
cs2207,20220218,20220218,133519000,13:35:19,3269,13406,114001,438546290,20,12,653800
cs2207,20220218,20220218,133519500,13:35:20,3269,13410,114001,438677050,4,0,130760
cs2207,20220218,20220218,133520000,13:35:20,3269,13410,114001,438677050,0,0,0
cs2207,20220218,20220218,133520500,13:35:21,3269,13410,114001,438677050,0,0,0
cs2207,20220218,20220218,133525000,13:35:26,3269,13410,114001,438677050,0,0,0
cs2207,20220218,20220218,133534500,13:35:43,3269,13410,114001,438677050,0,0,0
cs2207,20220218,20220218,133543500,13:35:44,3269,13410,114001,438677050,0,0,0
cs2207,20220218,20220218,133553000,13:35:53,3269,13410,114001,438677050,0,0,0
cs2207,20220218,20220218,133556000,13:35:56,3270,13486,113985,441162250,76,-16,2485200
cs2207,20220218,20220218,133556500,13:35:57,3270,13486,113985,441162250,0,0,0
cs2207,20220218,20220218,133557000,13:35:59,3270,13486,113985,441162250,0,0,0
cs2207,20220218,20220218,133557500,13:35:59,3270,13488,113985,441227650,2,0,65400
cs2207,20220218,20220218,133558000,13:36:01,3270,13488,113985,441227650,0,0,0
cs2207,20220218,20220218,133558500,13:36:03,3270,13488,113985,441227650,0,0,0
cs2207,20220218,20220218,133559500,13:36:03,3270,13488,113985,441227650,0,0,0
cs2207,20220218,20220218,133601500,13:36:03,3270,13488,113985,441227650,0,0,0
cs2207,20220218,20220218,133602500,13:36:03,3270,13488,113985,441227650,0,0,0
cs2207,20220218,20220218,133603000,13:36:05,3270,13488,113985,441227650,0,0,0
cs2207,20220218,20220218,133603500,13:36:05,3270,13488,113985,441227650,0,0,0
cs2207,20220218,20220218,133605000,13:36:06,3270,13488,113985,441227650,0,0,0
cs2207,20220218,20220218,133605500,13:36:07,3270,13499,113982,441587360,11,-3,359710
cs2207,20220218,20220218,133606000,13:36:07,3270,13503,113982,441718160,4,0,130800
cs2207,20220218,20220218,133606500,13:36:07,3270,13503,113982,441718160,0,0,0
cs2207,20220218,20220218,133607000,13:36:08,3270,13503,113982,441718160,0,0,0
cs2207,20220218,20220218,133607500,13:36:08,3270,13503,113982,441718160,0,0,0
cs2207,20220218,20220218,133608500,13:36:09,3270,13503,113982,441718160,0,0,0
cs2207,20220218,20220218,133611500,13:36:12,3270,13503,113982,441718160,0,0,0
cs2207,20220218,20220218,133612000,13:36:12,3270,13503,113982,441718160,0,0,0
cs2207,20220218,20220218,133612500,13:36:12,3270,13503,113982,441718160,0,0,0
cs2207,20220218,20220218,133613000,13:36:13,3270,13503,113982,441718160,0,0,0
cs2207,20220218,20220218,133614000,13:36:14,3270,13503,113982,441718160,0,0,0
cs2207,20220218,20220218,133615500,13:36:15,3270,13503,113982,441718160,0,0,0
cs2207,20220218,20220218,133616000,13:36:16,3270,13503,113982,441718160,0,0,0
cs2207,20220218,20220218,133616500,13:36:17,3270,13503,113982,441718160,0,0,0
cs2207,20220218,20220218,133618000,13:36:19,3270,13503,113982,441718160,0,0,0
cs2207,20220218,20220218,133618500,13:36:19,3270,13503,113982,441718160,0,0,0
cs2207,20220218,20220218,133619000,13:36:19,3270,13503,113982,441718160,0,0,0
cs2207,20220218,20220218,133619500,13:36:19,3270,13503,113982,441718160,0,0,0
cs2207,20220218,20220218,133620000,13:36:20,3270,13503,113982,441718160,0,0,0
cs2207,20220218,20220218,133620500,13:36:20,3270,13503,113982,441718160,0,0,0
cs2207,20220218,20220218,133621500,13:36:21,3270,13503,113982,441718160,0,0,0
cs2207,20220218,20220218,133622000,13:36:22,3270,13503,113982,441718160,0,0,0
cs2207,20220218,20220218,133625000,13:36:25,3270,13503,113982,441718160,0,0,0
cs2207,20220218,20220218,133634000,13:36:34,3270,13503,113982,441718160,0,0,0
cs2207,20220218,20220218,133636500,13:36:36,3270,13503,113982,441718160,0,0,0
cs2207,20220218,20220218,133637000,13:36:38,3270,13503,113982,441718160,0,0,0
cs2207,20220218,20220218,133637500,13:36:38,3270,13503,113982,441718160,0,0,0
cs2207,20220218,20220218,133638000,13:36:38,3270,13503,113982,441718160,0,0,0
cs2207,20220218,20220218,133640500,13:36:40,3270,13503,113982,441718160,0,0,0
cs2207,20220218,20220218,133641500,13:36:42,3270,13503,113982,441718160,0,0,0
cs2207,20220218,20220218,133642000,13:36:42,3270,13503,113982,441718160,0,0,0
cs2207,20220218,20220218,133642500,13:36:43,3270,13503,113982,441718160,0,0,0
cs2207,20220218,20220218,133643500,13:36:44,3270,13504,113982,441750860,1,0,32700
cs2207,20220218,20220218,133644000,13:36:44,3270,13504,113982,441750860,0,0,0
cs2207,20220218,20220218,133645500,13:36:46,3270,13504,113982,441750860,0,0,0
cs2207,20220218,20220218,133646000,13:36:46,3270,13504,113982,441750860,0,0,0
cs2207,20220218,20220218,133646500,13:36:46,3270,13504,113982,441750860,0,0,0
cs2207,20220218,20220218,133648000,13:36:48,3270,13504,113982,441750860,0,0,0
cs2207,20220218,20220218,133648500,13:36:48,3270,13504,113982,441750860,0,0,0
cs2207,20220218,20220218,133649000,13:36:49,3270,13504,113982,441750860,0,0,0
cs2207,20220218,20220218,133650500,13:36:50,3270,13504,113982,441750860,0,0,0
cs2207,20220218,20220218,133652500,13:36:53,3270,13504,113982,441750860,0,0,0
cs2207,20220218,20220218,133653000,13:36:53,3270,13504,113982,441750860,0,0,0
cs2207,20220218,20220218,133701500,13:37:02,3270,13504,113982,441750860,0,0,0
cs2207,20220218,20220218,133702500,13:37:03,3270,13504,113982,441750860,0,0,0
cs2207,20220218,20220218,133703000,13:37:03,3270,13504,113982,441750860,0,0,0
cs2207,20220218,20220218,133711000,13:37:12,3270,13504,113982,441750860,0,0,0
cs2207,20220218,20220218,133714500,13:37:15,3269,13505,113981,441783550,1,-1,32690
cs2207,20220218,20220218,133717500,13:37:18,3269,13505,113981,441783550,0,0,0
cs2207,20220218,20220218,133718000,13:37:19,3269,13505,113981,441783550,0,0,0
cs2207,20220218,20220218,133718500,13:37:19,3269,13505,113981,441783550,0,0,0
cs2207,20220218,20220218,133719000,13:37:19,3269,13505,113981,441783550,0,0,0
cs2207,20220218,20220218,133720500,13:37:21,3269,13505,113981,441783550,0,0,0
cs2207,20220218,20220218,133724500,13:37:25,3269,13505,113981,441783550,0,0,0
cs2207,20220218,20220218,133729500,13:37:30,3269,13505,113981,441783550,0,0,0
cs2207,20220218,20220218,133737000,13:37:37,3269,13505,113981,441783550,0,0,0
cs2207,20220218,20220218,133738000,13:37:39,3269,13505,113981,441783550,0,0,0
cs2207,20220218,20220218,133738500,13:37:39,3269,13505,113981,441783550,0,0,0
cs2207,20220218,20220218,133739000,13:37:39,3269,13505,113981,441783550,0,0,0
cs2207,20220218,20220218,133740500,13:37:40,3269,13505,113981,441783550,0,0,0
cs2207,20220218,20220218,133748000,13:37:48,3269,13505,113981,441783550,0,0,0
cs2207,20220218,20220218,133751000,13:37:51,3269,13505,113981,441783550,0,0,0
cs2207,20220218,20220218,133751500,13:37:53,3269,13505,113981,441783550,0,0,0
cs2207,20220218,20220218,133757000,13:37:57,3269,13505,113981,441783550,0,0,0
cs2207,20220218,20220218,133803000,13:38:06,3269,13505,113981,441783550,0,0,0
cs2207,20220218,20220218,133806500,13:38:09,3269,13505,113981,441783550,0,0,0
cs2207,20220218,20220218,133808500,13:38:09,3269,13505,113981,441783550,0,0,0
cs2207,20220218,20220218,133810500,13:38:10,3269,13505,113981,441783550,0,0,0
cs2207,20220218,20220218,133813000,13:38:15,3269,13505,113981,441783550,0,0,0
cs2207,20220218,20220218,133817000,13:38:18,3269,13505,113981,441783550,0,0,0
cs2207,20220218,20220218,133817500,13:38:18,3269,13505,113981,441783550,0,0,0
cs2207,20220218,20220218,133818000,13:38:18,3269,13505,113981,441783550,0,0,0
cs2207,20220218,20220218,133835500,13:38:42,3269,13505,113981,441783550,0,0,0
cs2207,20220218,20220218,133845000,13:38:45,3269,13505,113981,441783550,0,0,0
cs2207,20220218,20220218,133913500,13:39:13,3269,13505,113981,441783550,0,0,0
cs2207,20220218,20220218,133914500,13:39:16,3269,13505,113981,441783550,0,0,0
cs2207,20220218,20220218,133925500,13:39:26,3269,13505,113981,441783550,0,0,0
cs2207,20220218,20220218,133930500,13:39:30,3269,13505,113981,441783550,0,0,0
cs2207,20220218,20220218,133932000,13:39:32,3269,13505,113981,441783550,0,0,0
cs2207,20220218,20220218,133945000,13:39:46,3269,13505,113981,441783550,0,0,0
cs2207,20220218,20220218,133945500,13:39:46,3269,13505,113981,441783550,0,0,0
cs2207,20220218,20220218,133946000,13:39:47,3269,13505,113981,441783550,0,0,0
cs2207,20220218,20220218,133949000,13:39:49,3269,13505,113981,441783550,0,0,0
cs2207,20220218,20220218,133951000,13:39:51,3269,13505,113981,441783550,0,0,0
cs2207,20220218,20220218,133958500,13:40:13,3269,13505,113981,441783550,0,0,0
cs2207,20220218,20220218,134009500,13:40:13,3269,13505,113981,441783550,0,0,0
cs2207,20220218,20220218,134015000,13:40:16,3269,13505,113981,441783550,0,0,0
cs2207,20220218,20220218,134015500,13:40:16,3269,13505,113981,441783550,0,0,0
cs2207,20220218,20220218,134016000,13:40:16,3269,13505,113981,441783550,0,0,0
cs2207,20220218,20220218,134016500,13:40:17,3269,13505,113981,441783550,0,0,0
cs2207,20220218,20220218,134017000,13:40:17,3269,13505,113981,441783550,0,0,0
cs2207,20220218,20220218,134017500,13:40:18,3269,13505,113981,441783550,0,0,0
cs2207,20220218,20220218,134018000,13:40:19,3269,13505,113981,441783550,0,0,0
cs2207,20220218,20220218,134018500,13:40:19,3269,13505,113981,441783550,0,0,0
cs2207,20220218,20220218,134019000,13:40:19,3269,13505,113981,441783550,0,0,0
cs2207,20220218,20220218,134019500,13:40:20,3269,13505,113981,441783550,0,0,0
cs2207,20220218,20220218,134020000,13:40:20,3269,13505,113981,441783550,0,0,0
cs2207,20220218,20220218,134020500,13:40:21,3269,13505,113981,441783550,0,0,0
cs2207,20220218,20220218,134021000,13:40:22,3269,13505,113981,441783550,0,0,0
cs2207,20220218,20220218,134021500,13:40:22,3269,13505,113981,441783550,0,0,0
cs2207,20220218,20220218,134022000,13:40:22,3269,13505,113981,441783550,0,0,0
cs2207,20220218,20220218,134022500,13:40:23,3269,13505,113981,441783550,0,0,0
cs2207,20220218,20220218,134023000,13:40:23,3269,13505,113981,441783550,0,0,0
cs2207,20220218,20220218,134023500,13:40:24,3269,13505,113981,441783550,0,0,0
cs2207,20220218,20220218,134024000,13:40:24,3269,13505,113981,441783550,0,0,0
cs2207,20220218,20220218,134024500,13:40:25,3269,13505,113981,441783550,0,0,0
cs2207,20220218,20220218,134025000,13:40:25,3269,13505,113981,441783550,0,0,0
cs2207,20220218,20220218,134025500,13:40:26,3269,13505,113981,441783550,0,0,0
cs2207,20220218,20220218,134026000,13:40:26,3269,13505,113981,441783550,0,0,0
cs2207,20220218,20220218,134026500,13:40:27,3269,13505,113981,441783550,0,0,0
cs2207,20220218,20220218,134027000,13:40:27,3269,13505,113981,441783550,0,0,0
cs2207,20220218,20220218,134027500,13:40:28,3269,13505,113981,441783550,0,0,0
cs2207,20220218,20220218,134028000,13:40:28,3269,13505,113981,441783550,0,0,0
cs2207,20220218,20220218,134028500,13:40:29,3269,13505,113981,441783550,0,0,0
cs2207,20220218,20220218,134029000,13:40:30,3269,13505,113981,441783550,0,0,0
cs2207,20220218,20220218,134029500,13:40:30,3269,13505,113981,441783550,0,0,0
cs2207,20220218,20220218,134030000,13:40:30,3269,13505,113981,441783550,0,0,0
cs2207,20220218,20220218,134030500,13:40:31,3269,13505,113981,441783550,0,0,0
cs2207,20220218,20220218,134031000,13:40:31,3269,13505,113981,441783550,0,0,0
cs2207,20220218,20220218,134031500,13:40:32,3269,13505,113981,441783550,0,0,0
cs2207,20220218,20220218,134032000,13:40:32,3269,13505,113981,441783550,0,0,0
cs2207,20220218,20220218,134032500,13:40:32,3269,13505,113981,441783550,0,0,0
cs2207,20220218,20220218,134033000,13:40:33,3269,13505,113981,441783550,0,0,0
cs2207,20220218,20220218,134033500,13:40:34,3269,13505,113981,441783550,0,0,0
cs2207,20220218,20220218,134034000,13:40:35,3269,13505,113981,441783550,0,0,0
cs2207,20220218,20220218,134034500,13:40:35,3269,13505,113981,441783550,0,0,0
cs2207,20220218,20220218,134035000,13:40:35,3269,13505,113981,441783550,0,0,0
cs2207,20220218,20220218,134035500,13:40:36,3269,13505,113981,441783550,0,0,0
cs2207,20220218,20220218,134036000,13:40:36,3269,13505,113981,441783550,0,0,0
cs2207,20220218,20220218,134036500,13:40:36,3269,13505,113981,441783550,0,0,0
cs2207,20220218,20220218,134037000,13:40:37,3269,13505,113981,441783550,0,0,0
cs2207,20220218,20220218,134037500,13:40:38,3269,13505,113981,441783550,0,0,0
cs2207,20220218,20220218,134038000,13:40:38,3269,13505,113981,441783550,0,0,0
cs2207,20220218,20220218,134038500,13:40:39,3269,13505,113981,441783550,0,0,0
cs2207,20220218,20220218,134039000,13:40:39,3269,13505,113981,441783550,0,0,0
cs2207,20220218,20220218,134039500,13:40:40,3269,13505,113981,441783550,0,0,0
cs2207,20220218,20220218,134040000,13:40:41,3269,13505,113981,441783550,0,0,0
cs2207,20220218,20220218,134040500,13:40:42,3269,13505,113981,441783550,0,0,0
cs2207,20220218,20220218,134041000,13:40:42,3269,13505,113981,441783550,0,0,0
cs2207,20220218,20220218,134041500,13:40:42,3269,13505,113981,441783550,0,0,0
cs2207,20220218,20220218,134042000,13:40:42,3269,13505,113981,441783550,0,0,0
cs2207,20220218,20220218,134042500,13:40:43,3269,13505,113981,441783550,0,0,0
cs2207,20220218,20220218,134043000,13:40:44,3269,13505,113981,441783550,0,0,0
cs2207,20220218,20220218,134043500,13:40:44,3269,13505,113981,441783550,0,0,0
cs2207,20220218,20220218,134044000,13:40:44,3269,13505,113981,441783550,0,0,0
cs2207,20220218,20220218,134044500,13:40:44,3269,13505,113981,441783550,0,0,0
cs2207,20220218,20220218,134045000,13:40:45,3269,13505,113981,441783550,0,0,0
cs2207,20220218,20220218,134045500,13:40:46,3269,13505,113981,441783550,0,0,0
cs2207,20220218,20220218,134046000,13:40:46,3269,13505,113981,441783550,0,0,0
cs2207,20220218,20220218,134046500,13:40:46,3269,13505,113981,441783550,0,0,0
cs2207,20220218,20220218,134047000,13:40:47,3269,13505,113981,441783550,0,0,0
cs2207,20220218,20220218,134047500,13:40:47,3269,13505,113981,441783550,0,0,0
cs2207,20220218,20220218,134048000,13:40:48,3269,13505,113981,441783550,0,0,0
cs2207,20220218,20220218,134048500,13:40:48,3269,13505,113981,441783550,0,0,0
cs2207,20220218,20220218,134049000,13:40:49,3269,13505,113981,441783550,0,0,0
cs2207,20220218,20220218,134049500,13:40:49,3269,13505,113981,441783550,0,0,0
cs2207,20220218,20220218,134050000,13:40:50,3269,13505,113981,441783550,0,0,0
cs2207,20220218,20220218,134050500,13:40:50,3269,13505,113981,441783550,0,0,0
cs2207,20220218,20220218,134051000,13:40:55,3269,13505,113981,441783550,0,0,0
cs2207,20220218,20220218,134051500,13:40:55,3269,13505,113981,441783550,0,0,0
cs2207,20220218,20220218,134052000,13:40:55,3269,13505,113981,441783550,0,0,0
cs2207,20220218,20220218,134052500,13:40:55,3269,13505,113981,441783550,0,0,0
cs2207,20220218,20220218,134055000,13:40:55,3269,13505,113981,441783550,0,0,0
cs2207,20220218,20220218,134055500,13:40:57,3269,13505,113981,441783550,0,0,0
cs2207,20220218,20220218,134056000,13:40:58,3269,13505,113981,441783550,0,0,0
cs2207,20220218,20220218,134056500,13:40:58,3269,13505,113981,441783550,0,0,0
cs2207,20220218,20220218,134057500,13:40:58,3269,13505,113981,441783550,0,0,0
cs2207,20220218,20220218,134058000,13:40:58,3269,13505,113981,441783550,0,0,0
cs2207,20220218,20220218,134058500,13:40:59,3269,13505,113981,441783550,0,0,0
cs2207,20220218,20220218,134059000,13:40:59,3269,13505,113981,441783550,0,0,0
cs2207,20220218,20220218,134059500,13:41:00,3269,13549,114011,443221990,44,30,1438440
cs2207,20220218,20220218,134100000,13:41:00,3269,13560,114006,443581580,11,-5,359590
cs2207,20220218,20220218,134100500,13:41:01,3269,13560,114006,443581580,0,0,0
cs2207,20220218,20220218,134101000,13:41:01,3269,13560,114006,443581580,0,0,0
cs2207,20220218,20220218,134101500,13:41:01,3269,13560,114006,443581580,0,0,0
cs2207,20220218,20220218,134102000,13:41:02,3269,13560,114006,443581580,0,0,0
cs2207,20220218,20220218,134102500,13:41:03,3269,13560,114006,443581580,0,0,0
cs2207,20220218,20220218,134103000,13:41:05,3269,13560,114006,443581580,0,0,0
cs2207,20220218,20220218,134103500,13:41:05,3269,13560,114006,443581580,0,0,0
cs2207,20220218,20220218,134107000,13:41:09,3269,13560,114006,443581580,0,0,0
cs2207,20220218,20220218,134108500,13:41:10,3269,13560,114006,443581580,0,0,0
cs2207,20220218,20220218,134110000,13:41:10,3269,13560,114006,443581580,0,0,0
cs2207,20220218,20220218,134110500,13:41:10,3269,13560,114006,443581580,0,0,0
cs2207,20220218,20220218,134119500,13:41:20,3269,13560,114006,443581580,0,0,0
cs2207,20220218,20220218,134120000,13:41:22,3269,13560,114006,443581580,0,0,0
cs2207,20220218,20220218,134120500,13:41:23,3269,13560,114006,443581580,0,0,0
cs2207,20220218,20220218,134121500,13:41:24,3269,13590,113998,444562280,30,-8,980700
cs2207,20220218,20220218,134122500,13:41:24,3269,13590,113998,444562280,0,0,0
cs2207,20220218,20220218,134124000,13:41:24,3269,13590,113998,444562280,0,0,0
cs2207,20220218,20220218,134124500,13:41:26,3269,13590,113998,444562280,0,0,0
cs2207,20220218,20220218,134125000,13:41:27,3269,13590,113998,444562280,0,0,0
cs2207,20220218,20220218,134125500,13:41:27,3269,13590,113998,444562280,0,0,0
cs2207,20220218,20220218,134126000,13:41:27,3269,13590,113998,444562280,0,0,0
cs2207,20220218,20220218,134130500,13:41:31,3269,13590,113998,444562280,0,0,0
cs2207,20220218,20220218,134131500,13:41:32,3269,13590,113998,444562280,0,0,0
cs2207,20220218,20220218,134136000,13:41:39,3269,13590,113998,444562280,0,0,0
cs2207,20220218,20220218,134136500,13:41:39,3269,13590,113998,444562280,0,0,0
cs2207,20220218,20220218,134139500,13:41:42,3269,13590,113998,444562280,0,0,0
cs2207,20220218,20220218,134140000,13:41:42,3269,13590,113998,444562280,0,0,0
cs2207,20220218,20220218,134140500,13:41:42,3269,13590,113998,444562280,0,0,0
cs2207,20220218,20220218,134141500,13:41:42,3269,13590,113998,444562280,0,0,0
cs2207,20220218,20220218,134142500,13:41:42,3269,13590,113998,444562280,0,0,0
cs2207,20220218,20220218,134145500,13:41:45,3269,13590,113998,444562280,0,0,0
cs2207,20220218,20220218,134147500,13:41:48,3269,13590,113998,444562280,0,0,0
cs2207,20220218,20220218,134148500,13:41:49,3269,13599,114003,444856490,9,5,294210
cs2207,20220218,20220218,134149000,13:41:49,3269,13603,113999,444987250,4,-4,130760
cs2207,20220218,20220218,134149500,13:41:50,3269,13608,114003,445150700,5,4,163450
cs2207,20220218,20220218,134150000,13:41:50,3269,13609,114003,445183390,1,0,32690
cs2207,20220218,20220218,134150500,13:41:51,3269,13609,114003,445183390,0,0,0
cs2207,20220218,20220218,134152000,13:41:52,3269,13609,114003,445183390,0,0,0
cs2207,20220218,20220218,134152500,13:41:53,3269,13609,114003,445183390,0,0,0
cs2207,20220218,20220218,134210000,13:42:12,3269,13609,114003,445183390,0,0,0
cs2207,20220218,20220218,134211000,13:42:12,3269,13609,114003,445183390,0,0,0
cs2207,20220218,20220218,134211500,13:42:12,3269,13609,114003,445183390,0,0,0
cs2207,20220218,20220218,134212000,13:42:13,3269,13609,114003,445183390,0,0,0
cs2207,20220218,20220218,134212500,13:42:13,3269,13609,114003,445183390,0,0,0
cs2207,20220218,20220218,134213000,13:42:13,3269,13609,114003,445183390,0,0,0
cs2207,20220218,20220218,134213500,13:42:14,3269,13609,114003,445183390,0,0,0
cs2207,20220218,20220218,134214000,13:42:14,3269,13609,114003,445183390,0,0,0
cs2207,20220218,20220218,134214500,13:42:15,3269,13609,114003,445183390,0,0,0
cs2207,20220218,20220218,134215000,13:42:15,3269,13609,114003,445183390,0,0,0
cs2207,20220218,20220218,134215500,13:42:16,3269,13609,114003,445183390,0,0,0
cs2207,20220218,20220218,134216000,13:42:16,3269,13609,114003,445183390,0,0,0
cs2207,20220218,20220218,134216500,13:42:18,3269,13609,114003,445183390,0,0,0
cs2207,20220218,20220218,134217000,13:42:19,3269,13609,114003,445183390,0,0,0
cs2207,20220218,20220218,134217500,13:42:19,3269,13609,114003,445183390,0,0,0
cs2207,20220218,20220218,134218000,13:42:20,3269,13609,114003,445183390,0,0,0
cs2207,20220218,20220218,134219500,13:42:20,3269,13609,114003,445183390,0,0,0
cs2207,20220218,20220218,134220000,13:42:21,3269,13609,114003,445183390,0,0,0
cs2207,20220218,20220218,134220500,13:42:21,3269,13609,114003,445183390,0,0,0
cs2207,20220218,20220218,134221000,13:42:21,3269,13609,114003,445183390,0,0,0
cs2207,20220218,20220218,134221500,13:42:22,3269,13609,114003,445183390,0,0,0
cs2207,20220218,20220218,134222000,13:42:22,3269,13609,114003,445183390,0,0,0
cs2207,20220218,20220218,134222500,13:42:22,3269,13609,114003,445183390,0,0,0
cs2207,20220218,20220218,134223000,13:42:24,3269,13609,114003,445183390,0,0,0
cs2207,20220218,20220218,134223500,13:42:24,3269,13609,114003,445183390,0,0,0
cs2207,20220218,20220218,134224000,13:42:25,3269,13609,114003,445183390,0,0,0
cs2207,20220218,20220218,134224500,13:42:25,3269,13609,114003,445183390,0,0,0
cs2207,20220218,20220218,134225000,13:42:25,3269,13609,114003,445183390,0,0,0
cs2207,20220218,20220218,134225500,13:42:26,3269,13609,114003,445183390,0,0,0
cs2207,20220218,20220218,134226000,13:42:27,3269,13609,114003,445183390,0,0,0
cs2207,20220218,20220218,134226500,13:42:28,3269,13609,114003,445183390,0,0,0
cs2207,20220218,20220218,134227000,13:42:28,3269,13609,114003,445183390,0,0,0
cs2207,20220218,20220218,134227500,13:42:29,3269,13609,114003,445183390,0,0,0
cs2207,20220218,20220218,134228000,13:42:29,3269,13609,114003,445183390,0,0,0
cs2207,20220218,20220218,134228500,13:42:29,3269,13609,114003,445183390,0,0,0
cs2207,20220218,20220218,134229000,13:42:29,3269,13609,114003,445183390,0,0,0
cs2207,20220218,20220218,134235500,13:42:35,3269,13609,114003,445183390,0,0,0
cs2207,20220218,20220218,134239500,13:42:39,3269,13609,114003,445183390,0,0,0
cs2207,20220218,20220218,134244000,13:42:44,3269,13609,114003,445183390,0,0,0
cs2207,20220218,20220218,134247000,13:42:47,3269,13609,114003,445183390,0,0,0
cs2207,20220218,20220218,134252000,13:42:52,3269,13609,114003,445183390,0,0,0
cs2207,20220218,20220218,134255000,13:42:55,3269,13609,114003,445183390,0,0,0
cs2207,20220218,20220218,134255500,13:42:56,3269,13609,114003,445183390,0,0,0
cs2207,20220218,20220218,134256000,13:42:56,3269,13609,114003,445183390,0,0,0
cs2207,20220218,20220218,134256500,13:42:57,3269,13609,114003,445183390,0,0,0
cs2207,20220218,20220218,134257000,13:42:59,3268,13617,113999,445444830,8,-4,261440
cs2207,20220218,20220218,134257500,13:42:59,3268,13617,113999,445444830,0,0,0
cs2207,20220218,20220218,134259000,13:42:59,3268,13617,113999,445444830,0,0,0
cs2207,20220218,20220218,134259500,13:43:01,3268,13617,113999,445444830,0,0,0
cs2207,20220218,20220218,134300000,13:43:01,3268,13617,113999,445444830,0,0,0
cs2207,20220218,20220218,134300500,13:43:02,3268,13617,113999,445444830,0,0,0
cs2207,20220218,20220218,134301000,13:43:02,3268,13617,113999,445444830,0,0,0
cs2207,20220218,20220218,134301500,13:43:02,3268,13617,113999,445444830,0,0,0
cs2207,20220218,20220218,134302000,13:43:02,3268,13617,113999,445444830,0,0,0
cs2207,20220218,20220218,134302500,13:43:04,3268,13617,113999,445444830,0,0,0
cs2207,20220218,20220218,134303000,13:43:11,3268,13617,113999,445444830,0,0,0
cs2207,20220218,20220218,134303500,13:43:11,3268,13617,113999,445444830,0,0,0
cs2207,20220218,20220218,134304500,13:43:11,3268,13617,113999,445444830,0,0,0
cs2207,20220218,20220218,134305000,13:43:12,3268,13617,113999,445444830,0,0,0
cs2207,20220218,20220218,134310500,13:43:12,3268,13617,113999,445444830,0,0,0
cs2207,20220218,20220218,134311000,13:43:14,3268,13617,113999,445444830,0,0,0
cs2207,20220218,20220218,134312000,13:43:14,3268,13617,113999,445444830,0,0,0
cs2207,20220218,20220218,134312500,13:43:14,3268,13617,113999,445444830,0,0,0
cs2207,20220218,20220218,134314000,13:43:14,3268,13617,113999,445444830,0,0,0
cs2207,20220218,20220218,134314500,13:43:15,3268,13617,113999,445444830,0,0,0
cs2207,20220218,20220218,134315000,13:43:15,3268,13617,113999,445444830,0,0,0
cs2207,20220218,20220218,134315500,13:43:15,3268,13617,113999,445444830,0,0,0
cs2207,20220218,20220218,134316000,13:43:16,3268,13617,113999,445444830,0,0,0
cs2207,20220218,20220218,134316500,13:43:17,3268,13623,113993,445640910,6,-6,196080
cs2207,20220218,20220218,134317000,13:43:17,3268,13623,113993,445640910,0,0,0
cs2207,20220218,20220218,134319500,13:43:20,3268,13623,113993,445640910,0,0,0
cs2207,20220218,20220218,134331500,13:43:31,3269,13624,113993,445673600,1,0,32690
cs2207,20220218,20220218,134332000,13:43:32,3269,13649,113988,446490850,25,-5,817250
cs2207,20220218,20220218,134332500,13:43:32,3269,13653,113992,446621610,4,4,130760
cs2207,20220218,20220218,134333000,13:43:33,3269,13657,113996,446752370,4,4,130760
cs2207,20220218,20220218,134333500,13:43:34,3269,13661,113998,446883130,4,2,130760
cs2207,20220218,20220218,134334000,13:43:34,3269,13665,114001,447013890,4,3,130760
cs2207,20220218,20220218,134334500,13:43:35,3269,13676,114008,447373480,11,7,359590
cs2207,20220218,20220218,134335000,13:43:35,3269,13683,114012,447602310,7,4,228830
cs2207,20220218,20220218,134335500,13:43:35,3269,13685,114014,447667690,2,2,65380
cs2207,20220218,20220218,134336000,13:43:36,3269,13692,114011,447896520,7,-3,228830
cs2207,20220218,20220218,134336500,13:43:37,3269,13697,114015,448059970,5,4,163450
cs2207,20220218,20220218,134337000,13:43:37,3269,13697,114015,448059970,0,0,0
cs2207,20220218,20220218,134337500,13:43:38,3269,13697,114015,448059970,0,0,0
cs2207,20220218,20220218,134354500,13:44:04,3269,13697,114015,448059970,0,0,0
cs2207,20220218,20220218,134356500,13:44:04,3269,13697,114015,448059970,0,0,0
cs2207,20220218,20220218,134403500,13:44:04,3269,13697,114015,448059970,0,0,0
cs2207,20220218,20220218,134404000,13:44:04,3269,13697,114015,448059970,0,0,0
cs2207,20220218,20220218,134417000,13:44:17,3269,13697,114015,448059970,0,0,0
cs2207,20220218,20220218,134418000,13:44:18,3269,13697,114015,448059970,0,0,0
cs2207,20220218,20220218,134418500,13:44:19,3269,13697,114015,448059970,0,0,0
cs2207,20220218,20220218,134419000,13:44:23,3269,13697,114015,448059970,0,0,0
cs2207,20220218,20220218,134420500,13:44:23,3268,13740,114029,449465450,43,14,1405480
cs2207,20220218,20220218,134423000,13:44:23,3268,13750,114031,449792250,10,2,326800
cs2207,20220218,20220218,134425000,13:44:25,3268,13755,114036,449955650,5,5,163400
cs2207,20220218,20220218,134426500,13:44:26,3269,13756,114036,449988340,1,0,32690
cs2207,20220218,20220218,134427500,13:44:28,3269,13757,114036,450021030,1,0,32690
cs2207,20220218,20220218,134430500,13:44:37,3269,13757,114036,450021030,0,0,0
cs2207,20220218,20220218,134436000,13:44:37,3269,13757,114036,450021030,0,0,0
cs2207,20220218,20220218,134439500,13:44:39,3269,13757,114036,450021030,0,0,0
cs2207,20220218,20220218,134449000,13:44:49,3269,13757,114036,450021030,0,0,0
cs2207,20220218,20220218,134452500,13:44:53,3268,13806,114052,451622350,49,16,1601320
cs2207,20220218,20220218,134453500,13:44:54,3268,13806,114052,451622350,0,0,0
cs2207,20220218,20220218,134454000,13:44:54,3268,13806,114052,451622350,0,0,0
cs2207,20220218,20220218,134455000,13:44:55,3268,13806,114052,451622350,0,0,0
cs2207,20220218,20220218,134459500,13:44:59,3268,13811,114057,451785750,5,5,163400
cs2207,20220218,20220218,134500500,13:45:01,3268,13816,114060,451949150,5,3,163400
cs2207,20220218,20220218,134501000,13:45:01,3268,13819,114063,452047190,3,3,98040
cs2207,20220218,20220218,134501500,13:45:02,3268,13819,114063,452047190,0,0,0
cs2207,20220218,20220218,134502000,13:45:02,3268,13822,114066,452145230,3,3,98040
cs2207,20220218,20220218,134502500,13:45:03,3268,13822,114066,452145230,0,0,0
cs2207,20220218,20220218,134504000,13:45:08,3268,13822,114066,452145230,0,0,0
cs2207,20220218,20220218,134511500,13:45:12,3268,13822,114066,452145230,0,0,0
cs2207,20220218,20220218,134513000,13:45:14,3268,13822,114066,452145230,0,0,0
cs2207,20220218,20220218,134520500,13:45:23,3268,13822,114066,452145230,0,0,0
cs2207,20220218,20220218,134521000,13:45:23,3268,13822,114066,452145230,0,0,0
cs2207,20220218,20220218,134521500,13:45:23,3268,13872,114073,453779230,50,7,1634000
cs2207,20220218,20220218,134523000,13:45:24,3268,13872,114073,453779230,0,0,0
cs2207,20220218,20220218,134524000,13:45:25,3268,13872,114073,453779230,0,0,0
cs2207,20220218,20220218,134524500,13:45:26,3268,13872,114073,453779230,0,0,0
cs2207,20220218,20220218,134526000,13:45:28,3268,13876,114073,453909950,4,0,130720
cs2207,20220218,20220218,134526500,13:45:28,3268,13876,114073,453909950,0,0,0
cs2207,20220218,20220218,134527000,13:45:30,3268,13876,114073,453909950,0,0,0
cs2207,20220218,20220218,134527500,13:45:30,3268,13876,114073,453909950,0,0,0
cs2207,20220218,20220218,134529500,13:45:30,3268,13878,114073,453975310,2,0,65360
cs2207,20220218,20220218,134530000,13:45:30,3268,13878,114073,453975310,0,0,0
cs2207,20220218,20220218,134530500,13:45:31,3268,13878,114073,453975310,0,0,0
cs2207,20220218,20220218,134535000,13:45:35,3268,13878,114073,453975310,0,0,0
cs2207,20220218,20220218,134535500,13:45:36,3268,13878,114073,453975310,0,0,0
cs2207,20220218,20220218,134536000,13:45:37,3268,13878,114073,453975310,0,0,0
cs2207,20220218,20220218,134536500,13:45:37,3268,13878,114073,453975310,0,0,0
cs2207,20220218,20220218,134537000,13:45:37,3268,13878,114073,453975310,0,0,0
cs2207,20220218,20220218,134537500,13:45:38,3268,13878,114073,453975310,0,0,0
cs2207,20220218,20220218,134538000,13:45:38,3268,13878,114073,453975310,0,0,0
cs2207,20220218,20220218,134538500,13:45:39,3268,13878,114073,453975310,0,0,0
cs2207,20220218,20220218,134539000,13:45:40,3268,13878,114073,453975310,0,0,0
cs2207,20220218,20220218,134539500,13:45:40,3268,13878,114073,453975310,0,0,0
cs2207,20220218,20220218,134540000,13:45:40,3268,13878,114073,453975310,0,0,0
cs2207,20220218,20220218,134540500,13:45:41,3268,13878,114073,453975310,0,0,0
cs2207,20220218,20220218,134541000,13:45:41,3268,13878,114073,453975310,0,0,0
cs2207,20220218,20220218,134541500,13:45:45,3268,13878,114073,453975310,0,0,0
cs2207,20220218,20220218,134542000,13:45:45,3268,13878,114073,453975310,0,0,0
cs2207,20220218,20220218,134542500,13:45:46,3268,13878,114073,453975310,0,0,0
cs2207,20220218,20220218,134543000,13:45:46,3268,13878,114073,453975310,0,0,0
cs2207,20220218,20220218,134545500,13:45:46,3268,13878,114073,453975310,0,0,0
cs2207,20220218,20220218,134546000,13:45:47,3268,13878,114073,453975310,0,0,0
cs2207,20220218,20220218,134546500,13:45:47,3268,13878,114073,453975310,0,0,0
cs2207,20220218,20220218,134547000,13:45:47,3268,13878,114073,453975310,0,0,0
cs2207,20220218,20220218,134548000,13:45:48,3268,13878,114073,453975310,0,0,0
cs2207,20220218,20220218,134548500,13:45:48,3268,13878,114073,453975310,0,0,0
cs2207,20220218,20220218,134549000,13:45:53,3268,13878,114073,453975310,0,0,0
cs2207,20220218,20220218,134553000,13:45:54,3268,13878,114073,453975310,0,0,0
cs2207,20220218,20220218,134554000,13:45:55,3268,13878,114073,453975310,0,0,0
cs2207,20220218,20220218,134600500,13:46:01,3268,13910,114061,455021070,32,-12,1045760
cs2207,20220218,20220218,134601000,13:46:02,3268,13910,114061,455021070,0,0,0
cs2207,20220218,20220218,134601500,13:46:02,3268,13910,114061,455021070,0,0,0
cs2207,20220218,20220218,134602000,13:46:03,3268,13910,114061,455021070,0,0,0
cs2207,20220218,20220218,134602500,13:46:04,3268,13910,114061,455021070,0,0,0
cs2207,20220218,20220218,134609500,13:46:10,3268,13910,114061,455021070,0,0,0
cs2207,20220218,20220218,134610500,13:46:11,3268,13910,114061,455021070,0,0,0
cs2207,20220218,20220218,134611000,13:46:11,3268,13910,114061,455021070,0,0,0
cs2207,20220218,20220218,134620000,13:46:20,3268,13910,114061,455021070,0,0,0
cs2207,20220218,20220218,134630000,13:46:31,3268,13910,114061,455021070,0,0,0
cs2207,20220218,20220218,134631500,13:46:32,3268,13910,114061,455021070,0,0,0
cs2207,20220218,20220218,134633500,13:46:33,3268,13910,114061,455021070,0,0,0
cs2207,20220218,20220218,134634000,13:46:34,3269,13954,114070,456459430,44,9,1438360
cs2207,20220218,20220218,134634500,13:46:35,3269,13954,114070,456459430,0,0,0
cs2207,20220218,20220218,134635000,13:46:35,3269,13954,114070,456459430,0,0,0
cs2207,20220218,20220218,134635500,13:46:36,3269,13954,114070,456459430,0,0,0
cs2207,20220218,20220218,134636000,13:46:37,3269,13954,114070,456459430,0,0,0
cs2207,20220218,20220218,134636500,13:46:37,3269,13954,114070,456459430,0,0,0
cs2207,20220218,20220218,134644500,13:46:47,3269,13954,114070,456459430,0,0,0
cs2207,20220218,20220218,134647500,13:46:47,3270,13956,114072,456524830,2,2,65400
cs2207,20220218,20220218,134648000,13:46:48,3269,13981,114082,457342080,25,10,817250
cs2207,20220218,20220218,134648500,13:46:48,3269,13981,114082,457342080,0,0,0
cs2207,20220218,20220218,134649000,13:46:49,3269,13982,114082,457374770,1,0,32690
cs2207,20220218,20220218,134649500,13:46:50,3269,13982,114082,457374770,0,0,0
cs2207,20220218,20220218,134650000,13:46:50,3269,13982,114082,457374770,0,0,0
cs2207,20220218,20220218,134653500,13:46:54,3269,13984,114084,457440150,2,2,65380
cs2207,20220218,20220218,134657000,13:46:57,3269,13984,114084,457440150,0,0,0
cs2207,20220218,20220218,134658000,13:46:58,3269,13984,114084,457440150,0,0,0
cs2207,20220218,20220218,134658500,13:46:59,3269,13984,114084,457440150,0,0,0
cs2207,20220218,20220218,134704000,13:47:04,3269,13984,114084,457440150,0,0,0
cs2207,20220218,20220218,134704500,13:47:05,3269,13984,114084,457440150,0,0,0
cs2207,20220218,20220218,134705500,13:47:06,3268,14006,114083,458159110,22,-1,718960
cs2207,20220218,20220218,134706000,13:47:10,3268,14025,114084,458780030,19,1,620920
cs2207,20220218,20220218,134706500,13:47:10,3268,14026,114085,458812710,1,1,32680
cs2207,20220218,20220218,134707500,13:47:11,3268,14026,114085,458812710,0,0,0
cs2207,20220218,20220218,134715500,13:47:17,3268,14026,114085,458812710,0,0,0
cs2207,20220218,20220218,134724500,13:47:27,3268,14026,114085,458812710,0,0,0
cs2207,20220218,20220218,134734000,13:47:36,3268,14026,114085,458812710,0,0,0
cs2207,20220218,20220218,134743000,13:47:43,3268,14026,114085,458812710,0,0,0
cs2207,20220218,20220218,134800000,13:48:00,3268,14026,114085,458812710,0,0,0
cs2207,20220218,20220218,134804500,13:48:05,3268,14026,114085,458812710,0,0,0
cs2207,20220218,20220218,134817000,13:48:18,3268,14038,114086,459204870,12,1,392160
cs2207,20220218,20220218,134817500,13:48:19,3268,14038,114086,459204870,0,0,0
cs2207,20220218,20220218,134818000,13:48:19,3268,14038,114086,459204870,0,0,0
cs2207,20220218,20220218,134818500,13:48:20,3268,14048,114086,459531670,10,0,326800
cs2207,20220218,20220218,134820000,13:48:22,3268,14048,114086,459531670,0,0,0
cs2207,20220218,20220218,134826500,13:48:27,3267,14050,114084,459597010,2,-2,65340
cs2207,20220218,20220218,134829000,13:48:29,3267,14050,114084,459597010,0,0,0
cs2207,20220218,20220218,134831500,13:48:32,3267,14051,114084,459629680,1,0,32670
cs2207,20220218,20220218,134836500,13:48:37,3267,14051,114084,459629680,0,0,0
cs2207,20220218,20220218,134837000,13:48:37,3268,14060,114093,459923800,9,9,294120
cs2207,20220218,20220218,134837500,13:48:37,3268,14064,114097,460054520,4,4,130720
cs2207,20220218,20220218,134838000,13:48:38,3268,14064,114097,460054520,0,0,0
cs2207,20220218,20220218,134838500,13:48:38,3268,14064,114097,460054520,0,0,0
cs2207,20220218,20220218,134841500,13:48:42,3268,14064,114097,460054520,0,0,0
cs2207,20220218,20220218,134842000,13:48:42,3268,14072,114092,460315960,8,-5,261440
cs2207,20220218,20220218,134842500,13:48:43,3268,14072,114092,460315960,0,0,0
cs2207,20220218,20220218,134843000,13:48:43,3268,14072,114092,460315960,0,0,0
cs2207,20220218,20220218,134843500,13:48:43,3268,14072,114092,460315960,0,0,0
cs2207,20220218,20220218,134844000,13:48:44,3268,14072,114092,460315960,0,0,0
cs2207,20220218,20220218,134847500,13:48:47,3268,14072,114092,460315960,0,0,0
cs2207,20220218,20220218,134848000,13:48:48,3268,14096,114102,461100280,24,10,784320
cs2207,20220218,20220218,134848500,13:48:48,3268,14097,114102,461132960,1,0,32680
cs2207,20220218,20220218,134849000,13:48:49,3268,14097,114102,461132960,0,0,0
cs2207,20220218,20220218,134850000,13:48:50,3268,14097,114102,461132960,0,0,0
cs2207,20220218,20220218,134856500,13:48:57,3268,14097,114102,461132960,0,0,0
cs2207,20220218,20220218,134906500,13:49:06,3268,14097,114102,461132960,0,0,0
cs2207,20220218,20220218,134915000,13:49:15,3268,14097,114102,461132960,0,0,0
cs2207,20220218,20220218,134915500,13:49:16,3268,14097,114102,461132960,0,0,0
cs2207,20220218,20220218,134916500,13:49:17,3268,14097,114102,461132960,0,0,0
cs2207,20220218,20220218,134917500,13:49:17,3268,14097,114102,461132960,0,0,0
cs2207,20220218,20220218,134918500,13:49:19,3268,14097,114102,461132960,0,0,0
cs2207,20220218,20220218,134919000,13:49:20,3268,14097,114102,461132960,0,0,0
cs2207,20220218,20220218,134919500,13:49:20,3268,14097,114102,461132960,0,0,0
cs2207,20220218,20220218,134922000,13:49:22,3268,14097,114102,461132960,0,0,0
cs2207,20220218,20220218,134922500,13:49:23,3268,14097,114102,461132960,0,0,0
cs2207,20220218,20220218,134923500,13:49:24,3268,14097,114102,461132960,0,0,0
cs2207,20220218,20220218,134924000,13:49:24,3268,14097,114102,461132960,0,0,0
cs2207,20220218,20220218,134928500,13:49:29,3268,14097,114102,461132960,0,0,0
cs2207,20220218,20220218,134929500,13:49:30,3268,14097,114102,461132960,0,0,0
cs2207,20220218,20220218,134933500,13:49:34,3268,14097,114102,461132960,0,0,0
cs2207,20220218,20220218,134943000,13:49:43,3268,14097,114102,461132960,0,0,0
cs2207,20220218,20220218,134952000,13:49:52,3268,14097,114102,461132960,0,0,0
cs2207,20220218,20220218,134953500,13:49:55,3268,14097,114102,461132960,0,0,0
cs2207,20220218,20220218,134954000,13:49:55,3268,14097,114102,461132960,0,0,0
cs2207,20220218,20220218,134954500,13:49:55,3268,14100,114099,461231000,3,-3,98040
cs2207,20220218,20220218,134955500,13:49:56,3268,14103,114100,461329040,3,1,98040
cs2207,20220218,20220218,134956000,13:49:56,3268,14103,114100,461329040,0,0,0
cs2207,20220218,20220218,134956500,13:49:57,3268,14103,114100,461329040,0,0,0
cs2207,20220218,20220218,134957500,13:49:57,3268,14103,114100,461329040,0,0,0
cs2207,20220218,20220218,134958000,13:49:58,3268,14103,114100,461329040,0,0,0
cs2207,20220218,20220218,134959500,13:49:59,3268,14103,114100,461329040,0,0,0
cs2207,20220218,20220218,135000500,13:50:00,3268,14103,114100,461329040,0,0,0
cs2207,20220218,20220218,135001500,13:50:02,3268,14103,114100,461329040,0,0,0
cs2207,20220218,20220218,135002000,13:50:02,3268,14103,114100,461329040,0,0,0
cs2207,20220218,20220218,135004000,13:50:04,3268,14104,114100,461361720,1,0,32680
cs2207,20220218,20220218,135006000,13:50:06,3268,14106,114100,461427080,2,0,65360
cs2207,20220218,20220218,135006500,13:50:07,3268,14106,114100,461427080,0,0,0
cs2207,20220218,20220218,135007500,13:50:09,3268,14106,114100,461427080,0,0,0
cs2207,20220218,20220218,135025500,13:50:27,3268,14106,114100,461427080,0,0,0
cs2207,20220218,20220218,135028500,13:50:35,3268,14106,114100,461427080,0,0,0
cs2207,20220218,20220218,135034500,13:50:37,3268,14106,114100,461427080,0,0,0
cs2207,20220218,20220218,135038000,13:50:39,3268,14106,114100,461427080,0,0,0
cs2207,20220218,20220218,135041000,13:50:41,3268,14106,114100,461427080,0,0,0
cs2207,20220218,20220218,135042500,13:50:43,3268,14106,114100,461427080,0,0,0
cs2207,20220218,20220218,135043000,13:50:43,3268,14106,114100,461427080,0,0,0
cs2207,20220218,20220218,135043500,13:50:45,3268,14106,114100,461427080,0,0,0
cs2207,20220218,20220218,135047000,13:50:47,3268,14106,114100,461427080,0,0,0
cs2207,20220218,20220218,135052500,13:50:53,3268,14106,114100,461427080,0,0,0
cs2207,20220218,20220218,135056000,13:50:56,3268,14106,114100,461427080,0,0,0
cs2207,20220218,20220218,135102000,13:51:02,3268,14106,114100,461427080,0,0,0
cs2207,20220218,20220218,135105500,13:51:06,3268,14106,114100,461427080,0,0,0
cs2207,20220218,20220218,135120500,13:51:21,3268,14106,114100,461427080,0,0,0
cs2207,20220218,20220218,135123000,13:51:23,3268,14106,114100,461427080,0,0,0
cs2207,20220218,20220218,135123500,13:51:23,3268,14106,114100,461427080,0,0,0
cs2207,20220218,20220218,135124000,13:51:24,3268,14106,114100,461427080,0,0,0
cs2207,20220218,20220218,135124500,13:51:24,3268,14106,114100,461427080,0,0,0
cs2207,20220218,20220218,135128500,13:51:29,3268,14106,114100,461427080,0,0,0
cs2207,20220218,20220218,135130000,13:51:30,3268,14106,114100,461427080,0,0,0
cs2207,20220218,20220218,135130500,13:51:31,3268,14106,114100,461427080,0,0,0
cs2207,20220218,20220218,135132000,13:51:32,3268,14106,114100,461427080,0,0,0
cs2207,20220218,20220218,135132500,13:51:33,3268,14106,114100,461427080,0,0,0
cs2207,20220218,20220218,135134000,13:51:34,3268,14106,114100,461427080,0,0,0
cs2207,20220218,20220218,135136000,13:51:36,3268,14106,114100,461427080,0,0,0
cs2207,20220218,20220218,135159000,13:51:59,3268,14106,114100,461427080,0,0,0
cs2207,20220218,20220218,135202000,13:52:03,3268,14106,114100,461427080,0,0,0
cs2207,20220218,20220218,135203000,13:52:04,3268,14106,114100,461427080,0,0,0
cs2207,20220218,20220218,135203500,13:52:04,3268,14106,114100,461427080,0,0,0
cs2207,20220218,20220218,135204000,13:52:05,3268,14106,114100,461427080,0,0,0
cs2207,20220218,20220218,135206500,13:52:08,3268,14106,114100,461427080,0,0,0
cs2207,20220218,20220218,135209500,13:52:11,3268,14106,114100,461427080,0,0,0
cs2207,20220218,20220218,135216000,13:52:16,3268,14106,114100,461427080,0,0,0
cs2207,20220218,20220218,135219000,13:52:23,3268,14106,114100,461427080,0,0,0
cs2207,20220218,20220218,135225000,13:52:25,3268,14106,114100,461427080,0,0,0
cs2207,20220218,20220218,135228000,13:52:28,3268,14106,114100,461427080,0,0,0
cs2207,20220218,20220218,135231500,13:52:32,3268,14106,114100,461427080,0,0,0
cs2207,20220218,20220218,135232000,13:52:32,3268,14106,114100,461427080,0,0,0
cs2207,20220218,20220218,135234500,13:52:35,3268,14106,114100,461427080,0,0,0
cs2207,20220218,20220218,135237500,13:52:44,3268,14106,114100,461427080,0,0,0
cs2207,20220218,20220218,135243500,13:52:45,3268,14106,114100,461427080,0,0,0
cs2207,20220218,20220218,135246500,13:52:48,3268,14106,114100,461427080,0,0,0
cs2207,20220218,20220218,135252500,13:52:53,3268,14106,114100,461427080,0,0,0
cs2207,20220218,20220218,135256000,13:52:56,3268,14106,114100,461427080,0,0,0
cs2207,20220218,20220218,135302000,13:53:02,3268,14106,114100,461427080,0,0,0
cs2207,20220218,20220218,135305000,13:53:08,3268,14106,114100,461427080,0,0,0
cs2207,20220218,20220218,135307500,13:53:09,3268,14106,114100,461427080,0,0,0
cs2207,20220218,20220218,135311500,13:53:12,3268,14106,114100,461427080,0,0,0
cs2207,20220218,20220218,135312500,13:53:13,3267,14190,114175,464171400,84,75,2744320
cs2207,20220218,20220218,135313000,13:53:13,3267,14210,114164,464824800,20,-11,653400
cs2207,20220218,20220218,135313500,13:53:13,3267,14210,114164,464824800,0,0,0
cs2207,20220218,20220218,135314000,13:53:14,3267,14210,114164,464824800,0,0,0
cs2207,20220218,20220218,135314500,13:53:15,3267,14210,114164,464824800,0,0,0
cs2207,20220218,20220218,135315500,13:53:16,3267,14210,114164,464824800,0,0,0
cs2207,20220218,20220218,135321500,13:53:22,3266,14211,114163,464857460,1,-1,32660
cs2207,20220218,20220218,135323000,13:53:23,3266,14211,114163,464857460,0,0,0
cs2207,20220218,20220218,135325000,13:53:26,3266,14213,114161,464922780,2,-2,65320
cs2207,20220218,20220218,135325500,13:53:26,3266,14214,114160,464955440,1,-1,32660
cs2207,20220218,20220218,135330500,13:53:31,3266,14214,114160,464955440,0,0,0
cs2207,20220218,20220218,135331000,13:53:31,3267,14219,114161,465118790,5,1,163350
cs2207,20220218,20220218,135331500,13:53:32,3267,14221,114160,465184130,2,-1,65340
cs2207,20220218,20220218,135332000,13:53:32,3267,14221,114160,465184130,0,0,0
cs2207,20220218,20220218,135332500,13:53:33,3267,14221,114160,465184130,0,0,0
cs2207,20220218,20220218,135341500,13:53:45,3267,14221,114160,465184130,0,0,0
cs2207,20220218,20220218,135346500,13:53:47,3267,14231,114160,465510830,10,0,326700
cs2207,20220218,20220218,135347000,13:53:47,3267,14241,114165,465837530,10,5,326700
cs2207,20220218,20220218,135347500,13:53:47,3267,14241,114165,465837530,0,0,0
cs2207,20220218,20220218,135348000,13:53:48,3267,14241,114165,465837530,0,0,0
cs2207,20220218,20220218,135348500,13:53:48,3267,14241,114165,465837530,0,0,0
cs2207,20220218,20220218,135350500,13:53:52,3267,14241,114165,465837530,0,0,0
cs2207,20220218,20220218,135351500,13:53:53,3267,14241,114165,465837530,0,0,0
cs2207,20220218,20220218,135353000,13:53:53,3267,14241,114165,465837530,0,0,0
cs2207,20220218,20220218,135400000,13:54:08,3267,14241,114165,465837530,0,0,0
cs2207,20220218,20220218,135400500,13:54:08,3267,14241,114165,465837530,0,0,0
cs2207,20220218,20220218,135407500,13:54:09,3267,14241,114165,465837530,0,0,0
cs2207,20220218,20220218,135408500,13:54:09,3267,14294,114182,467569040,53,17,1731510
cs2207,20220218,20220218,135409000,13:54:10,3267,14294,114182,467569040,0,0,0
cs2207,20220218,20220218,135409500,13:54:10,3267,14294,114182,467569040,0,0,0
cs2207,20220218,20220218,135418000,13:54:18,3267,14294,114182,467569040,0,0,0
cs2207,20220218,20220218,135427500,13:54:28,3267,14294,114182,467569040,0,0,0
cs2207,20220218,20220218,135437000,13:54:37,3267,14294,114182,467569040,0,0,0
cs2207,20220218,20220218,135446000,13:54:46,3267,14294,114182,467569040,0,0,0
cs2207,20220218,20220218,135455500,13:54:55,3267,14294,114182,467569040,0,0,0
cs2207,20220218,20220218,135504500,13:55:05,3267,14294,114182,467569040,0,0,0
cs2207,20220218,20220218,135513000,13:55:13,3267,14294,114182,467569040,0,0,0
cs2207,20220218,20220218,135513500,13:55:15,3267,14305,114187,467928410,11,5,359370
cs2207,20220218,20220218,135514000,13:55:15,3267,14314,114184,468222440,9,-3,294030
cs2207,20220218,20220218,135514500,13:55:15,3267,14314,114184,468222440,0,0,0
cs2207,20220218,20220218,135522500,13:55:25,3267,14314,114184,468222440,0,0,0
cs2207,20220218,20220218,135526000,13:55:27,3267,14314,114184,468222440,0,0,0
cs2207,20220218,20220218,135526500,13:55:27,3267,14314,114184,468222440,0,0,0
cs2207,20220218,20220218,135528000,13:55:28,3266,14414,114085,471488440,100,-99,3266000
cs2207,20220218,20220218,135528500,13:55:28,3267,14418,114086,471619120,4,1,130680
cs2207,20220218,20220218,135529000,13:55:29,3267,14420,114086,471684460,2,0,65340
cs2207,20220218,20220218,135529500,13:55:30,3267,14420,114086,471684460,0,0,0
cs2207,20220218,20220218,135530500,13:55:31,3267,14422,114086,471749800,2,0,65340
cs2207,20220218,20220218,135531000,13:55:31,3267,14422,114086,471749800,0,0,0
cs2207,20220218,20220218,135532000,13:55:32,3267,14422,114086,471749800,0,0,0
cs2207,20220218,20220218,135533000,13:55:33,3267,14422,114086,471749800,0,0,0
cs2207,20220218,20220218,135540000,13:55:40,3267,14422,114086,471749800,0,0,0
cs2207,20220218,20220218,135540500,13:55:41,3267,14422,114086,471749800,0,0,0
cs2207,20220218,20220218,135541000,13:55:41,3267,14422,114086,471749800,0,0,0
cs2207,20220218,20220218,135541500,13:55:41,3267,14422,114086,471749800,0,0,0
cs2207,20220218,20220218,135549000,13:55:50,3267,14422,114086,471749800,0,0,0
cs2207,20220218,20220218,135550500,13:55:50,3267,14422,114086,471749800,0,0,0
cs2207,20220218,20220218,135558500,13:55:58,3267,14422,114086,471749800,0,0,0
cs2207,20220218,20220218,135559000,13:55:59,3267,14422,114086,471749800,0,0,0
cs2207,20220218,20220218,135600000,13:56:02,3267,14422,114086,471749800,0,0,0
cs2207,20220218,20220218,135618000,13:56:23,3267,14422,114086,471749800,0,0,0
cs2207,20220218,20220218,135620000,13:56:24,3267,14422,114086,471749800,0,0,0
cs2207,20220218,20220218,135624000,13:56:24,3267,14422,114086,471749800,0,0,0
cs2207,20220218,20220218,135624500,13:56:24,3267,14431,114089,472043830,9,3,294030
cs2207,20220218,20220218,135625500,13:56:33,3267,14431,114089,472043830,0,0,0
cs2207,20220218,20220218,135626500,13:56:34,3267,14431,114089,472043830,0,0,0
cs2207,20220218,20220218,135627000,13:56:34,3267,14431,114089,472043830,0,0,0
cs2207,20220218,20220218,135633000,13:56:35,3267,14431,114089,472043830,0,0,0
cs2207,20220218,20220218,135637000,13:56:39,3267,14431,114089,472043830,0,0,0
cs2207,20220218,20220218,135642500,13:56:43,3267,14431,114089,472043830,0,0,0
cs2207,20220218,20220218,135646000,13:56:47,3267,14431,114089,472043830,0,0,0
cs2207,20220218,20220218,135652000,13:56:52,3267,14431,114089,472043830,0,0,0
cs2207,20220218,20220218,135655500,13:56:55,3267,14431,114089,472043830,0,0,0
cs2207,20220218,20220218,135701000,13:57:02,3267,14431,114089,472043830,0,0,0
cs2207,20220218,20220218,135702500,13:57:03,3267,14431,114089,472043830,0,0,0
cs2207,20220218,20220218,135703000,13:57:03,3267,14431,114089,472043830,0,0,0
cs2207,20220218,20220218,135703500,13:57:04,3267,14431,114089,472043830,0,0,0
cs2207,20220218,20220218,135704500,13:57:04,3267,14431,114089,472043830,0,0,0
cs2207,20220218,20220218,135706500,13:57:07,3267,14431,114089,472043830,0,0,0
cs2207,20220218,20220218,135707000,13:57:07,3267,14431,114089,472043830,0,0,0
cs2207,20220218,20220218,135707500,13:57:08,3267,14431,114089,472043830,0,0,0
