eb2207,20220218,20220218,112002000,11:20:09,8887,2268,4019,100589255,2268,0,100589255
eb2207,20220218,20220218,112016500,11:20:16,8887,2268,4019,100589255,0,0,0
eb2207,20220218,20220218,112017000,11:20:17,8887,2268,4019,100589255,0,0,0
eb2207,20220218,20220218,112017500,11:20:17,8882,2273,4022,100811320,5,3,222065
eb2207,20220218,20220218,112018000,11:20:18,8881,2276,4023,100944535,3,1,133215
eb2207,20220218,20220218,112018500,11:20:18,8881,2276,4023,100944535,0,0,0
eb2207,20220218,20220218,112019000,11:20:19,8881,2276,4023,100944535,0,0,0
eb2207,20220218,20220218,112019500,11:20:20,8881,2276,4023,100944535,0,0,0
eb2207,20220218,20220218,112026000,11:20:26,8881,2276,4023,100944535,0,0,0
eb2207,20220218,20220218,112030500,11:20:31,8881,2276,4023,100944535,0,0,0
eb2207,20220218,20220218,112038500,11:20:38,8883,2278,4021,101033365,2,-2,88830
eb2207,20220218,20220218,112039000,11:20:39,8884,2279,4020,101077785,1,-1,44420
eb2207,20220218,20220218,112043500,11:20:44,8884,2279,4020,101077785,0,0,0
eb2207,20220218,20220218,112044000,11:20:44,8884,2279,4020,101077785,0,0,0
eb2207,20220218,20220218,112045500,11:20:46,8884,2279,4020,101077785,0,0,0
eb2207,20220218,20220218,112052000,11:20:53,8884,2279,4020,101077785,0,0,0
eb2207,20220218,20220218,112053000,11:20:53,8884,2279,4020,101077785,0,0,0
eb2207,20220218,20220218,112054500,11:20:55,8884,2279,4020,101077785,0,0,0
eb2207,20220218,20220218,112055000,11:20:55,8884,2279,4020,101077785,0,0,0
eb2207,20220218,20220218,112055500,11:20:56,8884,2279,4020,101077785,0,0,0
eb2207,20220218,20220218,112058000,11:20:59,8884,2279,4020,101077785,0,0,0
eb2207,20220218,20220218,112058500,11:20:59,8884,2279,4020,101077785,0,0,0
eb2207,20220218,20220218,112059000,11:21:00,8884,2279,4020,101077785,0,0,0
eb2207,20220218,20220218,112059500,11:21:00,8884,2279,4020,101077785,0,0,0
eb2207,20220218,20220218,112100500,11:21:01,8884,2279,4020,101077785,0,0,0
eb2207,20220218,20220218,112101000,11:21:01,8884,2279,4020,101077785,0,0,0
eb2207,20220218,20220218,112103500,11:21:04,8884,2279,4020,101077785,0,0,0
eb2207,20220218,20220218,112104000,11:21:05,8884,2279,4020,101077785,0,0,0
eb2207,20220218,20220218,112104500,11:21:05,8884,2279,4020,101077785,0,0,0
eb2207,20220218,20220218,112105000,11:21:06,8884,2279,4020,101077785,0,0,0
eb2207,20220218,20220218,112106000,11:21:07,8884,2279,4020,101077785,0,0,0
eb2207,20220218,20220218,112110000,11:21:10,8884,2279,4020,101077785,0,0,0
eb2207,20220218,20220218,112110500,11:21:11,8884,2279,4020,101077785,0,0,0
eb2207,20220218,20220218,112111000,11:21:11,8884,2279,4020,101077785,0,0,0
eb2207,20220218,20220218,112111500,11:21:12,8884,2279,4020,101077785,0,0,0
eb2207,20220218,20220218,112112000,11:21:12,8884,2279,4020,101077785,0,0,0
eb2207,20220218,20220218,112115000,11:21:15,8884,2279,4020,101077785,0,0,0
eb2207,20220218,20220218,112115500,11:21:15,8884,2279,4020,101077785,0,0,0
eb2207,20220218,20220218,112116000,11:21:16,8884,2279,4020,101077785,0,0,0
eb2207,20220218,20220218,112117500,11:21:18,8884,2279,4020,101077785,0,0,0
eb2207,20220218,20220218,112118000,11:21:18,8884,2279,4020,101077785,0,0,0
eb2207,20220218,20220218,112119000,11:21:19,8884,2279,4020,101077785,0,0,0
eb2207,20220218,20220218,112123500,11:21:24,8884,2279,4020,101077785,0,0,0
eb2207,20220218,20220218,112124000,11:21:24,8881,2283,4023,101255415,4,3,177630
eb2207,20220218,20220218,112124500,11:21:25,8881,2283,4023,101255415,0,0,0
eb2207,20220218,20220218,112125000,11:22:28,8881,2283,4023,101255415,0,0,0
eb2207,20220218,20220218,112126000,11:23:33,8881,2283,4023,101255415,0,0,0
eb2207,20220218,20220218,112331500,11:23:33,8881,2283,4023,101255415,0,0,0
eb2207,20220218,20220218,112334500,11:23:34,8881,2283,4023,101255415,0,0,0
eb2207,20220218,20220218,112335000,11:23:35,8881,2283,4023,101255415,0,0,0
eb2207,20220218,20220218,112335500,11:23:35,8881,2283,4023,101255415,0,0,0
eb2207,20220218,20220218,112337500,11:23:38,8881,2283,4023,101255415,0,0,0
eb2207,20220218,20220218,112344500,11:23:48,8881,2283,4023,101255415,0,0,0
eb2207,20220218,20220218,112345000,11:23:48,8880,2331,4024,103386060,48,1,2130645
eb2207,20220218,20220218,112345500,11:23:48,8880,2331,4024,103386060,0,0,0
eb2207,20220218,20220218,112347000,11:23:48,8880,2331,4024,103386060,0,0,0
eb2207,20220218,20220218,112349000,11:23:49,8879,2335,4024,103563640,4,0,177580
eb2207,20220218,20220218,112349500,11:23:50,8879,2335,4024,103563640,0,0,0
eb2207,20220218,20220218,112350000,11:23:50,8879,2335,4024,103563640,0,0,0
eb2207,20220218,20220218,112350500,11:23:50,8879,2335,4024,103563640,0,0,0
eb2207,20220218,20220218,112354000,11:23:54,8879,2335,4024,103563640,0,0,0
eb2207,20220218,20220218,112355000,11:23:55,8879,2335,4024,103563640,0,0,0
eb2207,20220218,20220218,112400500,11:24:00,8879,2335,4024,103563640,0,0,0
eb2207,20220218,20220218,112401000,11:24:01,8879,2335,4024,103563640,0,0,0
eb2207,20220218,20220218,112401500,11:24:01,8879,2335,4024,103563640,0,0,0
eb2207,20220218,20220218,112404500,11:24:04,8879,2335,4024,103563640,0,0,0
eb2207,20220218,20220218,112405000,11:24:05,8879,2335,4024,103563640,0,0,0
eb2207,20220218,20220218,112405500,11:24:05,8879,2335,4024,103563640,0,0,0
eb2207,20220218,20220218,112408000,11:24:08,8879,2335,4024,103563640,0,0,0
eb2207,20220218,20220218,112408500,11:24:08,8879,2336,4024,103608035,1,0,44395
eb2207,20220218,20220218,112409000,11:24:11,8879,2336,4024,103608035,0,0,0
eb2207,20220218,20220218,112409500,11:24:12,8879,2336,4024,103608035,0,0,0
eb2207,20220218,20220218,112415000,11:24:15,8879,2336,4024,103608035,0,0,0
eb2207,20220218,20220218,112415500,11:24:15,8879,2336,4024,103608035,0,0,0
eb2207,20220218,20220218,112417500,11:24:18,8879,2336,4024,103608035,0,0,0
eb2207,20220218,20220218,112419500,11:24:20,8879,2336,4024,103608035,0,0,0
eb2207,20220218,20220218,112425500,11:24:25,8879,2336,4024,103608035,0,0,0
eb2207,20220218,20220218,112426000,11:24:26,8879,2336,4024,103608035,0,0,0
eb2207,20220218,20220218,112426500,11:24:26,8879,2336,4024,103608035,0,0,0
eb2207,20220218,20220218,112434500,11:24:34,8879,2336,4024,103608035,0,0,0
eb2207,20220218,20220218,112435000,11:24:35,8879,2336,4024,103608035,0,0,0
eb2207,20220218,20220218,112435500,11:24:35,8879,2336,4024,103608035,0,0,0
eb2207,20220218,20220218,112436000,11:24:36,8879,2336,4024,103608035,0,0,0
eb2207,20220218,20220218,112501000,11:25:02,8879,2336,4024,103608035,0,0,0
eb2207,20220218,20220218,112501500,11:25:05,8879,2336,4024,103608035,0,0,0
eb2207,20220218,20220218,112502500,11:25:06,8879,2336,4024,103608035,0,0,0
eb2207,20220218,20220218,112504500,11:25:06,8879,2336,4024,103608035,0,0,0
eb2207,20220218,20220218,112505000,11:25:06,8879,2336,4024,103608035,0,0,0
eb2207,20220218,20220218,112506000,11:25:07,8882,2342,4022,103874475,6,-2,266440
eb2207,20220218,20220218,112506500,11:25:07,8884,2347,4022,104096555,5,0,222080
eb2207,20220218,20220218,112507000,11:25:07,8884,2347,4022,104096555,0,0,0
eb2207,20220218,20220218,112507500,11:25:07,8884,2347,4022,104096555,0,0,0
eb2207,20220218,20220218,112508000,11:25:08,8884,2350,4022,104229815,3,0,133260
eb2207,20220218,20220218,112508500,11:25:08,8882,2358,4020,104585130,8,-2,355315
eb2207,20220218,20220218,112509000,11:25:09,8882,2358,4020,104585130,0,0,0
eb2207,20220218,20220218,112509500,11:25:09,8882,2358,4020,104585130,0,0,0
eb2207,20220218,20220218,112510000,11:25:10,8882,2358,4020,104585130,0,0,0
eb2207,20220218,20220218,112510500,11:25:10,8882,2358,4020,104585130,0,0,0
eb2207,20220218,20220218,112511000,11:25:11,8882,2358,4020,104585130,0,0,0
eb2207,20220218,20220218,112511500,11:25:11,8882,2358,4020,104585130,0,0,0
eb2207,20220218,20220218,112512000,11:25:12,8882,2358,4020,104585130,0,0,0
eb2207,20220218,20220218,112512500,11:25:12,8882,2358,4020,104585130,0,0,0
eb2207,20220218,20220218,112514000,11:25:15,8882,2358,4020,104585130,0,0,0
eb2207,20220218,20220218,112514500,11:25:16,8882,2358,4020,104585130,0,0,0
eb2207,20220218,20220218,112515000,11:25:16,8882,2358,4020,104585130,0,0,0
eb2207,20220218,20220218,112517500,11:25:18,8882,2358,4020,104585130,0,0,0
eb2207,20220218,20220218,112518000,11:25:19,8882,2358,4020,104585130,0,0,0
eb2207,20220218,20220218,112518500,11:25:19,8882,2358,4020,104585130,0,0,0
eb2207,20220218,20220218,112521000,11:25:22,8882,2358,4020,104585130,0,0,0
eb2207,20220218,20220218,112521500,11:25:22,8882,2358,4020,104585130,0,0,0
eb2207,20220218,20220218,112522000,11:25:22,8882,2358,4020,104585130,0,0,0
eb2207,20220218,20220218,112522500,11:25:23,8882,2358,4020,104585130,0,0,0
eb2207,20220218,20220218,112523000,11:25:23,8882,2358,4020,104585130,0,0,0
eb2207,20220218,20220218,112523500,11:25:24,8882,2358,4020,104585130,0,0,0
eb2207,20220218,20220218,112524000,11:25:25,8882,2358,4020,104585130,0,0,0
eb2207,20220218,20220218,112524500,11:25:25,8882,2358,4020,104585130,0,0,0
eb2207,20220218,20220218,112525000,11:25:25,8882,2358,4020,104585130,0,0,0
eb2207,20220218,20220218,112526000,11:25:26,8882,2358,4020,104585130,0,0,0
eb2207,20220218,20220218,112529000,11:25:29,8882,2358,4020,104585130,0,0,0
eb2207,20220218,20220218,112530000,11:25:31,8882,2358,4020,104585130,0,0,0
eb2207,20220218,20220218,112530500,11:25:31,8877,2360,4022,104673900,2,2,88770
eb2207,20220218,20220218,112531000,11:25:31,8875,2361,4023,104718275,1,1,44375
eb2207,20220218,20220218,112531500,11:25:32,8873,2365,4023,104895735,4,0,177460
eb2207,20220218,20220218,112532000,11:25:32,8872,2367,4023,104984455,2,0,88720
eb2207,20220218,20220218,112532500,11:25:33,8874,2369,4023,105073190,2,0,88735
eb2207,20220218,20220218,112533000,11:25:33,8875,2374,4019,105295055,5,-4,221865
eb2207,20220218,20220218,112533500,11:25:33,8875,2374,4019,105295055,0,0,0
eb2207,20220218,20220218,112534000,11:25:34,8875,2374,4019,105295055,0,0,0
eb2207,20220218,20220218,112535000,11:25:37,8875,2374,4019,105295055,0,0,0
eb2207,20220218,20220218,112536000,11:25:37,8875,2374,4019,105295055,0,0,0
eb2207,20220218,20220218,112536500,11:25:37,8875,2374,4019,105295055,0,0,0
eb2207,20220218,20220218,112537000,11:25:38,8875,2374,4019,105295055,0,0,0
eb2207,20220218,20220218,112540500,11:25:41,8875,2374,4019,105295055,0,0,0
eb2207,20220218,20220218,112541000,11:25:41,8875,2374,4019,105295055,0,0,0
eb2207,20220218,20220218,112541500,11:25:41,8875,2374,4019,105295055,0,0,0
eb2207,20220218,20220218,112542000,11:25:42,8875,2374,4019,105295055,0,0,0
eb2207,20220218,20220218,112545000,11:25:45,8875,2374,4019,105295055,0,0,0
eb2207,20220218,20220218,112545500,11:25:46,8875,2374,4019,105295055,0,0,0
eb2207,20220218,20220218,112547000,11:25:48,8877,2376,4017,105383825,2,-2,88770
eb2207,20220218,20220218,112547500,11:25:48,8877,2376,4017,105383825,0,0,0
eb2207,20220218,20220218,112548000,11:25:48,8877,2376,4017,105383825,0,0,0
eb2207,20220218,20220218,112548500,11:25:48,8877,2376,4017,105383825,0,0,0
eb2207,20220218,20220218,112549500,11:25:49,8877,2376,4017,105383825,0,0,0
eb2207,20220218,20220218,112552000,11:25:52,8877,2376,4017,105383825,0,0,0
eb2207,20220218,20220218,112554000,11:25:54,8877,2376,4017,105383825,0,0,0
eb2207,20220218,20220218,112554500,11:25:55,8877,2376,4017,105383825,0,0,0
eb2207,20220218,20220218,112556000,11:25:57,8877,2376,4017,105383825,0,0,0
eb2207,20220218,20220218,112556500,11:25:57,8877,2376,4017,105383825,0,0,0
eb2207,20220218,20220218,112602000,11:26:03,8877,2376,4017,105383825,0,0,0
eb2207,20220218,20220218,112602500,11:26:03,8877,2376,4017,105383825,0,0,0
eb2207,20220218,20220218,112603000,11:26:03,8877,2376,4017,105383825,0,0,0
eb2207,20220218,20220218,112604000,11:26:05,8877,2376,4017,105383825,0,0,0
eb2207,20220218,20220218,112604500,11:26:05,8877,2376,4017,105383825,0,0,0
eb2207,20220218,20220218,112606000,11:26:06,8878,2378,4018,105472605,2,1,88780
eb2207,20220218,20220218,112606500,11:26:09,8880,2383,4016,105694595,5,-2,221990
eb2207,20220218,20220218,112607000,11:26:09,8880,2383,4016,105694595,0,0,0
eb2207,20220218,20220218,112607500,11:26:09,8880,2383,4016,105694595,0,0,0
eb2207,20220218,20220218,112608500,11:26:10,8880,2383,4016,105694595,0,0,0
eb2207,20220218,20220218,112610500,11:26:11,8880,2383,4016,105694595,0,0,0
eb2207,20220218,20220218,112611000,11:26:11,8880,2383,4016,105694595,0,0,0
eb2207,20220218,20220218,112612000,11:26:14,8880,2383,4016,105694595,0,0,0
eb2207,20220218,20220218,112612500,11:26:15,8880,2383,4016,105694595,0,0,0
eb2207,20220218,20220218,112613500,11:26:15,8880,2383,4016,105694595,0,0,0
eb2207,20220218,20220218,112614000,11:26:15,8880,2383,4016,105694595,0,0,0
eb2207,20220218,20220218,112614500,11:26:16,8880,2383,4016,105694595,0,0,0
eb2207,20220218,20220218,112615000,11:26:16,8880,2383,4016,105694595,0,0,0
eb2207,20220218,20220218,112615500,11:26:16,8880,2383,4016,105694595,0,0,0
eb2207,20220218,20220218,112616000,11:26:16,8880,2383,4016,105694595,0,0,0
eb2207,20220218,20220218,112616500,11:26:17,8880,2388,4015,105916615,5,-1,222020
eb2207,20220218,20220218,112617000,11:26:17,8880,2388,4015,105916615,0,0,0
eb2207,20220218,20220218,112617500,11:26:17,8880,2388,4015,105916615,0,0,0
eb2207,20220218,20220218,112618000,11:26:18,8880,2388,4015,105916615,0,0,0
eb2207,20220218,20220218,112618500,11:26:19,8880,2388,4015,105916615,0,0,0
eb2207,20220218,20220218,112619000,11:26:19,8880,2388,4015,105916615,0,0,0
eb2207,20220218,20220218,112620000,11:26:20,8880,2389,4015,105961015,1,0,44400
eb2207,20220218,20220218,112620500,11:26:20,8880,2389,4015,105961015,0,0,0
eb2207,20220218,20220218,112622500,11:26:23,8880,2389,4015,105961015,0,0,0
eb2207,20220218,20220218,112623000,11:26:23,8880,2389,4015,105961015,0,0,0
eb2207,20220218,20220218,112624000,11:26:24,8880,2389,4015,105961015,0,0,0
eb2207,20220218,20220218,112624500,11:26:24,8880,2389,4015,105961015,0,0,0
eb2207,20220218,20220218,112625000,11:26:25,8880,2389,4015,105961015,0,0,0
eb2207,20220218,20220218,112632000,11:26:32,8880,2389,4015,105961015,0,0,0
eb2207,20220218,20220218,112632500,11:26:32,8880,2389,4015,105961015,0,0,0
eb2207,20220218,20220218,112635500,11:26:38,8880,2389,4015,105961015,0,0,0
eb2207,20220218,20220218,112636500,11:26:39,8880,2389,4015,105961015,0,0,0
eb2207,20220218,20220218,112653500,11:27:11,8880,2389,4015,105961015,0,0,0
eb2207,20220218,20220218,112710000,11:27:12,8880,2389,4015,105961015,0,0,0
eb2207,20220218,20220218,112712000,11:27:12,8880,2389,4015,105961015,0,0,0
eb2207,20220218,20220218,112712500,11:27:13,8880,2389,4015,105961015,0,0,0
eb2207,20220218,20220218,112713000,11:27:14,8880,2389,4015,105961015,0,0,0
eb2207,20220218,20220218,112713500,11:27:14,8880,2389,4015,105961015,0,0,0
eb2207,20220218,20220218,112714000,11:27:15,8880,2389,4015,105961015,0,0,0
eb2207,20220218,20220218,112714500,11:27:15,8880,2389,4015,105961015,0,0,0
eb2207,20220218,20220218,112715000,11:27:16,8880,2389,4015,105961015,0,0,0
eb2207,20220218,20220218,112715500,11:27:16,8880,2389,4015,105961015,0,0,0
eb2207,20220218,20220218,112716000,11:27:17,8880,2389,4015,105961015,0,0,0
eb2207,20220218,20220218,112716500,11:27:17,8880,2389,4015,105961015,0,0,0
eb2207,20220218,20220218,112717000,11:27:17,8880,2389,4015,105961015,0,0,0
eb2207,20220218,20220218,112717500,11:27:17,8880,2389,4015,105961015,0,0,0
eb2207,20220218,20220218,112719000,11:27:19,8884,2395,4016,106227405,6,1,266390
eb2207,20220218,20220218,112719500,11:27:20,8884,2395,4016,106227405,0,0,0
eb2207,20220218,20220218,112720000,11:27:20,8887,2398,4016,106360700,3,0,133295
eb2207,20220218,20220218,112720500,11:27:21,8887,2398,4016,106360700,0,0,0
eb2207,20220218,20220218,112729000,11:27:29,8888,2399,4015,106405140,1,-1,44440
eb2207,20220218,20220218,112729500,11:27:30,8888,2399,4015,106405140,0,0,0
eb2207,20220218,20220218,112730000,11:27:30,8885,2405,4016,106671715,6,1,266575
eb2207,20220218,20220218,112730500,11:27:31,8885,2405,4016,106671715,0,0,0
eb2207,20220218,20220218,112731000,11:27:33,8885,2405,4016,106671715,0,0,0
eb2207,20220218,20220218,112731500,11:27:35,8885,2405,4016,106671715,0,0,0
eb2207,20220218,20220218,112735500,11:27:36,8885,2405,4016,106671715,0,0,0
eb2207,20220218,20220218,112744500,11:27:45,8885,2405,4016,106671715,0,0,0
eb2207,20220218,20220218,112745000,11:27:46,8885,2405,4016,106671715,0,0,0
eb2207,20220218,20220218,112758500,11:27:59,8885,2405,4016,106671715,0,0,0
eb2207,20220218,20220218,112800000,11:28:01,8885,2405,4016,106671715,0,0,0
eb2207,20220218,20220218,112800500,11:28:01,8885,2405,4016,106671715,0,0,0
eb2207,20220218,20220218,112801000,11:28:01,8886,2409,4013,106849430,4,-3,177715
eb2207,20220218,20220218,112801500,11:28:02,8886,2409,4013,106849430,0,0,0
eb2207,20220218,20220218,112802000,11:28:03,8886,2409,4013,106849430,0,0,0
eb2207,20220218,20220218,112802500,11:28:03,8886,2409,4013,106849430,0,0,0
eb2207,20220218,20220218,112803000,11:28:04,8886,2409,4013,106849430,0,0,0
eb2207,20220218,20220218,112803500,11:28:04,8887,2412,4013,106982735,3,0,133305
eb2207,20220218,20220218,112804000,11:28:04,8887,2412,4013,106982735,0,0,0
eb2207,20220218,20220218,112804500,11:28:06,8887,2412,4013,106982735,0,0,0
eb2207,20220218,20220218,112805000,11:28:06,8890,2413,4013,107027185,1,0,44450
eb2207,20220218,20220218,112805500,11:28:06,8890,2413,4013,107027185,0,0,0
eb2207,20220218,20220218,112806500,11:28:10,8890,2413,4013,107027185,0,0,0
eb2207,20220218,20220218,112807000,11:28:10,8890,2413,4013,107027185,0,0,0
eb2207,20220218,20220218,112810000,11:28:11,8890,2413,4013,107027185,0,0,0
eb2207,20220218,20220218,112810500,11:28:12,8890,2413,4013,107027185,0,0,0
eb2207,20220218,20220218,112811000,11:28:12,8890,2413,4013,107027185,0,0,0
eb2207,20220218,20220218,112818000,11:28:18,8890,2413,4013,107027185,0,0,0
eb2207,20220218,20220218,112818500,11:28:18,8890,2413,4013,107027185,0,0,0
eb2207,20220218,20220218,112819000,11:28:19,8890,2413,4013,107027185,0,0,0
eb2207,20220218,20220218,112821000,11:28:21,8890,2413,4013,107027185,0,0,0
eb2207,20220218,20220218,112821500,11:28:22,8890,2413,4013,107027185,0,0,0
eb2207,20220218,20220218,112822000,11:28:22,8890,2413,4013,107027185,0,0,0
eb2207,20220218,20220218,112822500,11:28:22,8890,2413,4013,107027185,0,0,0
eb2207,20220218,20220218,112827000,11:28:27,8890,2416,4015,107160535,3,2,133350
eb2207,20220218,20220218,112827500,11:28:27,8890,2416,4015,107160535,0,0,0
eb2207,20220218,20220218,112828000,11:28:28,8890,2416,4015,107160535,0,0,0
eb2207,20220218,20220218,112828500,11:28:28,8890,2416,4015,107160535,0,0,0
eb2207,20220218,20220218,112829000,11:28:29,8890,2416,4015,107160535,0,0,0
eb2207,20220218,20220218,112829500,11:28:30,8890,2416,4015,107160535,0,0,0
eb2207,20220218,20220218,112830000,11:28:30,8890,2416,4015,107160535,0,0,0
eb2207,20220218,20220218,112831000,11:28:31,8890,2416,4015,107160535,0,0,0
eb2207,20220218,20220218,112831500,11:28:32,8890,2416,4015,107160535,0,0,0
eb2207,20220218,20220218,112832000,11:28:33,8890,2416,4015,107160535,0,0,0
eb2207,20220218,20220218,112833500,11:28:34,8890,2416,4015,107160535,0,0,0
eb2207,20220218,20220218,112836000,11:28:37,8890,2416,4015,107160535,0,0,0
eb2207,20220218,20220218,112836500,11:28:37,8890,2416,4015,107160535,0,0,0
eb2207,20220218,20220218,112837000,11:28:37,8890,2416,4015,107160535,0,0,0
eb2207,20220218,20220218,112837500,11:28:38,8890,2416,4015,107160535,0,0,0
eb2207,20220218,20220218,112842000,11:28:42,8890,2416,4015,107160535,0,0,0
eb2207,20220218,20220218,112843000,11:28:43,8890,2416,4015,107160535,0,0,0
eb2207,20220218,20220218,112847000,11:28:47,8890,2416,4015,107160535,0,0,0
eb2207,20220218,20220218,112848500,11:28:48,8890,2416,4015,107160535,0,0,0
eb2207,20220218,20220218,112849000,11:28:49,8890,2416,4015,107160535,0,0,0
eb2207,20220218,20220218,112850500,11:28:51,8890,2416,4015,107160535,0,0,0
eb2207,20220218,20220218,112851500,11:28:52,8890,2416,4015,107160535,0,0,0
eb2207,20220218,20220218,112852000,11:28:53,8890,2416,4015,107160535,0,0,0
eb2207,20220218,20220218,112857500,11:28:58,8890,2416,4015,107160535,0,0,0
eb2207,20220218,20220218,112900000,11:29:00,8890,2416,4015,107160535,0,0,0
eb2207,20220218,20220218,112900500,11:29:01,8890,2416,4015,107160535,0,0,0
eb2207,20220218,20220218,112902000,11:29:03,8890,2416,4015,107160535,0,0,0
eb2207,20220218,20220218,112902500,11:29:03,8887,2418,4014,107249405,2,-1,88870
eb2207,20220218,20220218,112903000,11:29:03,8887,2418,4014,107249405,0,0,0
eb2207,20220218,20220218,112907000,11:29:08,8887,2418,4014,107249405,0,0,0
eb2207,20220218,20220218,112909000,11:29:09,8887,2418,4014,107249405,0,0,0
eb2207,20220218,20220218,112910500,11:29:11,8887,2418,4014,107249405,0,0,0
eb2207,20220218,20220218,112924000,11:29:24,8887,2418,4014,107249405,0,0,0
eb2207,20220218,20220218,112926500,11:29:26,8887,2418,4014,107249405,0,0,0
eb2207,20220218,20220218,112927000,11:29:27,8887,2418,4014,107249405,0,0,0
eb2207,20220218,20220218,112927500,11:29:27,8887,2418,4014,107249405,0,0,0
eb2207,20220218,20220218,112928000,11:29:28,8887,2418,4014,107249405,0,0,0
eb2207,20220218,20220218,112928500,11:29:29,8887,2418,4014,107249405,0,0,0
eb2207,20220218,20220218,112929000,11:29:29,8887,2418,4014,107249405,0,0,0
eb2207,20220218,20220218,112929500,11:29:30,8887,2418,4014,107249405,0,0,0
eb2207,20220218,20220218,112930000,11:29:30,8887,2418,4014,107249405,0,0,0
eb2207,20220218,20220218,112930500,11:29:31,8887,2418,4014,107249405,0,0,0
eb2207,20220218,20220218,112931000,11:29:32,8887,2418,4014,107249405,0,0,0
eb2207,20220218,20220218,112931500,11:29:32,8887,2418,4014,107249405,0,0,0
eb2207,20220218,20220218,112932000,11:29:36,8887,2418,4014,107249405,0,0,0
eb2207,20220218,20220218,112932500,11:29:37,8887,2418,4014,107249405,0,0,0
eb2207,20220218,20220218,112933000,11:29:37,8887,2418,4014,107249405,0,0,0
eb2207,20220218,20220218,112936500,11:29:38,8887,2418,4014,107249405,0,0,0
eb2207,20220218,20220218,112937500,11:29:38,8887,2418,4014,107249405,0,0,0
eb2207,20220218,20220218,112938000,11:29:38,8887,2418,4014,107249405,0,0,0
eb2207,20220218,20220218,112938500,11:29:39,8887,2418,4014,107249405,0,0,0
eb2207,20220218,20220218,112939000,11:29:39,8887,2418,4014,107249405,0,0,0
eb2207,20220218,20220218,112939500,11:29:40,8887,2418,4014,107249405,0,0,0
eb2207,20220218,20220218,112940000,11:29:40,8887,2418,4014,107249405,0,0,0
eb2207,20220218,20220218,112940500,11:29:40,8887,2418,4014,107249405,0,0,0
eb2207,20220218,20220218,112941000,11:29:41,8887,2418,4014,107249405,0,0,0
eb2207,20220218,20220218,112941500,11:29:42,8887,2418,4014,107249405,0,0,0
eb2207,20220218,20220218,112942000,11:29:44,8887,2418,4014,107249405,0,0,0
eb2207,20220218,20220218,112942500,11:29:44,8887,2418,4014,107249405,0,0,0
eb2207,20220218,20220218,112943000,11:29:45,8887,2418,4014,107249405,0,0,0
eb2207,20220218,20220218,112943500,11:29:45,8887,2418,4014,107249405,0,0,0
eb2207,20220218,20220218,112944500,11:29:45,8887,2418,4014,107249405,0,0,0
eb2207,20220218,20220218,112945000,11:29:46,8887,2418,4014,107249405,0,0,0
eb2207,20220218,20220218,112945500,11:29:46,8887,2418,4014,107249405,0,0,0
eb2207,20220218,20220218,112946000,11:29:47,8887,2418,4014,107249405,0,0,0
eb2207,20220218,20220218,112946500,11:29:47,8887,2418,4014,107249405,0,0,0
eb2207,20220218,20220218,112947000,11:29:47,8887,2418,4014,107249405,0,0,0
eb2207,20220218,20220218,112947500,11:29:48,8887,2418,4014,107249405,0,0,0
eb2207,20220218,20220218,112948000,11:29:49,8887,2418,4014,107249405,0,0,0
eb2207,20220218,20220218,112948500,11:29:50,8887,2418,4014,107249405,0,0,0
eb2207,20220218,20220218,112949000,11:29:50,8887,2418,4014,107249405,0,0,0
eb2207,20220218,20220218,112949500,11:29:51,8887,2418,4014,107249405,0,0,0
eb2207,20220218,20220218,112950000,11:29:51,8887,2418,4014,107249405,0,0,0
eb2207,20220218,20220218,112950500,11:29:52,8887,2418,4014,107249405,0,0,0
eb2207,20220218,20220218,133007000,13:30:10,8887,2418,4014,107249405,0,0,0
eb2207,20220218,20220218,133009000,13:30:10,8887,2418,4014,107249405,0,0,0
eb2207,20220218,20220218,133010000,13:30:11,8887,2418,4014,107249405,0,0,0
eb2207,20220218,20220218,133010500,13:30:12,8887,2418,4014,107249405,0,0,0
eb2207,20220218,20220218,133012500,13:30:13,8887,2418,4014,107249405,0,0,0
eb2207,20220218,20220218,133013500,13:30:14,8887,2418,4014,107249405,0,0,0
eb2207,20220218,20220218,133014000,13:30:16,8887,2418,4014,107249405,0,0,0
eb2207,20220218,20220218,133014500,13:30:17,8887,2418,4014,107249405,0,0,0
eb2207,20220218,20220218,133016500,13:30:18,8887,2418,4014,107249405,0,0,0
eb2207,20220218,20220218,133017000,13:30:18,8887,2418,4014,107249405,0,0,0
eb2207,20220218,20220218,133017500,13:30:19,8887,2418,4014,107249405,0,0,0
eb2207,20220218,20220218,133018000,13:30:19,8887,2418,4014,107249405,0,0,0
eb2207,20220218,20220218,133018500,13:30:20,8887,2418,4014,107249405,0,0,0
eb2207,20220218,20220218,133019000,13:30:20,8887,2418,4014,107249405,0,0,0
eb2207,20220218,20220218,133019500,13:30:21,8887,2418,4014,107249405,0,0,0
eb2207,20220218,20220218,133020500,13:30:21,8887,2418,4014,107249405,0,0,0
eb2207,20220218,20220218,133021000,13:30:21,8887,2418,4014,107249405,0,0,0
eb2207,20220218,20220218,133021500,13:30:22,8887,2418,4014,107249405,0,0,0
eb2207,20220218,20220218,133022000,13:30:38,8887,2418,4014,107249405,0,0,0
eb2207,20220218,20220218,133022500,13:30:38,8887,2418,4014,107249405,0,0,0
eb2207,20220218,20220218,133023000,13:30:39,8887,2418,4014,107249405,0,0,0
eb2207,20220218,20220218,133033500,13:30:40,8887,2418,4014,107249405,0,0,0
eb2207,20220218,20220218,133051500,13:30:52,8887,2418,4014,107249405,0,0,0
eb2207,20220218,20220218,133052000,13:30:53,8887,2418,4014,107249405,0,0,0
eb2207,20220218,20220218,133052500,13:30:54,8887,2418,4014,107249405,0,0,0
eb2207,20220218,20220218,133053000,13:30:54,8887,2418,4014,107249405,0,0,0
eb2207,20220218,20220218,133053500,13:30:54,8887,2418,4014,107249405,0,0,0
eb2207,20220218,20220218,133054000,13:30:55,8887,2418,4014,107249405,0,0,0
eb2207,20220218,20220218,133054500,13:30:55,8887,2418,4014,107249405,0,0,0
eb2207,20220218,20220218,133055000,13:30:56,8887,2418,4014,107249405,0,0,0
eb2207,20220218,20220218,133055500,13:30:56,8887,2418,4014,107249405,0,0,0
eb2207,20220218,20220218,133056000,13:30:57,8887,2418,4014,107249405,0,0,0
eb2207,20220218,20220218,133056500,13:30:57,8887,2418,4014,107249405,0,0,0
eb2207,20220218,20220218,133057000,13:30:58,8887,2418,4014,107249405,0,0,0
eb2207,20220218,20220218,133057500,13:30:58,8887,2418,4014,107249405,0,0,0
eb2207,20220218,20220218,133058000,13:30:59,8887,2418,4014,107249405,0,0,0
eb2207,20220218,20220218,133058500,13:30:59,8887,2418,4014,107249405,0,0,0
eb2207,20220218,20220218,133059000,13:30:59,8887,2418,4014,107249405,0,0,0
eb2207,20220218,20220218,133059500,13:31:00,8887,2418,4014,107249405,0,0,0
eb2207,20220218,20220218,133100000,13:31:00,8887,2418,4014,107249405,0,0,0
eb2207,20220218,20220218,133100500,13:31:01,8887,2418,4014,107249405,0,0,0
eb2207,20220218,20220218,133101000,13:31:01,8887,2418,4014,107249405,0,0,0
eb2207,20220218,20220218,133101500,13:31:01,8887,2418,4014,107249405,0,0,0
eb2207,20220218,20220218,133102000,13:31:02,8887,2418,4014,107249405,0,0,0
eb2207,20220218,20220218,133102500,13:31:03,8887,2418,4014,107249405,0,0,0
eb2207,20220218,20220218,133103000,13:31:03,8887,2418,4014,107249405,0,0,0
eb2207,20220218,20220218,133103500,13:31:05,8887,2418,4014,107249405,0,0,0
eb2207,20220218,20220218,133104000,13:31:06,8887,2418,4014,107249405,0,0,0
eb2207,20220218,20220218,133104500,13:31:07,8891,2420,4013,107338310,2,-1,88905
eb2207,20220218,20220218,133105500,13:31:08,8891,2420,4013,107338310,0,0,0
eb2207,20220218,20220218,133107000,13:31:08,8891,2420,4013,107338310,0,0,0
eb2207,20220218,20220218,133112500,13:31:13,8891,2420,4013,107338310,0,0,0
eb2207,20220218,20220218,133113000,13:31:14,8891,2420,4013,107338310,0,0,0
eb2207,20220218,20220218,133114500,13:31:15,8891,2420,4013,107338310,0,0,0
eb2207,20220218,20220218,133119000,13:31:20,8891,2420,4013,107338310,0,0,0
eb2207,20220218,20220218,133119500,13:31:20,8891,2420,4013,107338310,0,0,0
eb2207,20220218,20220218,133120500,13:31:21,8889,2423,4013,107471665,3,0,133355
eb2207,20220218,20220218,133121000,13:31:21,8889,2423,4013,107471665,0,0,0
eb2207,20220218,20220218,133121500,13:31:22,8883,2424,4013,107516080,1,0,44415
eb2207,20220218,20220218,133122000,13:31:23,8883,2424,4013,107516080,0,0,0
eb2207,20220218,20220218,133122500,13:31:25,8883,2424,4013,107516080,0,0,0
eb2207,20220218,20220218,133123000,13:31:25,8887,2425,4013,107560515,1,0,44435
eb2207,20220218,20220218,133123500,13:31:25,8887,2425,4013,107560515,0,0,0
eb2207,20220218,20220218,133124500,13:31:25,8887,2426,4013,107604950,1,0,44435
eb2207,20220218,20220218,133157500,13:31:57,8887,2426,4013,107604950,0,0,0
eb2207,20220218,20220218,133158500,13:31:58,8887,2426,4013,107604950,0,0,0
eb2207,20220218,20220218,133159000,13:31:59,8887,2426,4013,107604950,0,0,0
eb2207,20220218,20220218,133159500,13:32:00,8888,2427,4014,107649390,1,1,44440
eb2207,20220218,20220218,133200500,13:32:01,8888,2427,4014,107649390,0,0,0
eb2207,20220218,20220218,133201000,13:32:01,8888,2427,4014,107649390,0,0,0
eb2207,20220218,20220218,133201500,13:32:01,8888,2427,4014,107649390,0,0,0
eb2207,20220218,20220218,133202000,13:32:03,8888,2427,4014,107649390,0,0,0
eb2207,20220218,20220218,133202500,13:32:04,8888,2427,4014,107649390,0,0,0
eb2207,20220218,20220218,133203000,13:32:05,8888,2427,4014,107649390,0,0,0
eb2207,20220218,20220218,133203500,13:32:05,8888,2427,4014,107649390,0,0,0
eb2207,20220218,20220218,133205000,13:32:06,8888,2427,4014,107649390,0,0,0
eb2207,20220218,20220218,133205500,13:32:06,8888,2427,4014,107649390,0,0,0
eb2207,20220218,20220218,133206000,13:32:07,8888,2427,4014,107649390,0,0,0
eb2207,20220218,20220218,133206500,13:32:07,8888,2427,4014,107649390,0,0,0
eb2207,20220218,20220218,133207000,13:32:07,8888,2427,4014,107649390,0,0,0
eb2207,20220218,20220218,133207500,13:32:07,8888,2427,4014,107649390,0,0,0
eb2207,20220218,20220218,133208000,13:32:09,8888,2427,4014,107649390,0,0,0
eb2207,20220218,20220218,133208500,13:32:10,8888,2427,4014,107649390,0,0,0
eb2207,20220218,20220218,133209000,13:32:10,8888,2427,4014,107649390,0,0,0
eb2207,20220218,20220218,133209500,13:32:10,8890,2434,4013,107960570,7,-1,311180
eb2207,20220218,20220218,133210000,13:32:13,8888,2435,4013,108005010,1,0,44440
eb2207,20220218,20220218,133211500,13:32:15,8888,2435,4013,108005010,0,0,0
eb2207,20220218,20220218,133214000,13:32:15,8888,2435,4013,108005010,0,0,0
eb2207,20220218,20220218,133214500,13:32:16,8888,2435,4013,108005010,0,0,0
eb2207,20220218,20220218,133215500,13:32:17,8888,2435,4013,108005010,0,0,0
eb2207,20220218,20220218,133216000,13:32:17,8888,2435,4013,108005010,0,0,0
eb2207,20220218,20220218,133216500,13:32:17,8888,2435,4013,108005010,0,0,0
eb2207,20220218,20220218,133217000,13:32:18,8888,2435,4013,108005010,0,0,0
eb2207,20220218,20220218,133217500,13:32:18,8890,2437,4012,108093910,2,-1,88900
eb2207,20220218,20220218,133218000,13:32:18,8890,2437,4012,108093910,0,0,0
eb2207,20220218,20220218,133218500,13:32:19,8890,2437,4012,108093910,0,0,0
eb2207,20220218,20220218,133219000,13:32:20,8890,2437,4012,108093910,0,0,0
eb2207,20220218,20220218,133219500,13:32:20,8890,2437,4012,108093910,0,0,0
eb2207,20220218,20220218,133220000,13:32:21,8890,2437,4012,108093910,0,0,0
eb2207,20220218,20220218,133220500,13:32:21,8890,2437,4012,108093910,0,0,0
eb2207,20220218,20220218,133221000,13:32:22,8890,2437,4012,108093910,0,0,0
eb2207,20220218,20220218,133221500,13:32:22,8890,2437,4012,108093910,0,0,0
eb2207,20220218,20220218,133222000,13:32:23,8890,2437,4012,108093910,0,0,0
eb2207,20220218,20220218,133222500,13:32:24,8891,2438,4012,108138365,1,0,44455
eb2207,20220218,20220218,133223500,13:32:24,8891,2438,4012,108138365,0,0,0
eb2207,20220218,20220218,133224500,13:32:25,8891,2438,4012,108138365,0,0,0
eb2207,20220218,20220218,133225000,13:32:25,8891,2439,4012,108182820,1,0,44455
eb2207,20220218,20220218,133225500,13:32:26,8891,2439,4012,108182820,0,0,0
eb2207,20220218,20220218,133226000,13:32:27,8891,2439,4012,108182820,0,0,0
eb2207,20220218,20220218,133226500,13:32:27,8891,2439,4012,108182820,0,0,0
eb2207,20220218,20220218,133227000,13:32:27,8891,2439,4012,108182820,0,0,0
eb2207,20220218,20220218,133227500,13:32:32,8891,2439,4012,108182820,0,0,0
eb2207,20220218,20220218,133228000,13:32:32,8891,2439,4012,108182820,0,0,0
eb2207,20220218,20220218,133228500,13:32:33,8891,2439,4012,108182820,0,0,0
eb2207,20220218,20220218,133229000,13:32:33,8891,2439,4012,108182820,0,0,0
eb2207,20220218,20220218,133232000,13:32:35,8891,2439,4012,108182820,0,0,0
eb2207,20220218,20220218,133234500,13:32:35,8891,2439,4012,108182820,0,0,0
eb2207,20220218,20220218,133235000,13:32:36,8891,2439,4012,108182820,0,0,0
eb2207,20220218,20220218,133235500,13:32:36,8891,2439,4012,108182820,0,0,0
eb2207,20220218,20220218,133236000,13:32:37,8891,2439,4012,108182820,0,0,0
eb2207,20220218,20220218,133237500,13:32:38,8894,2444,4011,108405175,5,-1,222355
eb2207,20220218,20220218,133240000,13:32:40,8894,2444,4011,108405175,0,0,0
eb2207,20220218,20220218,133240500,13:32:41,8894,2444,4011,108405175,0,0,0
eb2207,20220218,20220218,133241000,13:32:41,8894,2444,4011,108405175,0,0,0
eb2207,20220218,20220218,133241500,13:32:42,8894,2444,4011,108405175,0,0,0
eb2207,20220218,20220218,133242000,13:32:42,8894,2444,4011,108405175,0,0,0
eb2207,20220218,20220218,133242500,13:32:42,8894,2444,4011,108405175,0,0,0
eb2207,20220218,20220218,133243000,13:32:43,8894,2444,4011,108405175,0,0,0
eb2207,20220218,20220218,133243500,13:32:44,8894,2444,4011,108405175,0,0,0
eb2207,20220218,20220218,133245000,13:32:45,8894,2444,4011,108405175,0,0,0
eb2207,20220218,20220218,133245500,13:32:45,8894,2444,4011,108405175,0,0,0
eb2207,20220218,20220218,133246000,13:32:47,8894,2444,4011,108405175,0,0,0
eb2207,20220218,20220218,133246500,13:32:47,8894,2444,4011,108405175,0,0,0
eb2207,20220218,20220218,133247000,13:32:47,8893,2446,4011,108494105,2,0,88930
eb2207,20220218,20220218,133247500,13:32:48,8893,2446,4011,108494105,0,0,0
eb2207,20220218,20220218,133248000,13:32:49,8893,2446,4011,108494105,0,0,0
eb2207,20220218,20220218,133248500,13:32:49,8893,2446,4011,108494105,0,0,0
eb2207,20220218,20220218,133249000,13:32:49,8893,2446,4011,108494105,0,0,0
eb2207,20220218,20220218,133251500,13:32:53,8893,2446,4011,108494105,0,0,0
eb2207,20220218,20220218,133252500,13:32:53,8893,2446,4011,108494105,0,0,0
eb2207,20220218,20220218,133254500,13:32:55,8893,2447,4011,108538570,1,0,44465
eb2207,20220218,20220218,133255000,13:32:55,8893,2447,4011,108538570,0,0,0
eb2207,20220218,20220218,133255500,13:32:55,8893,2447,4011,108538570,0,0,0
eb2207,20220218,20220218,133256000,13:32:56,8893,2447,4011,108538570,0,0,0
eb2207,20220218,20220218,133256500,13:32:57,8893,2447,4011,108538570,0,0,0
eb2207,20220218,20220218,133257000,13:32:59,8893,2447,4011,108538570,0,0,0
eb2207,20220218,20220218,133257500,13:33:00,8893,2447,4011,108538570,0,0,0
eb2207,20220218,20220218,133258000,13:33:00,8893,2447,4011,108538570,0,0,0
eb2207,20220218,20220218,133259500,13:33:01,8893,2447,4011,108538570,0,0,0
eb2207,20220218,20220218,133300000,13:33:01,8893,2447,4011,108538570,0,0,0
eb2207,20220218,20220218,133300500,13:33:01,8893,2447,4011,108538570,0,0,0
eb2207,20220218,20220218,133301000,13:33:02,8893,2447,4011,108538570,0,0,0
eb2207,20220218,20220218,133301500,13:33:02,8893,2447,4011,108538570,0,0,0
eb2207,20220218,20220218,133302000,13:33:03,8893,2447,4011,108538570,0,0,0
eb2207,20220218,20220218,133302500,13:33:03,8893,2447,4011,108538570,0,0,0
eb2207,20220218,20220218,133303000,13:33:04,8893,2447,4011,108538570,0,0,0
eb2207,20220218,20220218,133305000,13:33:05,8893,2447,4011,108538570,0,0,0
eb2207,20220218,20220218,133305500,13:33:06,8893,2447,4011,108538570,0,0,0
eb2207,20220218,20220218,133306000,13:33:06,8893,2447,4011,108538570,0,0,0
eb2207,20220218,20220218,133306500,13:33:06,8893,2447,4011,108538570,0,0,0
eb2207,20220218,20220218,133307000,13:33:07,8893,2447,4011,108538570,0,0,0
eb2207,20220218,20220218,133307500,13:33:08,8893,2447,4011,108538570,0,0,0
eb2207,20220218,20220218,133308000,13:33:08,8893,2447,4011,108538570,0,0,0
eb2207,20220218,20220218,133308500,13:33:09,8893,2447,4011,108538570,0,0,0
eb2207,20220218,20220218,133309000,13:33:10,8893,2447,4011,108538570,0,0,0
eb2207,20220218,20220218,133309500,13:33:11,8893,2447,4011,108538570,0,0,0
eb2207,20220218,20220218,133310000,13:33:11,8893,2447,4011,108538570,0,0,0
eb2207,20220218,20220218,133311000,13:33:13,8893,2447,4011,108538570,0,0,0
eb2207,20220218,20220218,133311500,13:33:14,8898,2448,4011,108583060,1,0,44490
eb2207,20220218,20220218,133312000,13:33:14,8898,2448,4011,108583060,0,0,0
eb2207,20220218,20220218,133313500,13:33:15,8898,2448,4011,108583060,0,0,0
eb2207,20220218,20220218,133314000,13:33:17,8898,2448,4011,108583060,0,0,0
eb2207,20220218,20220218,133314500,13:33:18,8898,2448,4011,108583060,0,0,0
eb2207,20220218,20220218,133316500,13:33:18,8898,2448,4011,108583060,0,0,0
eb2207,20220218,20220218,133319500,13:33:21,8898,2448,4011,108583060,0,0,0
eb2207,20220218,20220218,133320000,13:33:21,8898,2448,4011,108583060,0,0,0
eb2207,20220218,20220218,133320500,13:33:22,8898,2448,4011,108583060,0,0,0
eb2207,20220218,20220218,133321000,13:33:22,8898,2448,4011,108583060,0,0,0
eb2207,20220218,20220218,133321500,13:33:22,8898,2448,4011,108583060,0,0,0
eb2207,20220218,20220218,133322000,13:33:22,8898,2448,4011,108583060,0,0,0
eb2207,20220218,20220218,133322500,13:33:22,8898,2448,4011,108583060,0,0,0
eb2207,20220218,20220218,133323000,13:33:23,8898,2448,4011,108583060,0,0,0
eb2207,20220218,20220218,133323500,13:33:24,8898,2448,4011,108583060,0,0,0
eb2207,20220218,20220218,133324000,13:33:24,8898,2448,4011,108583060,0,0,0
eb2207,20220218,20220218,133324500,13:33:25,8898,2449,4012,108627550,1,1,44490
eb2207,20220218,20220218,133325000,13:33:26,8898,2449,4012,108627550,0,0,0
eb2207,20220218,20220218,133325500,13:33:27,8898,2449,4012,108627550,0,0,0
eb2207,20220218,20220218,133326000,13:33:28,8898,2449,4012,108627550,0,0,0
eb2207,20220218,20220218,133326500,13:33:29,8898,2449,4012,108627550,0,0,0
eb2207,20220218,20220218,133327000,13:33:29,8898,2449,4012,108627550,0,0,0
eb2207,20220218,20220218,133328500,13:33:30,8898,2449,4012,108627550,0,0,0
eb2207,20220218,20220218,133329500,13:33:30,8898,2449,4012,108627550,0,0,0
eb2207,20220218,20220218,133330000,13:33:30,8898,2449,4012,108627550,0,0,0
eb2207,20220218,20220218,133330500,13:33:31,8898,2449,4012,108627550,0,0,0
eb2207,20220218,20220218,133331000,13:33:32,8898,2449,4012,108627550,0,0,0
eb2207,20220218,20220218,133331500,13:33:32,8898,2449,4012,108627550,0,0,0
eb2207,20220218,20220218,133332000,13:33:32,8898,2449,4012,108627550,0,0,0
eb2207,20220218,20220218,133332500,13:33:33,8898,2449,4012,108627550,0,0,0
eb2207,20220218,20220218,133333000,13:33:33,8898,2449,4012,108627550,0,0,0
eb2207,20220218,20220218,133333500,13:33:34,8898,2449,4012,108627550,0,0,0
eb2207,20220218,20220218,133334000,13:33:34,8898,2449,4012,108627550,0,0,0
eb2207,20220218,20220218,133334500,13:33:34,8898,2449,4012,108627550,0,0,0
eb2207,20220218,20220218,133335000,13:33:35,8898,2449,4012,108627550,0,0,0
eb2207,20220218,20220218,133335500,13:33:35,8898,2449,4012,108627550,0,0,0
eb2207,20220218,20220218,133336000,13:33:36,8898,2449,4012,108627550,0,0,0
eb2207,20220218,20220218,133336500,13:33:36,8898,2449,4012,108627550,0,0,0
eb2207,20220218,20220218,133337000,13:33:37,8898,2449,4012,108627550,0,0,0
eb2207,20220218,20220218,133337500,13:33:37,8898,2449,4012,108627550,0,0,0
eb2207,20220218,20220218,133338000,13:33:38,8898,2449,4012,108627550,0,0,0
eb2207,20220218,20220218,133338500,13:33:39,8898,2449,4012,108627550,0,0,0
eb2207,20220218,20220218,133339000,13:33:39,8898,2449,4012,108627550,0,0,0
eb2207,20220218,20220218,133339500,13:33:40,8898,2449,4012,108627550,0,0,0
eb2207,20220218,20220218,133340000,13:33:40,8898,2449,4012,108627550,0,0,0
eb2207,20220218,20220218,133340500,13:33:41,8898,2449,4012,108627550,0,0,0
eb2207,20220218,20220218,133341000,13:33:41,8898,2449,4012,108627550,0,0,0
eb2207,20220218,20220218,133341500,13:33:42,8898,2449,4012,108627550,0,0,0
eb2207,20220218,20220218,133342000,13:33:42,8898,2449,4012,108627550,0,0,0
eb2207,20220218,20220218,133342500,13:33:42,8898,2449,4012,108627550,0,0,0
eb2207,20220218,20220218,133343000,13:33:43,8898,2449,4012,108627550,0,0,0
eb2207,20220218,20220218,133343500,13:33:44,8898,2449,4012,108627550,0,0,0
eb2207,20220218,20220218,133344000,13:33:45,8898,2449,4012,108627550,0,0,0
eb2207,20220218,20220218,133344500,13:33:45,8898,2449,4012,108627550,0,0,0
eb2207,20220218,20220218,133345000,13:33:45,8898,2449,4012,108627550,0,0,0
eb2207,20220218,20220218,133345500,13:33:47,8898,2449,4012,108627550,0,0,0
eb2207,20220218,20220218,133346000,13:33:48,8898,2449,4012,108627550,0,0,0
eb2207,20220218,20220218,133346500,13:33:48,8898,2449,4012,108627550,0,0,0
eb2207,20220218,20220218,133347000,13:33:49,8898,2449,4012,108627550,0,0,0
eb2207,20220218,20220218,133347500,13:33:49,8898,2449,4012,108627550,0,0,0
eb2207,20220218,20220218,133348000,13:33:49,8898,2449,4012,108627550,0,0,0
eb2207,20220218,20220218,133348500,13:33:50,8898,2449,4012,108627550,0,0,0
eb2207,20220218,20220218,133349000,13:33:50,8898,2449,4012,108627550,0,0,0
eb2207,20220218,20220218,133349500,13:33:50,8898,2449,4012,108627550,0,0,0
eb2207,20220218,20220218,133350000,13:33:50,8898,2449,4012,108627550,0,0,0
eb2207,20220218,20220218,133350500,13:33:50,8898,2449,4012,108627550,0,0,0
eb2207,20220218,20220218,133351000,13:33:51,8898,2449,4012,108627550,0,0,0
eb2207,20220218,20220218,133351500,13:33:52,8901,2450,4012,108672055,1,0,44505
eb2207,20220218,20220218,133352000,13:33:52,8901,2450,4012,108672055,0,0,0
eb2207,20220218,20220218,133352500,13:33:53,8901,2450,4012,108672055,0,0,0
eb2207,20220218,20220218,133353000,13:33:53,8901,2450,4012,108672055,0,0,0
eb2207,20220218,20220218,133353500,13:33:53,8901,2450,4012,108672055,0,0,0
eb2207,20220218,20220218,133354000,13:33:54,8901,2450,4012,108672055,0,0,0
eb2207,20220218,20220218,133354500,13:33:55,8901,2450,4012,108672055,0,0,0
eb2207,20220218,20220218,133355000,13:33:56,8901,2450,4012,108672055,0,0,0
eb2207,20220218,20220218,133356000,13:33:57,8901,2450,4012,108672055,0,0,0
eb2207,20220218,20220218,133356500,13:33:57,8900,2454,4014,108850070,4,2,178015
eb2207,20220218,20220218,133357000,13:33:58,8900,2454,4014,108850070,0,0,0
eb2207,20220218,20220218,133357500,13:33:58,8900,2455,4014,108894570,1,0,44500
eb2207,20220218,20220218,133358000,13:33:58,8901,2456,4013,108939075,1,-1,44505
eb2207,20220218,20220218,133358500,13:33:59,8901,2456,4013,108939075,0,0,0
eb2207,20220218,20220218,133359000,13:33:59,8901,2456,4013,108939075,0,0,0
eb2207,20220218,20220218,133359500,13:34:00,8901,2456,4013,108939075,0,0,0
eb2207,20220218,20220218,133400000,13:34:00,8901,2456,4013,108939075,0,0,0
eb2207,20220218,20220218,133400500,13:34:01,8901,2456,4013,108939075,0,0,0
eb2207,20220218,20220218,133401000,13:34:02,8901,2456,4013,108939075,0,0,0
eb2207,20220218,20220218,133401500,13:34:02,8901,2456,4013,108939075,0,0,0
eb2207,20220218,20220218,133402000,13:34:10,8901,2456,4013,108939075,0,0,0
eb2207,20220218,20220218,133402500,13:34:10,8901,2456,4013,108939075,0,0,0
eb2207,20220218,20220218,133403000,13:34:11,8901,2456,4013,108939075,0,0,0
eb2207,20220218,20220218,133410000,13:34:12,8901,2456,4013,108939075,0,0,0
eb2207,20220218,20220218,133410500,13:34:12,8901,2456,4013,108939075,0,0,0
eb2207,20220218,20220218,133411500,13:34:12,8901,2456,4013,108939075,0,0,0
eb2207,20220218,20220218,133412000,13:34:13,8901,2456,4013,108939075,0,0,0
eb2207,20220218,20220218,133412500,13:34:13,8901,2456,4013,108939075,0,0,0
eb2207,20220218,20220218,133413000,13:34:14,8901,2456,4013,108939075,0,0,0
eb2207,20220218,20220218,133413500,13:34:14,8901,2456,4013,108939075,0,0,0
eb2207,20220218,20220218,133414000,13:34:14,8901,2456,4013,108939075,0,0,0
eb2207,20220218,20220218,133414500,13:34:15,8901,2456,4013,108939075,0,0,0
eb2207,20220218,20220218,133415000,13:34:15,8901,2456,4013,108939075,0,0,0
eb2207,20220218,20220218,133415500,13:34:16,8901,2456,4013,108939075,0,0,0
eb2207,20220218,20220218,133416000,13:34:16,8901,2456,4013,108939075,0,0,0
eb2207,20220218,20220218,133416500,13:34:17,8901,2456,4013,108939075,0,0,0
eb2207,20220218,20220218,133418000,13:34:18,8901,2456,4013,108939075,0,0,0
eb2207,20220218,20220218,133418500,13:34:19,8901,2456,4013,108939075,0,0,0
eb2207,20220218,20220218,133419000,13:34:19,8901,2456,4013,108939075,0,0,0
eb2207,20220218,20220218,133420000,13:34:20,8901,2456,4013,108939075,0,0,0
eb2207,20220218,20220218,133420500,13:34:23,8901,2456,4013,108939075,0,0,0
eb2207,20220218,20220218,133424500,13:34:24,8901,2456,4013,108939075,0,0,0
eb2207,20220218,20220218,133425500,13:34:26,8901,2456,4013,108939075,0,0,0
eb2207,20220218,20220218,133426000,13:34:26,8901,2456,4013,108939075,0,0,0
eb2207,20220218,20220218,133426500,13:34:26,8901,2456,4013,108939075,0,0,0
eb2207,20220218,20220218,133427000,13:34:27,8901,2456,4013,108939075,0,0,0
eb2207,20220218,20220218,133427500,13:34:28,8901,2456,4013,108939075,0,0,0
eb2207,20220218,20220218,133428000,13:34:28,8901,2456,4013,108939075,0,0,0
eb2207,20220218,20220218,133428500,13:34:29,8901,2456,4013,108939075,0,0,0
eb2207,20220218,20220218,133432000,13:34:32,8901,2456,4013,108939075,0,0,0
eb2207,20220218,20220218,133432500,13:34:32,8901,2456,4013,108939075,0,0,0
eb2207,20220218,20220218,133433000,13:34:34,8901,2456,4013,108939075,0,0,0
eb2207,20220218,20220218,133433500,13:34:34,8901,2456,4013,108939075,0,0,0
eb2207,20220218,20220218,133434000,13:34:34,8901,2456,4013,108939075,0,0,0
eb2207,20220218,20220218,133434500,13:34:35,8901,2456,4013,108939075,0,0,0
eb2207,20220218,20220218,133435000,13:34:35,8901,2456,4013,108939075,0,0,0
eb2207,20220218,20220218,133435500,13:34:36,8901,2456,4013,108939075,0,0,0
eb2207,20220218,20220218,133436000,13:34:36,8901,2456,4013,108939075,0,0,0
eb2207,20220218,20220218,133436500,13:34:36,8901,2456,4013,108939075,0,0,0
eb2207,20220218,20220218,133438000,13:34:38,8901,2456,4013,108939075,0,0,0
eb2207,20220218,20220218,133438500,13:34:39,8901,2456,4013,108939075,0,0,0
eb2207,20220218,20220218,133439000,13:34:39,8901,2456,4013,108939075,0,0,0
eb2207,20220218,20220218,133439500,13:34:40,8900,2458,4014,109028075,2,1,89000
eb2207,20220218,20220218,133440500,13:34:41,8900,2458,4014,109028075,0,0,0
eb2207,20220218,20220218,133441500,13:34:43,8900,2458,4014,109028075,0,0,0
eb2207,20220218,20220218,133442000,13:34:44,8900,2458,4014,109028075,0,0,0
eb2207,20220218,20220218,133442500,13:34:44,8900,2458,4014,109028075,0,0,0
eb2207,20220218,20220218,133443000,13:34:45,8900,2458,4014,109028075,0,0,0
eb2207,20220218,20220218,133443500,13:34:45,8900,2458,4014,109028075,0,0,0
eb2207,20220218,20220218,133445000,13:34:46,8900,2458,4014,109028075,0,0,0
eb2207,20220218,20220218,133446000,13:34:46,8900,2458,4014,109028075,0,0,0
eb2207,20220218,20220218,133446500,13:34:47,8900,2458,4014,109028075,0,0,0
eb2207,20220218,20220218,133447000,13:34:47,8900,2458,4014,109028075,0,0,0
eb2207,20220218,20220218,133447500,13:34:48,8900,2458,4014,109028075,0,0,0
eb2207,20220218,20220218,133450500,13:34:51,8900,2458,4014,109028075,0,0,0
eb2207,20220218,20220218,133451000,13:34:51,8900,2458,4014,109028075,0,0,0
eb2207,20220218,20220218,133453000,13:34:53,8900,2458,4014,109028075,0,0,0
eb2207,20220218,20220218,133453500,13:34:56,8900,2458,4014,109028075,0,0,0
eb2207,20220218,20220218,133454000,13:34:56,8900,2458,4014,109028075,0,0,0
eb2207,20220218,20220218,133455500,13:34:56,8900,2458,4014,109028075,0,0,0
eb2207,20220218,20220218,133458000,13:34:58,8900,2458,4014,109028075,0,0,0
eb2207,20220218,20220218,133458500,13:34:59,8900,2458,4014,109028075,0,0,0
eb2207,20220218,20220218,133504500,13:35:10,8900,2458,4014,109028075,0,0,0
eb2207,20220218,20220218,133509000,13:35:10,8900,2458,4014,109028075,0,0,0
eb2207,20220218,20220218,133511500,13:35:12,8900,2458,4014,109028075,0,0,0
eb2207,20220218,20220218,133512000,13:35:13,8900,2458,4014,109028075,0,0,0
eb2207,20220218,20220218,133512500,13:35:13,8900,2458,4014,109028075,0,0,0
eb2207,20220218,20220218,133513000,13:35:13,8900,2458,4014,109028075,0,0,0
eb2207,20220218,20220218,133513500,13:35:14,8900,2458,4014,109028075,0,0,0
eb2207,20220218,20220218,133514000,13:35:14,8894,2461,4016,109161500,3,2,133425
eb2207,20220218,20220218,133514500,13:35:15,8893,2462,4017,109205965,1,1,44465
eb2207,20220218,20220218,133515000,13:35:15,8893,2462,4017,109205965,0,0,0
eb2207,20220218,20220218,133515500,13:35:16,8893,2462,4017,109205965,0,0,0
eb2207,20220218,20220218,133516000,13:35:16,8893,2462,4017,109205965,0,0,0
eb2207,20220218,20220218,133516500,13:35:17,8893,2462,4017,109205965,0,0,0
eb2207,20220218,20220218,133517000,13:35:17,8894,2466,4015,109383845,4,-2,177880
eb2207,20220218,20220218,133517500,13:35:18,8894,2467,4015,109428315,1,0,44470
eb2207,20220218,20220218,133518000,13:35:19,8894,2467,4015,109428315,0,0,0
eb2207,20220218,20220218,133519000,13:35:19,8894,2467,4015,109428315,0,0,0
eb2207,20220218,20220218,133519500,13:35:20,8894,2467,4015,109428315,0,0,0
eb2207,20220218,20220218,133520500,13:35:21,8894,2468,4015,109472785,1,0,44470
eb2207,20220218,20220218,133521000,13:35:21,8894,2468,4015,109472785,0,0,0
eb2207,20220218,20220218,133521500,13:35:22,8894,2468,4015,109472785,0,0,0
eb2207,20220218,20220218,133522000,13:35:22,8894,2468,4015,109472785,0,0,0
eb2207,20220218,20220218,133522500,13:35:23,8894,2468,4015,109472785,0,0,0
eb2207,20220218,20220218,133523000,13:35:23,8894,2468,4015,109472785,0,0,0
eb2207,20220218,20220218,133523500,13:35:23,8894,2468,4015,109472785,0,0,0
eb2207,20220218,20220218,133524000,13:35:25,8894,2468,4015,109472785,0,0,0
eb2207,20220218,20220218,133524500,13:35:25,8894,2468,4015,109472785,0,0,0
eb2207,20220218,20220218,133525000,13:35:26,8894,2468,4015,109472785,0,0,0
eb2207,20220218,20220218,133528000,13:35:32,8894,2468,4015,109472785,0,0,0
eb2207,20220218,20220218,133529000,13:35:33,8894,2468,4015,109472785,0,0,0
eb2207,20220218,20220218,133532000,13:35:42,8894,2468,4015,109472785,0,0,0
eb2207,20220218,20220218,133540500,13:35:43,8894,2468,4015,109472785,0,0,0
eb2207,20220218,20220218,133545500,13:35:46,8897,2471,4016,109606240,3,1,133455
eb2207,20220218,20220218,133546000,13:35:46,8897,2474,4015,109739695,3,-1,133455
eb2207,20220218,20220218,133546500,13:35:46,8897,2474,4015,109739695,0,0,0
eb2207,20220218,20220218,133547000,13:35:47,8897,2474,4015,109739695,0,0,0
eb2207,20220218,20220218,133547500,13:35:48,8897,2474,4015,109739695,0,0,0
eb2207,20220218,20220218,133548000,13:35:48,8897,2474,4015,109739695,0,0,0
eb2207,20220218,20220218,133548500,13:35:49,8897,2474,4015,109739695,0,0,0
eb2207,20220218,20220218,133550500,13:35:51,8897,2474,4015,109739695,0,0,0
eb2207,20220218,20220218,133551000,13:35:51,8897,2474,4015,109739695,0,0,0
eb2207,20220218,20220218,133551500,13:35:52,8897,2474,4015,109739695,0,0,0
eb2207,20220218,20220218,133552000,13:35:52,8897,2474,4015,109739695,0,0,0
eb2207,20220218,20220218,133552500,13:35:53,8897,2474,4015,109739695,0,0,0
eb2207,20220218,20220218,133553000,13:35:55,8897,2474,4015,109739695,0,0,0
eb2207,20220218,20220218,133553500,13:35:55,8897,2474,4015,109739695,0,0,0
eb2207,20220218,20220218,133601500,13:36:03,8897,2474,4015,109739695,0,0,0
eb2207,20220218,20220218,133602000,13:36:03,8897,2474,4015,109739695,0,0,0
eb2207,20220218,20220218,133603500,13:36:05,8897,2474,4015,109739695,0,0,0
eb2207,20220218,20220218,133605000,13:36:06,8897,2474,4015,109739695,0,0,0
eb2207,20220218,20220218,133607000,13:36:08,8897,2474,4015,109739695,0,0,0
eb2207,20220218,20220218,133607500,13:36:08,8897,2474,4015,109739695,0,0,0
eb2207,20220218,20220218,133608000,13:36:08,8897,2474,4015,109739695,0,0,0
eb2207,20220218,20220218,133608500,13:36:09,8897,2474,4015,109739695,0,0,0
eb2207,20220218,20220218,133609000,13:36:10,8897,2474,4015,109739695,0,0,0
eb2207,20220218,20220218,133611500,13:36:12,8897,2474,4015,109739695,0,0,0
eb2207,20220218,20220218,133612000,13:36:12,8897,2474,4015,109739695,0,0,0
eb2207,20220218,20220218,133612500,13:36:12,8897,2474,4015,109739695,0,0,0
eb2207,20220218,20220218,133613000,13:36:13,8897,2474,4015,109739695,0,0,0
eb2207,20220218,20220218,133613500,13:36:14,8897,2474,4015,109739695,0,0,0
eb2207,20220218,20220218,133614000,13:36:14,8897,2474,4015,109739695,0,0,0
eb2207,20220218,20220218,133614500,13:36:14,8897,2474,4015,109739695,0,0,0
eb2207,20220218,20220218,133615000,13:36:15,8897,2474,4015,109739695,0,0,0
eb2207,20220218,20220218,133615500,13:36:16,8897,2474,4015,109739695,0,0,0
eb2207,20220218,20220218,133616500,13:36:17,8897,2474,4015,109739695,0,0,0
eb2207,20220218,20220218,133617000,13:36:19,8897,2474,4015,109739695,0,0,0
eb2207,20220218,20220218,133617500,13:36:19,8897,2474,4015,109739695,0,0,0
eb2207,20220218,20220218,133618500,13:36:19,8897,2474,4015,109739695,0,0,0
eb2207,20220218,20220218,133619000,13:36:19,8897,2474,4015,109739695,0,0,0
eb2207,20220218,20220218,133621500,13:36:21,8897,2474,4015,109739695,0,0,0
eb2207,20220218,20220218,133622000,13:36:22,8897,2474,4015,109739695,0,0,0
eb2207,20220218,20220218,133623000,13:36:23,8897,2474,4015,109739695,0,0,0
eb2207,20220218,20220218,133623500,13:36:23,8897,2474,4015,109739695,0,0,0
eb2207,20220218,20220218,133624500,13:36:24,8897,2474,4015,109739695,0,0,0
eb2207,20220218,20220218,133625500,13:36:26,8897,2474,4015,109739695,0,0,0
eb2207,20220218,20220218,133629000,13:36:30,8897,2474,4015,109739695,0,0,0
eb2207,20220218,20220218,133629500,13:36:30,8900,2476,4013,109828695,2,-2,89000
eb2207,20220218,20220218,133630000,13:36:30,8900,2476,4013,109828695,0,0,0
eb2207,20220218,20220218,133630500,13:36:31,8901,2479,4012,109962210,3,-1,133515
eb2207,20220218,20220218,133631000,13:36:31,8901,2479,4012,109962210,0,0,0
eb2207,20220218,20220218,133631500,13:36:31,8901,2479,4012,109962210,0,0,0
eb2207,20220218,20220218,133632000,13:36:32,8901,2479,4012,109962210,0,0,0
eb2207,20220218,20220218,133632500,13:36:33,8901,2479,4012,109962210,0,0,0
eb2207,20220218,20220218,133633000,13:36:33,8901,2479,4012,109962210,0,0,0
eb2207,20220218,20220218,133633500,13:36:34,8901,2479,4012,109962210,0,0,0
eb2207,20220218,20220218,133634500,13:36:35,8901,2479,4012,109962210,0,0,0
eb2207,20220218,20220218,133637000,13:36:38,8901,2479,4012,109962210,0,0,0
eb2207,20220218,20220218,133640000,13:36:40,8901,2479,4012,109962210,0,0,0
eb2207,20220218,20220218,133640500,13:36:40,8901,2479,4012,109962210,0,0,0
eb2207,20220218,20220218,133641000,13:36:41,8901,2479,4012,109962210,0,0,0
eb2207,20220218,20220218,133645000,13:36:45,8901,2479,4012,109962210,0,0,0
eb2207,20220218,20220218,133648500,13:36:48,8901,2479,4012,109962210,0,0,0
eb2207,20220218,20220218,133649000,13:36:49,8901,2479,4012,109962210,0,0,0
eb2207,20220218,20220218,133649500,13:36:49,8901,2479,4012,109962210,0,0,0
eb2207,20220218,20220218,133650000,13:36:50,8901,2479,4012,109962210,0,0,0
eb2207,20220218,20220218,133650500,13:36:50,8901,2479,4012,109962210,0,0,0
eb2207,20220218,20220218,133651000,13:36:51,8901,2479,4012,109962210,0,0,0
eb2207,20220218,20220218,133651500,13:36:52,8901,2479,4012,109962210,0,0,0
eb2207,20220218,20220218,133652000,13:36:52,8901,2480,4011,110006715,1,-1,44505
eb2207,20220218,20220218,133652500,13:36:53,8901,2480,4011,110006715,0,0,0
eb2207,20220218,20220218,133653000,13:36:53,8901,2480,4011,110006715,0,0,0
eb2207,20220218,20220218,133653500,13:36:54,8901,2480,4011,110006715,0,0,0
eb2207,20220218,20220218,133654000,13:36:54,8901,2480,4011,110006715,0,0,0
eb2207,20220218,20220218,133655000,13:36:55,8901,2480,4011,110006715,0,0,0
eb2207,20220218,20220218,133658000,13:36:58,8901,2480,4011,110006715,0,0,0
eb2207,20220218,20220218,133658500,13:36:59,8901,2480,4011,110006715,0,0,0
eb2207,20220218,20220218,133659000,13:36:59,8901,2480,4011,110006715,0,0,0
eb2207,20220218,20220218,133659500,13:37:00,8898,2483,4012,110140185,3,1,133470
eb2207,20220218,20220218,133700000,13:37:00,8898,2483,4012,110140185,0,0,0
eb2207,20220218,20220218,133700500,13:37:00,8898,2483,4012,110140185,0,0,0
eb2207,20220218,20220218,133701000,13:37:01,8898,2483,4012,110140185,0,0,0
eb2207,20220218,20220218,133701500,13:37:02,8898,2483,4012,110140185,0,0,0
eb2207,20220218,20220218,133702000,13:37:02,8898,2483,4012,110140185,0,0,0
eb2207,20220218,20220218,133702500,13:37:03,8898,2483,4012,110140185,0,0,0
eb2207,20220218,20220218,133703500,13:37:03,8898,2483,4012,110140185,0,0,0
eb2207,20220218,20220218,133706500,13:37:08,8898,2483,4012,110140185,0,0,0
eb2207,20220218,20220218,133707500,13:37:08,8898,2483,4012,110140185,0,0,0
eb2207,20220218,20220218,133710000,13:37:11,8898,2483,4012,110140185,0,0,0
eb2207,20220218,20220218,133710500,13:37:11,8898,2483,4012,110140185,0,0,0
eb2207,20220218,20220218,133711000,13:37:12,8898,2483,4012,110140185,0,0,0
eb2207,20220218,20220218,133711500,13:37:13,8898,2483,4012,110140185,0,0,0
eb2207,20220218,20220218,133712000,13:37:13,8898,2483,4012,110140185,0,0,0
eb2207,20220218,20220218,133714000,13:37:14,8898,2483,4012,110140185,0,0,0
eb2207,20220218,20220218,133714500,13:37:15,8898,2483,4012,110140185,0,0,0
eb2207,20220218,20220218,133718500,13:37:19,8898,2483,4012,110140185,0,0,0
eb2207,20220218,20220218,133719000,13:37:19,8898,2483,4012,110140185,0,0,0
eb2207,20220218,20220218,133719500,13:37:20,8898,2483,4012,110140185,0,0,0
eb2207,20220218,20220218,133723000,13:37:23,8898,2483,4012,110140185,0,0,0
eb2207,20220218,20220218,133725000,13:37:25,8898,2483,4012,110140185,0,0,0
eb2207,20220218,20220218,133729000,13:37:29,8898,2483,4012,110140185,0,0,0
eb2207,20220218,20220218,133730000,13:37:30,8898,2483,4012,110140185,0,0,0
eb2207,20220218,20220218,133731000,13:37:31,8898,2483,4012,110140185,0,0,0
eb2207,20220218,20220218,133734500,13:37:34,8898,2483,4012,110140185,0,0,0
eb2207,20220218,20220218,133747500,13:37:48,8898,2483,4012,110140185,0,0,0
eb2207,20220218,20220218,133756000,13:37:56,8898,2483,4012,110140185,0,0,0
eb2207,20220218,20220218,133758500,13:37:59,8898,2483,4012,110140185,0,0,0
eb2207,20220218,20220218,133759000,13:38:00,8898,2483,4012,110140185,0,0,0
eb2207,20220218,20220218,133800500,13:38:02,8898,2483,4012,110140185,0,0,0
eb2207,20220218,20220218,133802500,13:38:06,8898,2483,4012,110140185,0,0,0
eb2207,20220218,20220218,133803000,13:38:06,8898,2483,4012,110140185,0,0,0
eb2207,20220218,20220218,133805000,13:38:06,8898,2483,4012,110140185,0,0,0
eb2207,20220218,20220218,133806000,13:38:08,8898,2483,4012,110140185,0,0,0
eb2207,20220218,20220218,133806500,13:38:09,8898,2483,4012,110140185,0,0,0
eb2207,20220218,20220218,133808000,13:38:09,8898,2483,4012,110140185,0,0,0
eb2207,20220218,20220218,133810500,13:38:11,8898,2483,4012,110140185,0,0,0
eb2207,20220218,20220218,133811000,13:38:14,8898,2483,4012,110140185,0,0,0
eb2207,20220218,20220218,133815000,13:38:17,8898,2483,4012,110140185,0,0,0
eb2207,20220218,20220218,133820000,13:38:20,8898,2483,4012,110140185,0,0,0
eb2207,20220218,20220218,133820500,13:38:22,8898,2483,4012,110140185,0,0,0
eb2207,20220218,20220218,133821000,13:38:22,8898,2483,4012,110140185,0,0,0
eb2207,20220218,20220218,133821500,13:38:23,8898,2483,4012,110140185,0,0,0
eb2207,20220218,20220218,133822000,13:38:23,8898,2483,4012,110140185,0,0,0
eb2207,20220218,20220218,133822500,13:38:23,8898,2483,4012,110140185,0,0,0
eb2207,20220218,20220218,133823000,13:38:24,8898,2483,4012,110140185,0,0,0
eb2207,20220218,20220218,133823500,13:38:24,8898,2483,4012,110140185,0,0,0
eb2207,20220218,20220218,133824000,13:38:25,8898,2483,4012,110140185,0,0,0
eb2207,20220218,20220218,133824500,13:38:41,8898,2483,4012,110140185,0,0,0
eb2207,20220218,20220218,133840500,13:38:43,8898,2483,4012,110140185,0,0,0
eb2207,20220218,20220218,133841000,13:38:43,8898,2483,4012,110140185,0,0,0
eb2207,20220218,20220218,133844000,13:38:44,8898,2483,4012,110140185,0,0,0
eb2207,20220218,20220218,133844500,13:38:44,8898,2483,4012,110140185,0,0,0
eb2207,20220218,20220218,133847000,13:38:47,8898,2483,4012,110140185,0,0,0
eb2207,20220218,20220218,133853500,13:38:53,8898,2483,4012,110140185,0,0,0
eb2207,20220218,20220218,133856500,13:38:56,8902,2486,4010,110273705,3,-2,133520
eb2207,20220218,20220218,133857000,13:38:57,8902,2486,4010,110273705,0,0,0
eb2207,20220218,20220218,133859500,13:38:59,8902,2486,4010,110273705,0,0,0
eb2207,20220218,20220218,133901000,13:39:01,8902,2486,4010,110273705,0,0,0
eb2207,20220218,20220218,133901500,13:39:01,8902,2486,4010,110273705,0,0,0
eb2207,20220218,20220218,133902000,13:39:02,8902,2486,4010,110273705,0,0,0
eb2207,20220218,20220218,133914000,13:39:15,8902,2490,4010,110451745,4,0,178040
eb2207,20220218,20220218,133914500,13:39:18,8902,2490,4010,110451745,0,0,0
eb2207,20220218,20220218,133925000,13:39:25,8902,2490,4010,110451745,0,0,0
eb2207,20220218,20220218,133925500,13:39:26,8902,2490,4010,110451745,0,0,0
eb2207,20220218,20220218,133927500,13:39:27,8902,2490,4010,110451745,0,0,0
eb2207,20220218,20220218,133935500,13:39:35,8902,2490,4010,110451745,0,0,0
eb2207,20220218,20220218,133937000,13:39:37,8900,2493,4013,110585255,3,3,133510
eb2207,20220218,20220218,133937500,13:39:37,8901,2495,4011,110674265,2,-2,89010
eb2207,20220218,20220218,133938500,13:39:38,8901,2495,4011,110674265,0,0,0
eb2207,20220218,20220218,133939500,13:39:40,8901,2495,4011,110674265,0,0,0
eb2207,20220218,20220218,133940000,13:39:41,8901,2495,4011,110674265,0,0,0
eb2207,20220218,20220218,133941000,13:39:41,8901,2495,4011,110674265,0,0,0
eb2207,20220218,20220218,133943000,13:39:43,8901,2495,4011,110674265,0,0,0
eb2207,20220218,20220218,133944000,13:39:44,8901,2495,4011,110674265,0,0,0
eb2207,20220218,20220218,133945000,13:39:46,8901,2495,4011,110674265,0,0,0
eb2207,20220218,20220218,133945500,13:39:46,8901,2495,4011,110674265,0,0,0
eb2207,20220218,20220218,133946000,13:39:47,8901,2495,4011,110674265,0,0,0
eb2207,20220218,20220218,133946500,13:39:47,8901,2495,4011,110674265,0,0,0
eb2207,20220218,20220218,133950000,13:39:50,8901,2495,4011,110674265,0,0,0
eb2207,20220218,20220218,133950500,13:39:50,8901,2495,4011,110674265,0,0,0
eb2207,20220218,20220218,133951000,13:39:51,8901,2495,4011,110674265,0,0,0
eb2207,20220218,20220218,133956500,13:39:57,8901,2495,4011,110674265,0,0,0
eb2207,20220218,20220218,134012500,13:40:13,8901,2495,4011,110674265,0,0,0
eb2207,20220218,20220218,134013500,13:40:14,8901,2495,4011,110674265,0,0,0
eb2207,20220218,20220218,134014000,13:40:14,8901,2495,4011,110674265,0,0,0
eb2207,20220218,20220218,134014500,13:40:16,8901,2495,4011,110674265,0,0,0
eb2207,20220218,20220218,134015000,13:40:16,8901,2495,4011,110674265,0,0,0
eb2207,20220218,20220218,134015500,13:40:16,8901,2495,4011,110674265,0,0,0
eb2207,20220218,20220218,134016000,13:40:16,8901,2495,4011,110674265,0,0,0
eb2207,20220218,20220218,134016500,13:40:17,8901,2495,4011,110674265,0,0,0
eb2207,20220218,20220218,134017000,13:40:17,8901,2495,4011,110674265,0,0,0
eb2207,20220218,20220218,134017500,13:40:18,8901,2495,4011,110674265,0,0,0
eb2207,20220218,20220218,134018000,13:40:19,8901,2495,4011,110674265,0,0,0
eb2207,20220218,20220218,134018500,13:40:19,8901,2495,4011,110674265,0,0,0
eb2207,20220218,20220218,134022000,13:40:22,8901,2495,4011,110674265,0,0,0
eb2207,20220218,20220218,134023000,13:40:23,8901,2495,4011,110674265,0,0,0
eb2207,20220218,20220218,134026000,13:40:27,8901,2495,4011,110674265,0,0,0
eb2207,20220218,20220218,134026500,13:40:27,8901,2495,4011,110674265,0,0,0
eb2207,20220218,20220218,134027000,13:40:27,8901,2495,4011,110674265,0,0,0
eb2207,20220218,20220218,134038500,13:40:39,8901,2495,4011,110674265,0,0,0
eb2207,20220218,20220218,134039000,13:40:39,8901,2495,4011,110674265,0,0,0
eb2207,20220218,20220218,134039500,13:40:40,8901,2495,4011,110674265,0,0,0
eb2207,20220218,20220218,134040000,13:40:41,8901,2495,4011,110674265,0,0,0
eb2207,20220218,20220218,134040500,13:40:42,8901,2495,4011,110674265,0,0,0
eb2207,20220218,20220218,134043000,13:40:44,8901,2495,4011,110674265,0,0,0
eb2207,20220218,20220218,134043500,13:40:44,8901,2495,4011,110674265,0,0,0
eb2207,20220218,20220218,134044000,13:40:44,8901,2495,4011,110674265,0,0,0
eb2207,20220218,20220218,134044500,13:40:44,8901,2495,4011,110674265,0,0,0
eb2207,20220218,20220218,134100000,13:41:00,8901,2495,4011,110674265,0,0,0
eb2207,20220218,20220218,134100500,13:41:01,8901,2495,4011,110674265,0,0,0
eb2207,20220218,20220218,134104000,13:41:05,8901,2495,4011,110674265,0,0,0
eb2207,20220218,20220218,134106000,13:41:07,8901,2495,4011,110674265,0,0,0
eb2207,20220218,20220218,134106500,13:41:07,8896,2498,4010,110807705,3,-1,133440
eb2207,20220218,20220218,134107000,13:41:09,8896,2498,4010,110807705,0,0,0
eb2207,20220218,20220218,134107500,13:41:09,8896,2498,4010,110807705,0,0,0
eb2207,20220218,20220218,134108000,13:41:09,8896,2498,4010,110807705,0,0,0
eb2207,20220218,20220218,134108500,13:41:10,8896,2498,4010,110807705,0,0,0
eb2207,20220218,20220218,134109000,13:41:10,8896,2498,4010,110807705,0,0,0
eb2207,20220218,20220218,134109500,13:41:10,8896,2498,4010,110807705,0,0,0
eb2207,20220218,20220218,134110000,13:41:10,8896,2498,4010,110807705,0,0,0
eb2207,20220218,20220218,134110500,13:41:10,8896,2498,4010,110807705,0,0,0
eb2207,20220218,20220218,134114000,13:41:15,8896,2498,4010,110807705,0,0,0
eb2207,20220218,20220218,134114500,13:41:16,8896,2498,4010,110807705,0,0,0
eb2207,20220218,20220218,134117000,13:41:17,8896,2498,4010,110807705,0,0,0
eb2207,20220218,20220218,134117500,13:41:19,8896,2498,4010,110807705,0,0,0
eb2207,20220218,20220218,134120500,13:41:23,8896,2498,4010,110807705,0,0,0
eb2207,20220218,20220218,134121000,13:41:23,8896,2498,4010,110807705,0,0,0
eb2207,20220218,20220218,134121500,13:41:24,8896,2498,4010,110807705,0,0,0
eb2207,20220218,20220218,134128500,13:41:29,8896,2498,4010,110807705,0,0,0
eb2207,20220218,20220218,134129000,13:41:29,8896,2498,4010,110807705,0,0,0
eb2207,20220218,20220218,134130500,13:41:31,8896,2498,4010,110807705,0,0,0
eb2207,20220218,20220218,134131000,13:41:31,8896,2498,4010,110807705,0,0,0
eb2207,20220218,20220218,134131500,13:41:32,8896,2498,4010,110807705,0,0,0
eb2207,20220218,20220218,134132000,13:41:33,8896,2498,4010,110807705,0,0,0
eb2207,20220218,20220218,134132500,13:41:33,8896,2498,4010,110807705,0,0,0
eb2207,20220218,20220218,134133000,13:41:33,8896,2498,4010,110807705,0,0,0
eb2207,20220218,20220218,134133500,13:41:34,8896,2498,4010,110807705,0,0,0
eb2207,20220218,20220218,134139000,13:41:42,8896,2498,4010,110807705,0,0,0
eb2207,20220218,20220218,134144000,13:41:44,8896,2498,4010,110807705,0,0,0
eb2207,20220218,20220218,134144500,13:41:45,8896,2498,4010,110807705,0,0,0
eb2207,20220218,20220218,134145500,13:41:45,8896,2498,4010,110807705,0,0,0
eb2207,20220218,20220218,134146000,13:41:47,8896,2498,4010,110807705,0,0,0
eb2207,20220218,20220218,134146500,13:41:47,8896,2498,4010,110807705,0,0,0
eb2207,20220218,20220218,134147000,13:41:47,8896,2498,4010,110807705,0,0,0
eb2207,20220218,20220218,134147500,13:41:48,8896,2498,4010,110807705,0,0,0
eb2207,20220218,20220218,134148500,13:41:49,8896,2498,4010,110807705,0,0,0
eb2207,20220218,20220218,134149000,13:41:49,8896,2498,4010,110807705,0,0,0
eb2207,20220218,20220218,134150000,13:41:50,8896,2498,4010,110807705,0,0,0
eb2207,20220218,20220218,134153000,13:41:54,8896,2498,4010,110807705,0,0,0
eb2207,20220218,20220218,134153500,13:42:01,8896,2498,4010,110807705,0,0,0
eb2207,20220218,20220218,134154000,13:42:02,8896,2498,4010,110807705,0,0,0
eb2207,20220218,20220218,134202000,13:42:10,8896,2498,4010,110807705,0,0,0
eb2207,20220218,20220218,134210500,13:42:12,8896,2498,4010,110807705,0,0,0
eb2207,20220218,20220218,134216000,13:42:16,8896,2498,4010,110807705,0,0,0
eb2207,20220218,20220218,134220000,13:42:21,8896,2498,4010,110807705,0,0,0
eb2207,20220218,20220218,134220500,13:42:21,8901,2503,4011,111030230,5,1,222525
eb2207,20220218,20220218,134221000,13:42:21,8901,2503,4011,111030230,0,0,0
eb2207,20220218,20220218,134221500,13:42:22,8901,2503,4011,111030230,0,0,0
eb2207,20220218,20220218,134222000,13:42:22,8901,2503,4011,111030230,0,0,0
eb2207,20220218,20220218,134222500,13:42:22,8901,2503,4011,111030230,0,0,0
eb2207,20220218,20220218,134223500,13:42:24,8901,2503,4011,111030230,0,0,0
eb2207,20220218,20220218,134224000,13:42:25,8901,2503,4011,111030230,0,0,0
eb2207,20220218,20220218,134225000,13:42:25,8901,2503,4011,111030230,0,0,0
eb2207,20220218,20220218,134225500,13:42:26,8901,2503,4011,111030230,0,0,0
eb2207,20220218,20220218,134228000,13:42:29,8901,2503,4011,111030230,0,0,0
eb2207,20220218,20220218,134229000,13:42:29,8901,2503,4011,111030230,0,0,0
eb2207,20220218,20220218,134255500,13:42:56,8901,2503,4011,111030230,0,0,0
eb2207,20220218,20220218,134257000,13:42:59,8901,2503,4011,111030230,0,0,0
eb2207,20220218,20220218,134301500,13:43:02,8900,2505,4009,111119230,2,-2,89000
eb2207,20220218,20220218,134302000,13:43:02,8900,2505,4009,111119230,0,0,0
eb2207,20220218,20220218,134302500,13:43:05,8900,2505,4009,111119230,0,0,0
eb2207,20220218,20220218,134303000,13:43:11,8900,2505,4009,111119230,0,0,0
eb2207,20220218,20220218,134308000,13:43:12,8900,2505,4009,111119230,0,0,0
eb2207,20220218,20220218,134312000,13:43:14,8900,2505,4009,111119230,0,0,0
eb2207,20220218,20220218,134312500,13:43:14,8900,2505,4009,111119230,0,0,0
eb2207,20220218,20220218,134314000,13:43:14,8900,2505,4009,111119230,0,0,0
eb2207,20220218,20220218,134318000,13:43:18,8900,2505,4009,111119230,0,0,0
eb2207,20220218,20220218,134318500,13:43:18,8900,2505,4009,111119230,0,0,0
eb2207,20220218,20220218,134319000,13:43:19,8900,2505,4009,111119230,0,0,0
eb2207,20220218,20220218,134319500,13:43:20,8900,2505,4009,111119230,0,0,0
eb2207,20220218,20220218,134320000,13:43:20,8900,2505,4009,111119230,0,0,0
eb2207,20220218,20220218,134320500,13:43:21,8900,2505,4009,111119230,0,0,0
eb2207,20220218,20220218,134321000,13:43:21,8900,2505,4009,111119230,0,0,0
eb2207,20220218,20220218,134321500,13:43:21,8900,2505,4009,111119230,0,0,0
eb2207,20220218,20220218,134322000,13:43:22,8900,2505,4009,111119230,0,0,0
eb2207,20220218,20220218,134324000,13:43:24,8900,2505,4009,111119230,0,0,0
eb2207,20220218,20220218,134324500,13:43:25,8900,2505,4009,111119230,0,0,0
eb2207,20220218,20220218,134326500,13:43:27,8900,2505,4009,111119230,0,0,0
eb2207,20220218,20220218,134327000,13:43:27,8900,2505,4009,111119230,0,0,0
eb2207,20220218,20220218,134327500,13:43:28,8900,2505,4009,111119230,0,0,0
eb2207,20220218,20220218,134329000,13:43:29,8900,2505,4009,111119230,0,0,0
eb2207,20220218,20220218,134333000,13:43:33,8900,2505,4009,111119230,0,0,0
eb2207,20220218,20220218,134333500,13:43:34,8900,2505,4009,111119230,0,0,0
eb2207,20220218,20220218,134334000,13:43:34,8900,2505,4009,111119230,0,0,0
eb2207,20220218,20220218,134335500,13:43:36,8900,2505,4009,111119230,0,0,0
eb2207,20220218,20220218,134336000,13:43:36,8900,2505,4009,111119230,0,0,0
eb2207,20220218,20220218,134336500,13:43:37,8900,2505,4009,111119230,0,0,0
eb2207,20220218,20220218,134337000,13:43:37,8900,2505,4009,111119230,0,0,0
eb2207,20220218,20220218,134338500,13:43:39,8900,2505,4009,111119230,0,0,0
eb2207,20220218,20220218,134339000,13:43:55,8900,2505,4009,111119230,0,0,0
eb2207,20220218,20220218,134339500,13:43:57,8900,2505,4009,111119230,0,0,0
eb2207,20220218,20220218,134340000,13:43:57,8900,2505,4009,111119230,0,0,0
eb2207,20220218,20220218,134354500,13:44:04,8900,2505,4009,111119230,0,0,0
eb2207,20220218,20220218,134356500,13:44:04,8900,2505,4009,111119230,0,0,0
eb2207,20220218,20220218,134403500,13:44:04,8900,2505,4009,111119230,0,0,0
eb2207,20220218,20220218,134405000,13:44:05,8900,2505,4009,111119230,0,0,0
eb2207,20220218,20220218,134405500,13:44:06,8900,2505,4009,111119230,0,0,0
eb2207,20220218,20220218,134406000,13:44:06,8908,2533,4013,112366475,28,4,1247245
eb2207,20220218,20220218,134406500,13:44:07,8908,2533,4013,112366475,0,0,0
eb2207,20220218,20220218,134408000,13:44:08,8908,2533,4013,112366475,0,0,0
eb2207,20220218,20220218,134408500,13:44:09,8908,2533,4013,112366475,0,0,0
eb2207,20220218,20220218,134409000,13:44:17,8908,2533,4013,112366475,0,0,0
eb2207,20220218,20220218,134410500,13:44:17,8908,2533,4013,112366475,0,0,0
eb2207,20220218,20220218,134416000,13:44:17,8908,2533,4013,112366475,0,0,0
eb2207,20220218,20220218,134418500,13:44:19,8908,2533,4013,112366475,0,0,0
eb2207,20220218,20220218,134420500,13:44:23,8908,2533,4013,112366475,0,0,0
eb2207,20220218,20220218,134423000,13:44:23,8908,2533,4013,112366475,0,0,0
eb2207,20220218,20220218,134423500,13:44:24,8908,2533,4013,112366475,0,0,0
eb2207,20220218,20220218,134424000,13:44:24,8908,2533,4013,112366475,0,0,0
eb2207,20220218,20220218,134424500,13:44:25,8911,2544,4015,112856590,11,2,490115
eb2207,20220218,20220218,134425000,13:44:25,8911,2544,4015,112856590,0,0,0
eb2207,20220218,20220218,134425500,13:44:25,8911,2544,4015,112856590,0,0,0
eb2207,20220218,20220218,134426000,13:44:26,8911,2544,4015,112856590,0,0,0
eb2207,20220218,20220218,134426500,13:44:26,8911,2544,4015,112856590,0,0,0
eb2207,20220218,20220218,134427000,13:44:27,8911,2544,4015,112856590,0,0,0
eb2207,20220218,20220218,134428500,13:44:29,8911,2544,4015,112856590,0,0,0
eb2207,20220218,20220218,134429000,13:44:31,8911,2544,4015,112856590,0,0,0
eb2207,20220218,20220218,134429500,13:44:37,8911,2544,4015,112856590,0,0,0
eb2207,20220218,20220218,134430500,13:44:37,8911,2544,4015,112856590,0,0,0
eb2207,20220218,20220218,134436500,13:44:37,8911,2544,4015,112856590,0,0,0
eb2207,20220218,20220218,134438500,13:44:39,8911,2544,4015,112856590,0,0,0
eb2207,20220218,20220218,134440500,13:44:40,8911,2544,4015,112856590,0,0,0
eb2207,20220218,20220218,134441500,13:44:42,8911,2544,4015,112856590,0,0,0
eb2207,20220218,20220218,134445000,13:44:45,8911,2544,4015,112856590,0,0,0
eb2207,20220218,20220218,134445500,13:44:46,8911,2544,4015,112856590,0,0,0
eb2207,20220218,20220218,134447000,13:44:47,8911,2544,4015,112856590,0,0,0
eb2207,20220218,20220218,134447500,13:44:47,8911,2544,4015,112856590,0,0,0
eb2207,20220218,20220218,134448000,13:44:48,8911,2544,4015,112856590,0,0,0
eb2207,20220218,20220218,134448500,13:44:48,8911,2544,4015,112856590,0,0,0
eb2207,20220218,20220218,134449000,13:44:50,8911,2544,4015,112856590,0,0,0
eb2207,20220218,20220218,134449500,13:44:50,8911,2544,4015,112856590,0,0,0
eb2207,20220218,20220218,134450000,13:44:50,8911,2544,4015,112856590,0,0,0
eb2207,20220218,20220218,134450500,13:44:50,8911,2544,4015,112856590,0,0,0
eb2207,20220218,20220218,134451000,13:44:51,8911,2544,4015,112856590,0,0,0
eb2207,20220218,20220218,134451500,13:44:53,8911,2544,4015,112856590,0,0,0
eb2207,20220218,20220218,134452500,13:44:53,8911,2544,4015,112856590,0,0,0
eb2207,20220218,20220218,134454000,13:44:54,8911,2544,4015,112856590,0,0,0
eb2207,20220218,20220218,134454500,13:44:55,8911,2544,4015,112856590,0,0,0
eb2207,20220218,20220218,134456500,13:44:56,8911,2544,4015,112856590,0,0,0
eb2207,20220218,20220218,134457000,13:44:57,8911,2544,4015,112856590,0,0,0
eb2207,20220218,20220218,134457500,13:44:57,8911,2544,4015,112856590,0,0,0
eb2207,20220218,20220218,134458000,13:44:58,8911,2544,4015,112856590,0,0,0
eb2207,20220218,20220218,134458500,13:44:59,8911,2544,4015,112856590,0,0,0
eb2207,20220218,20220218,134459000,13:44:59,8911,2544,4015,112856590,0,0,0
eb2207,20220218,20220218,134501000,13:45:01,8911,2544,4015,112856590,0,0,0
eb2207,20220218,20220218,134501500,13:45:02,8911,2544,4015,112856590,0,0,0
eb2207,20220218,20220218,134502000,13:45:02,8911,2544,4015,112856590,0,0,0
eb2207,20220218,20220218,134503000,13:45:04,8911,2544,4015,112856590,0,0,0
eb2207,20220218,20220218,134504000,13:45:08,8911,2544,4015,112856590,0,0,0
eb2207,20220218,20220218,134508000,13:45:09,8911,2544,4015,112856590,0,0,0
eb2207,20220218,20220218,134508500,13:45:09,8911,2544,4015,112856590,0,0,0
eb2207,20220218,20220218,134509000,13:45:10,8911,2544,4015,112856590,0,0,0
eb2207,20220218,20220218,134509500,13:45:10,8911,2544,4015,112856590,0,0,0
eb2207,20220218,20220218,134510000,13:45:10,8911,2544,4015,112856590,0,0,0
eb2207,20220218,20220218,134510500,13:45:11,8911,2544,4015,112856590,0,0,0
eb2207,20220218,20220218,134511500,13:45:12,8911,2544,4015,112856590,0,0,0
eb2207,20220218,20220218,134512000,13:45:13,8911,2544,4015,112856590,0,0,0
eb2207,20220218,20220218,134512500,13:45:13,8911,2544,4015,112856590,0,0,0
eb2207,20220218,20220218,134513000,13:45:14,8911,2544,4015,112856590,0,0,0
eb2207,20220218,20220218,134513500,13:45:15,8911,2544,4015,112856590,0,0,0
eb2207,20220218,20220218,134514000,13:45:16,8911,2544,4015,112856590,0,0,0
eb2207,20220218,20220218,134514500,13:45:16,8911,2544,4015,112856590,0,0,0
eb2207,20220218,20220218,134515000,13:45:17,8911,2544,4015,112856590,0,0,0
eb2207,20220218,20220218,134515500,13:45:17,8911,2544,4015,112856590,0,0,0
eb2207,20220218,20220218,134516000,13:45:17,8911,2544,4015,112856590,0,0,0
eb2207,20220218,20220218,134516500,13:45:17,8911,2544,4015,112856590,0,0,0
eb2207,20220218,20220218,134517000,13:45:20,8911,2544,4015,112856590,0,0,0
eb2207,20220218,20220218,134517500,13:45:20,8911,2544,4015,112856590,0,0,0
eb2207,20220218,20220218,134518000,13:45:21,8911,2544,4015,112856590,0,0,0
eb2207,20220218,20220218,134520500,13:45:23,8911,2544,4015,112856590,0,0,0
eb2207,20220218,20220218,134521000,13:45:23,8911,2544,4015,112856590,0,0,0
eb2207,20220218,20220218,134521500,13:45:23,8911,2544,4015,112856590,0,0,0
eb2207,20220218,20220218,134523000,13:45:24,8911,2544,4015,112856590,0,0,0
eb2207,20220218,20220218,134523500,13:45:24,8911,2544,4015,112856590,0,0,0
eb2207,20220218,20220218,134524500,13:45:26,8911,2544,4015,112856590,0,0,0
eb2207,20220218,20220218,134525000,13:45:27,8911,2544,4015,112856590,0,0,0
eb2207,20220218,20220218,134525500,13:45:27,8914,2546,4013,112945730,2,-2,89140
eb2207,20220218,20220218,134526500,13:45:29,8914,2546,4013,112945730,0,0,0
eb2207,20220218,20220218,134527000,13:45:30,8914,2546,4013,112945730,0,0,0
eb2207,20220218,20220218,134527500,13:45:30,8914,2546,4013,112945730,0,0,0
eb2207,20220218,20220218,134529500,13:45:30,8914,2546,4013,112945730,0,0,0
eb2207,20220218,20220218,134531000,13:45:31,8914,2546,4013,112945730,0,0,0
eb2207,20220218,20220218,134531500,13:45:32,8914,2546,4013,112945730,0,0,0
eb2207,20220218,20220218,134536500,13:45:37,8914,2546,4013,112945730,0,0,0
eb2207,20220218,20220218,134537000,13:45:37,8914,2546,4013,112945730,0,0,0
eb2207,20220218,20220218,134539500,13:45:40,8914,2546,4013,112945730,0,0,0
eb2207,20220218,20220218,134540000,13:45:40,8914,2546,4013,112945730,0,0,0
eb2207,20220218,20220218,134540500,13:45:41,8914,2546,4013,112945730,0,0,0
eb2207,20220218,20220218,134541500,13:45:45,8914,2546,4013,112945730,0,0,0
eb2207,20220218,20220218,134542000,13:45:45,8914,2546,4013,112945730,0,0,0
eb2207,20220218,20220218,134545000,13:45:46,8914,2546,4013,112945730,0,0,0
eb2207,20220218,20220218,134546000,13:45:47,8914,2546,4013,112945730,0,0,0
eb2207,20220218,20220218,134548500,13:45:48,8916,2549,4013,113079470,3,0,133740
eb2207,20220218,20220218,134549000,13:45:53,8916,2549,4013,113079470,0,0,0
eb2207,20220218,20220218,134549500,13:45:53,8916,2549,4013,113079470,0,0,0
eb2207,20220218,20220218,134550000,13:45:53,8916,2549,4013,113079470,0,0,0
eb2207,20220218,20220218,134550500,13:45:54,8916,2549,4013,113079470,0,0,0
eb2207,20220218,20220218,134554000,13:45:55,8916,2549,4013,113079470,0,0,0
eb2207,20220218,20220218,134554500,13:45:55,8916,2549,4013,113079470,0,0,0
eb2207,20220218,20220218,134555500,13:45:57,8916,2549,4013,113079470,0,0,0
eb2207,20220218,20220218,134556000,13:46:00,8916,2549,4013,113079470,0,0,0
eb2207,20220218,20220218,134559500,13:46:01,8916,2549,4013,113079470,0,0,0
eb2207,20220218,20220218,134602500,13:46:04,8920,2554,4013,113302430,5,0,222960
eb2207,20220218,20220218,134603000,13:46:04,8920,2554,4013,113302430,0,0,0
eb2207,20220218,20220218,134603500,13:46:04,8920,2554,4013,113302430,0,0,0
eb2207,20220218,20220218,134604000,13:46:05,8920,2554,4013,113302430,0,0,0
eb2207,20220218,20220218,134604500,13:46:05,8920,2554,4013,113302430,0,0,0
eb2207,20220218,20220218,134605000,13:46:05,8920,2554,4013,113302430,0,0,0
eb2207,20220218,20220218,134605500,13:46:05,8920,2554,4013,113302430,0,0,0
eb2207,20220218,20220218,134606000,13:46:06,8920,2554,4013,113302430,0,0,0
eb2207,20220218,20220218,134606500,13:46:07,8920,2554,4013,113302430,0,0,0
eb2207,20220218,20220218,134607000,13:46:07,8920,2554,4013,113302430,0,0,0
eb2207,20220218,20220218,134607500,13:46:08,8920,2554,4013,113302430,0,0,0
eb2207,20220218,20220218,134608000,13:46:09,8920,2554,4013,113302430,0,0,0
eb2207,20220218,20220218,134609000,13:46:09,8920,2554,4013,113302430,0,0,0
eb2207,20220218,20220218,134614000,13:46:14,8920,2554,4013,113302430,0,0,0
eb2207,20220218,20220218,134617500,13:46:18,8917,2556,4013,113391600,2,0,89170
eb2207,20220218,20220218,134618000,13:46:18,8917,2559,4016,113525355,3,3,133755
eb2207,20220218,20220218,134618500,13:46:19,8917,2561,4014,113614525,2,-2,89170
eb2207,20220218,20220218,134619000,13:46:19,8917,2561,4014,113614525,0,0,0
eb2207,20220218,20220218,134619500,13:46:19,8917,2561,4014,113614525,0,0,0
eb2207,20220218,20220218,134620000,13:46:20,8917,2561,4014,113614525,0,0,0
eb2207,20220218,20220218,134620500,13:46:21,8917,2561,4014,113614525,0,0,0
eb2207,20220218,20220218,134622000,13:46:30,8917,2561,4014,113614525,0,0,0
eb2207,20220218,20220218,134623000,13:46:30,8917,2561,4014,113614525,0,0,0
eb2207,20220218,20220218,134628500,13:46:31,8917,2561,4014,113614525,0,0,0
eb2207,20220218,20220218,134630500,13:46:31,8917,2561,4014,113614525,0,0,0
eb2207,20220218,20220218,134631000,13:46:31,8922,2565,4012,113792945,4,-2,178420
eb2207,20220218,20220218,134631500,13:46:32,8921,2568,4014,113926760,3,2,133815
eb2207,20220218,20220218,134632000,13:46:32,8920,2570,4012,114015960,2,-2,89200
eb2207,20220218,20220218,134632500,13:46:33,8919,2572,4014,114105150,2,2,89190
eb2207,20220218,20220218,134633000,13:46:33,8919,2574,4014,114194340,2,0,89190
eb2207,20220218,20220218,134633500,13:46:33,8921,2575,4013,114238945,1,-1,44605
eb2207,20220218,20220218,134634000,13:46:34,8921,2576,4014,114283550,1,1,44605
eb2207,20220218,20220218,134634500,13:46:35,8921,2576,4014,114283550,0,0,0
eb2207,20220218,20220218,134635000,13:46:35,8921,2576,4014,114283550,0,0,0
eb2207,20220218,20220218,134637000,13:46:37,8921,2576,4014,114283550,0,0,0
eb2207,20220218,20220218,134638500,13:46:39,8921,2576,4014,114283550,0,0,0
eb2207,20220218,20220218,134641000,13:46:43,8921,2576,4014,114283550,0,0,0
eb2207,20220218,20220218,134644000,13:46:47,8921,2576,4014,114283550,0,0,0
eb2207,20220218,20220218,134644500,13:46:47,8921,2576,4014,114283550,0,0,0
eb2207,20220218,20220218,134645000,13:46:47,8921,2576,4014,114283550,0,0,0
eb2207,20220218,20220218,134647500,13:46:47,8921,2576,4014,114283550,0,0,0
eb2207,20220218,20220218,134648000,13:46:48,8921,2576,4014,114283550,0,0,0
eb2207,20220218,20220218,134648500,13:46:48,8921,2576,4014,114283550,0,0,0
eb2207,20220218,20220218,134657000,13:46:57,8923,2579,4012,114417395,3,-2,133845
eb2207,20220218,20220218,134657500,13:46:57,8924,2580,4012,114462015,1,0,44620
eb2207,20220218,20220218,134658000,13:46:58,8924,2580,4012,114462015,0,0,0
eb2207,20220218,20220218,134658500,13:46:59,8924,2580,4012,114462015,0,0,0
eb2207,20220218,20220218,134659000,13:46:59,8924,2580,4012,114462015,0,0,0
eb2207,20220218,20220218,134702000,13:47:02,8924,2580,4012,114462015,0,0,0
eb2207,20220218,20220218,134702500,13:47:02,8924,2580,4012,114462015,0,0,0
eb2207,20220218,20220218,134705000,13:47:06,8924,2580,4012,114462015,0,0,0
eb2207,20220218,20220218,134705500,13:47:06,8925,2581,4012,114506640,1,0,44625
eb2207,20220218,20220218,134706000,13:47:10,8925,2581,4012,114506640,0,0,0
eb2207,20220218,20220218,134706500,13:47:10,8925,2581,4012,114506640,0,0,0
eb2207,20220218,20220218,134709500,13:47:11,8925,2581,4012,114506640,0,0,0
eb2207,20220218,20220218,134710000,13:47:12,8925,2581,4012,114506640,0,0,0
eb2207,20220218,20220218,134710500,13:47:13,8925,2581,4012,114506640,0,0,0
eb2207,20220218,20220218,134711000,13:47:16,8925,2581,4012,114506640,0,0,0
eb2207,20220218,20220218,134711500,13:47:16,8923,2588,4018,114818975,7,6,312335
eb2207,20220218,20220218,134716500,13:47:17,8923,2588,4018,114818975,0,0,0
eb2207,20220218,20220218,134717000,13:47:17,8923,2588,4018,114818975,0,0,0
eb2207,20220218,20220218,134717500,13:47:19,8923,2588,4018,114818975,0,0,0
eb2207,20220218,20220218,134719500,13:47:19,8923,2588,4018,114818975,0,0,0
eb2207,20220218,20220218,134723000,13:47:26,8923,2588,4018,114818975,0,0,0
eb2207,20220218,20220218,134723500,13:47:27,8923,2588,4018,114818975,0,0,0
eb2207,20220218,20220218,134726500,13:47:27,8923,2588,4018,114818975,0,0,0
eb2207,20220218,20220218,134727500,13:47:28,8923,2588,4018,114818975,0,0,0
eb2207,20220218,20220218,134728000,13:47:28,8923,2588,4018,114818975,0,0,0
eb2207,20220218,20220218,134728500,13:47:28,8923,2588,4018,114818975,0,0,0
eb2207,20220218,20220218,134730000,13:47:30,8923,2588,4018,114818975,0,0,0
eb2207,20220218,20220218,134730500,13:47:30,8923,2588,4018,114818975,0,0,0
eb2207,20220218,20220218,134731000,13:47:31,8923,2588,4018,114818975,0,0,0
eb2207,20220218,20220218,134731500,13:47:31,8923,2588,4018,114818975,0,0,0
eb2207,20220218,20220218,134732000,13:47:32,8923,2588,4018,114818975,0,0,0
eb2207,20220218,20220218,134732500,13:47:34,8923,2588,4018,114818975,0,0,0
eb2207,20220218,20220218,134734000,13:47:36,8923,2588,4018,114818975,0,0,0
eb2207,20220218,20220218,134734500,13:47:36,8923,2588,4018,114818975,0,0,0
eb2207,20220218,20220218,134735000,13:47:36,8923,2588,4018,114818975,0,0,0
eb2207,20220218,20220218,134741500,13:47:42,8923,2588,4018,114818975,0,0,0
eb2207,20220218,20220218,134744000,13:47:45,8923,2588,4018,114818975,0,0,0
eb2207,20220218,20220218,134745500,13:47:46,8923,2588,4018,114818975,0,0,0
eb2207,20220218,20220218,134746000,13:47:47,8923,2588,4018,114818975,0,0,0
eb2207,20220218,20220218,134746500,13:47:47,8923,2588,4018,114818975,0,0,0
eb2207,20220218,20220218,134747500,13:47:47,8923,2588,4018,114818975,0,0,0
eb2207,20220218,20220218,134755500,13:47:55,8923,2588,4018,114818975,0,0,0
eb2207,20220218,20220218,134756000,13:47:56,8923,2588,4018,114818975,0,0,0
eb2207,20220218,20220218,134800000,13:48:00,8923,2588,4018,114818975,0,0,0
eb2207,20220218,20220218,134801500,13:48:01,8919,2594,4021,115086590,6,3,267615
eb2207,20220218,20220218,134804500,13:48:05,8919,2594,4021,115086590,0,0,0
eb2207,20220218,20220218,134805500,13:48:05,8919,2594,4021,115086590,0,0,0
eb2207,20220218,20220218,134806500,13:48:06,8919,2594,4021,115086590,0,0,0
eb2207,20220218,20220218,134807000,13:48:07,8919,2594,4021,115086590,0,0,0
eb2207,20220218,20220218,134808500,13:48:09,8919,2594,4021,115086590,0,0,0
eb2207,20220218,20220218,134810000,13:48:10,8919,2594,4021,115086590,0,0,0
eb2207,20220218,20220218,134811000,13:48:11,8914,2596,4023,115175730,2,2,89140
eb2207,20220218,20220218,134812000,13:48:12,8914,2596,4023,115175730,0,0,0
eb2207,20220218,20220218,134814500,13:48:14,8914,2596,4023,115175730,0,0,0
eb2207,20220218,20220218,134817000,13:48:18,8917,2607,4020,115666060,11,-3,490330
eb2207,20220218,20220218,134817500,13:48:19,8919,2613,4020,115933640,6,0,267580
eb2207,20220218,20220218,134818000,13:48:19,8919,2613,4020,115933640,0,0,0
eb2207,20220218,20220218,134819000,13:48:20,8919,2613,4020,115933640,0,0,0
eb2207,20220218,20220218,134820000,13:48:22,8919,2613,4020,115933640,0,0,0
eb2207,20220218,20220218,134820500,13:48:22,8919,2613,4020,115933640,0,0,0
eb2207,20220218,20220218,134823000,13:48:23,8919,2613,4020,115933640,0,0,0
eb2207,20220218,20220218,134823500,13:48:24,8919,2613,4020,115933640,0,0,0
eb2207,20220218,20220218,134824000,13:48:24,8919,2613,4020,115933640,0,0,0
eb2207,20220218,20220218,134824500,13:48:24,8919,2613,4020,115933640,0,0,0
eb2207,20220218,20220218,134825000,13:48:26,8919,2613,4020,115933640,0,0,0
eb2207,20220218,20220218,134825500,13:48:27,8919,2613,4020,115933640,0,0,0
eb2207,20220218,20220218,134826000,13:48:27,8919,2613,4020,115933640,0,0,0
eb2207,20220218,20220218,134826500,13:48:27,8919,2613,4020,115933640,0,0,0
eb2207,20220218,20220218,134845500,13:48:45,8919,2613,4020,115933640,0,0,0
eb2207,20220218,20220218,134852500,13:48:54,8919,2613,4020,115933640,0,0,0
eb2207,20220218,20220218,134856500,13:48:57,8914,2626,4025,116513155,13,5,579515
eb2207,20220218,20220218,134857500,13:48:57,8912,2629,4026,116646835,3,1,133680
eb2207,20220218,20220218,134858000,13:48:59,8912,2629,4026,116646835,0,0,0
eb2207,20220218,20220218,134858500,13:48:59,8912,2629,4026,116646835,0,0,0
eb2207,20220218,20220218,134859500,13:49:00,8912,2629,4026,116646835,0,0,0
eb2207,20220218,20220218,134900000,13:49:00,8912,2630,4025,116691395,1,-1,44560
eb2207,20220218,20220218,134900500,13:49:01,8912,2630,4025,116691395,0,0,0
eb2207,20220218,20220218,134901500,13:49:02,8912,2630,4025,116691395,0,0,0
eb2207,20220218,20220218,134902000,13:49:02,8913,2634,4025,116869655,4,0,178260
eb2207,20220218,20220218,134902500,13:49:03,8914,2637,4026,117003365,3,1,133710
eb2207,20220218,20220218,134903000,13:49:03,8914,2637,4026,117003365,0,0,0
eb2207,20220218,20220218,134903500,13:49:04,8914,2637,4026,117003365,0,0,0
eb2207,20220218,20220218,134904000,13:49:04,8914,2637,4026,117003365,0,0,0
eb2207,20220218,20220218,134905500,13:49:05,8914,2637,4026,117003365,0,0,0
eb2207,20220218,20220218,134907000,13:49:07,8914,2637,4026,117003365,0,0,0
eb2207,20220218,20220218,134908000,13:49:08,8912,2645,4027,117359870,8,1,356505
eb2207,20220218,20220218,134908500,13:49:08,8912,2645,4027,117359870,0,0,0
eb2207,20220218,20220218,134909000,13:49:09,8912,2645,4027,117359870,0,0,0
eb2207,20220218,20220218,134909500,13:49:10,8912,2645,4027,117359870,0,0,0
eb2207,20220218,20220218,134911500,13:49:12,8912,2645,4027,117359870,0,0,0
eb2207,20220218,20220218,134913500,13:49:14,8912,2645,4027,117359870,0,0,0
eb2207,20220218,20220218,134915000,13:49:15,8912,2645,4027,117359870,0,0,0
eb2207,20220218,20220218,134916000,13:49:16,8912,2645,4027,117359870,0,0,0
eb2207,20220218,20220218,134918500,13:49:19,8912,2645,4027,117359870,0,0,0
eb2207,20220218,20220218,134919000,13:49:20,8912,2645,4027,117359870,0,0,0
eb2207,20220218,20220218,134919500,13:49:20,8912,2645,4027,117359870,0,0,0
eb2207,20220218,20220218,134920000,13:49:20,8912,2645,4027,117359870,0,0,0
eb2207,20220218,20220218,134920500,13:49:20,8912,2645,4027,117359870,0,0,0
eb2207,20220218,20220218,134922500,13:49:23,8912,2646,4027,117404430,1,0,44560
eb2207,20220218,20220218,134923000,13:49:24,8912,2648,4026,117493550,2,-1,89120
eb2207,20220218,20220218,134923500,13:49:24,8912,2650,4025,117582670,2,-1,89120
eb2207,20220218,20220218,134924000,13:49:24,8912,2650,4025,117582670,0,0,0
eb2207,20220218,20220218,134924500,13:49:25,8912,2650,4025,117582670,0,0,0
eb2207,20220218,20220218,134925000,13:49:25,8912,2650,4025,117582670,0,0,0
eb2207,20220218,20220218,134925500,13:49:26,8912,2650,4025,117582670,0,0,0
eb2207,20220218,20220218,134926500,13:49:27,8912,2650,4025,117582670,0,0,0
eb2207,20220218,20220218,134931000,13:49:31,8912,2650,4025,117582670,0,0,0
eb2207,20220218,20220218,134931500,13:49:32,8912,2650,4025,117582670,0,0,0
eb2207,20220218,20220218,134932000,13:49:32,8912,2650,4025,117582670,0,0,0
eb2207,20220218,20220218,134933500,13:49:34,8912,2650,4025,117582670,0,0,0
eb2207,20220218,20220218,134934000,13:49:34,8912,2650,4025,117582670,0,0,0
eb2207,20220218,20220218,134934500,13:49:35,8912,2650,4025,117582670,0,0,0
eb2207,20220218,20220218,134935000,13:49:36,8912,2650,4025,117582670,0,0,0
eb2207,20220218,20220218,134935500,13:49:36,8912,2650,4025,117582670,0,0,0
eb2207,20220218,20220218,134936000,13:49:36,8912,2650,4025,117582670,0,0,0
eb2207,20220218,20220218,134936500,13:49:36,8912,2650,4025,117582670,0,0,0
eb2207,20220218,20220218,134937000,13:49:37,8912,2650,4025,117582670,0,0,0
eb2207,20220218,20220218,134937500,13:49:37,8912,2650,4025,117582670,0,0,0
eb2207,20220218,20220218,134938000,13:49:38,8912,2650,4025,117582670,0,0,0
eb2207,20220218,20220218,134938500,13:49:38,8912,2650,4025,117582670,0,0,0
eb2207,20220218,20220218,134941500,13:49:42,8912,2650,4025,117582670,0,0,0
eb2207,20220218,20220218,134942500,13:49:43,8912,2650,4025,117582670,0,0,0
eb2207,20220218,20220218,134943000,13:49:43,8912,2650,4025,117582670,0,0,0
eb2207,20220218,20220218,134943500,13:49:44,8912,2650,4025,117582670,0,0,0
eb2207,20220218,20220218,134944000,13:49:44,8912,2650,4025,117582670,0,0,0
eb2207,20220218,20220218,134944500,13:49:45,8912,2650,4025,117582670,0,0,0
eb2207,20220218,20220218,134948000,13:49:48,8912,2650,4025,117582670,0,0,0
eb2207,20220218,20220218,134948500,13:49:48,8912,2650,4025,117582670,0,0,0
eb2207,20220218,20220218,134952500,13:49:54,8912,2650,4025,117582670,0,0,0
eb2207,20220218,20220218,134953000,13:49:54,8912,2650,4025,117582670,0,0,0
eb2207,20220218,20220218,134953500,13:49:55,8912,2650,4025,117582670,0,0,0
eb2207,20220218,20220218,134954000,13:49:55,8912,2650,4025,117582670,0,0,0
eb2207,20220218,20220218,134954500,13:49:55,8912,2650,4025,117582670,0,0,0
eb2207,20220218,20220218,134955500,13:49:56,8912,2650,4025,117582670,0,0,0
eb2207,20220218,20220218,134956000,13:49:56,8912,2650,4025,117582670,0,0,0
eb2207,20220218,20220218,134956500,13:49:57,8912,2650,4025,117582670,0,0,0
eb2207,20220218,20220218,134957000,13:49:57,8912,2650,4025,117582670,0,0,0
eb2207,20220218,20220218,134957500,13:49:57,8912,2650,4025,117582670,0,0,0
eb2207,20220218,20220218,134958000,13:49:58,8912,2650,4025,117582670,0,0,0
eb2207,20220218,20220218,134958500,13:49:59,8912,2650,4025,117582670,0,0,0
eb2207,20220218,20220218,135000000,13:50:00,8912,2650,4025,117582670,0,0,0
eb2207,20220218,20220218,135000500,13:50:00,8912,2650,4025,117582670,0,0,0
eb2207,20220218,20220218,135001500,13:50:02,8912,2650,4025,117582670,0,0,0
eb2207,20220218,20220218,135003000,13:50:03,8912,2650,4025,117582670,0,0,0
eb2207,20220218,20220218,135004000,13:50:04,8912,2650,4025,117582670,0,0,0
eb2207,20220218,20220218,135005000,13:50:05,8912,2653,4023,117716350,3,-2,133680
eb2207,20220218,20220218,135006000,13:50:06,8913,2655,4023,117805480,2,0,89130
eb2207,20220218,20220218,135006500,13:50:07,8913,2655,4023,117805480,0,0,0
eb2207,20220218,20220218,135007000,13:50:07,8913,2655,4023,117805480,0,0,0
eb2207,20220218,20220218,135007500,13:50:09,8913,2655,4023,117805480,0,0,0
eb2207,20220218,20220218,135009000,13:50:26,8912,2657,4023,117894600,2,0,89120
eb2207,20220218,20220218,135009500,13:50:26,8912,2657,4023,117894600,0,0,0
eb2207,20220218,20220218,135025500,13:50:27,8912,2657,4023,117894600,0,0,0
eb2207,20220218,20220218,135026000,13:50:29,8912,2657,4023,117894600,0,0,0
eb2207,20220218,20220218,135026500,13:50:33,8912,2657,4023,117894600,0,0,0
eb2207,20220218,20220218,135027000,13:50:35,8910,2672,4020,118562630,15,-3,668030
eb2207,20220218,20220218,135029500,13:50:35,8910,2672,4020,118562630,0,0,0
eb2207,20220218,20220218,135033500,13:50:37,8910,2672,4020,118562630,0,0,0
eb2207,20220218,20220218,135035000,13:50:37,8910,2672,4020,118562630,0,0,0
eb2207,20220218,20220218,135035500,13:50:37,8910,2672,4020,118562630,0,0,0
eb2207,20220218,20220218,135037000,13:50:38,8910,2672,4020,118562630,0,0,0
eb2207,20220218,20220218,135037500,13:50:38,8910,2672,4020,118562630,0,0,0
eb2207,20220218,20220218,135038000,13:50:39,8910,2672,4020,118562630,0,0,0
eb2207,20220218,20220218,135042500,13:50:43,8910,2672,4020,118562630,0,0,0
eb2207,20220218,20220218,135043000,13:50:43,8910,2672,4020,118562630,0,0,0
eb2207,20220218,20220218,135048500,13:50:49,8910,2672,4020,118562630,0,0,0
eb2207,20220218,20220218,135049000,13:50:49,8908,2675,4021,118696255,3,1,133625
eb2207,20220218,20220218,135049500,13:50:50,8908,2675,4021,118696255,0,0,0
eb2207,20220218,20220218,135050500,13:50:51,8908,2675,4021,118696255,0,0,0
eb2207,20220218,20220218,135053500,13:50:54,8908,2675,4021,118696255,0,0,0
eb2207,20220218,20220218,135054000,13:50:54,8908,2675,4021,118696255,0,0,0
eb2207,20220218,20220218,135054500,13:50:55,8908,2675,4021,118696255,0,0,0
eb2207,20220218,20220218,135055500,13:50:55,8908,2675,4021,118696255,0,0,0
eb2207,20220218,20220218,135056000,13:50:56,8909,2676,4020,118740800,1,-1,44545
eb2207,20220218,20220218,135056500,13:50:57,8909,2676,4020,118740800,0,0,0
eb2207,20220218,20220218,135057000,13:50:57,8909,2676,4020,118740800,0,0,0
eb2207,20220218,20220218,135057500,13:50:58,8909,2676,4020,118740800,0,0,0
eb2207,20220218,20220218,135058000,13:50:58,8909,2676,4020,118740800,0,0,0
eb2207,20220218,20220218,135058500,13:50:59,8909,2676,4020,118740800,0,0,0
eb2207,20220218,20220218,135059000,13:50:59,8909,2676,4020,118740800,0,0,0
eb2207,20220218,20220218,135059500,13:51:00,8909,2676,4020,118740800,0,0,0
eb2207,20220218,20220218,135102000,13:51:02,8909,2676,4020,118740800,0,0,0
eb2207,20220218,20220218,135102500,13:51:02,8909,2676,4020,118740800,0,0,0
eb2207,20220218,20220218,135103000,13:51:03,8909,2676,4020,118740800,0,0,0
eb2207,20220218,20220218,135103500,13:51:04,8909,2676,4020,118740800,0,0,0
eb2207,20220218,20220218,135104500,13:51:05,8909,2676,4020,118740800,0,0,0
eb2207,20220218,20220218,135105500,13:51:06,8909,2676,4020,118740800,0,0,0
eb2207,20220218,20220218,135106000,13:51:06,8909,2676,4020,118740800,0,0,0
eb2207,20220218,20220218,135107000,13:51:20,8909,2676,4020,118740800,0,0,0
eb2207,20220218,20220218,135107500,13:51:21,8909,2676,4020,118740800,0,0,0
eb2207,20220218,20220218,135108000,13:51:21,8909,2676,4020,118740800,0,0,0
eb2207,20220218,20220218,135120500,13:51:21,8909,2676,4020,118740800,0,0,0
eb2207,20220218,20220218,135122000,13:51:22,8909,2676,4020,118740800,0,0,0
eb2207,20220218,20220218,135122500,13:51:23,8903,2683,4025,119052460,7,5,311660
eb2207,20220218,20220218,135123000,13:51:23,8903,2683,4025,119052460,0,0,0
eb2207,20220218,20220218,135123500,13:51:24,8903,2683,4025,119052460,0,0,0
eb2207,20220218,20220218,135124000,13:51:24,8903,2683,4025,119052460,0,0,0
eb2207,20220218,20220218,135124500,13:51:24,8903,2683,4025,119052460,0,0,0
eb2207,20220218,20220218,135125000,13:51:25,8903,2683,4025,119052460,0,0,0
eb2207,20220218,20220218,135125500,13:51:27,8903,2683,4025,119052460,0,0,0
eb2207,20220218,20220218,135126000,13:51:27,8903,2683,4025,119052460,0,0,0
eb2207,20220218,20220218,135126500,13:51:27,8903,2683,4025,119052460,0,0,0
eb2207,20220218,20220218,135127000,13:51:27,8903,2683,4025,119052460,0,0,0
eb2207,20220218,20220218,135127500,13:51:27,8903,2683,4025,119052460,0,0,0
eb2207,20220218,20220218,135128000,13:51:28,8903,2683,4025,119052460,0,0,0
eb2207,20220218,20220218,135128500,13:51:29,8903,2683,4025,119052460,0,0,0
eb2207,20220218,20220218,135129000,13:51:29,8903,2683,4025,119052460,0,0,0
eb2207,20220218,20220218,135129500,13:51:30,8903,2683,4025,119052460,0,0,0
eb2207,20220218,20220218,135130000,13:51:30,8903,2683,4025,119052460,0,0,0
eb2207,20220218,20220218,135130500,13:51:31,8903,2683,4025,119052460,0,0,0
eb2207,20220218,20220218,135132000,13:51:32,8903,2687,4023,119230520,4,-2,178060
eb2207,20220218,20220218,135132500,13:51:33,8903,2687,4023,119230520,0,0,0
eb2207,20220218,20220218,135134000,13:51:34,8902,2689,4021,119319540,2,-2,89020
eb2207,20220218,20220218,135136000,13:51:36,8902,2692,4024,119453070,3,3,133530
eb2207,20220218,20220218,135138000,13:51:38,8902,2692,4024,119453070,0,0,0
eb2207,20220218,20220218,135142000,13:51:42,8902,2692,4024,119453070,0,0,0
eb2207,20220218,20220218,135144500,13:51:44,8902,2692,4024,119453070,0,0,0
eb2207,20220218,20220218,135146000,13:51:46,8902,2692,4024,119453070,0,0,0
eb2207,20220218,20220218,135147500,13:51:48,8902,2692,4024,119453070,0,0,0
eb2207,20220218,20220218,135149500,13:51:50,8902,2692,4024,119453070,0,0,0
eb2207,20220218,20220218,135150500,13:51:50,8900,2693,4024,119497570,1,0,44500
eb2207,20220218,20220218,135152000,13:51:52,8900,2693,4024,119497570,0,0,0
eb2207,20220218,20220218,135159000,13:51:59,8900,2693,4024,119497570,0,0,0
eb2207,20220218,20220218,135200000,13:52:00,8900,2693,4024,119497570,0,0,0
eb2207,20220218,20220218,135201000,13:52:01,8900,2693,4024,119497570,0,0,0
eb2207,20220218,20220218,135201500,13:52:03,8900,2693,4024,119497570,0,0,0
eb2207,20220218,20220218,135202000,13:52:03,8900,2693,4024,119497570,0,0,0
eb2207,20220218,20220218,135202500,13:52:03,8900,2693,4024,119497570,0,0,0
eb2207,20220218,20220218,135203500,13:52:04,8900,2699,4022,119764550,6,-2,266980
eb2207,20220218,20220218,135204000,13:52:05,8901,2700,4023,119809055,1,1,44505
eb2207,20220218,20220218,135204500,13:52:05,8901,2700,4023,119809055,0,0,0
eb2207,20220218,20220218,135205000,13:52:05,8901,2700,4023,119809055,0,0,0
eb2207,20220218,20220218,135206000,13:52:06,8901,2700,4023,119809055,0,0,0
