eb2206,20220218,20220218,112003000,11:20:08,8881,3338,7093,147973620,3338,59,147973620
eb2206,20220218,20220218,112003500,11:20:09,8881,3338,7093,147973620,0,0,0
eb2206,20220218,20220218,112008000,11:20:10,8881,3338,7093,147973620,0,0,0
eb2206,20220218,20220218,112008500,11:20:10,8881,3338,7093,147973620,0,0,0
eb2206,20220218,20220218,112009000,11:20:10,8881,3338,7093,147973620,0,0,0
eb2206,20220218,20220218,112009500,11:20:10,8881,3338,7093,147973620,0,0,0
eb2206,20220218,20220218,112010000,11:20:10,8881,3338,7093,147973620,0,0,0
eb2206,20220218,20220218,112010500,11:20:10,8881,3338,7093,147973620,0,0,0
eb2206,20220218,20220218,112011000,11:20:11,8881,3338,7093,147973620,0,0,0
eb2206,20220218,20220218,112011500,11:20:12,8881,3338,7093,147973620,0,0,0
eb2206,20220218,20220218,112012000,11:20:12,8881,3338,7093,147973620,0,0,0
eb2206,20220218,20220218,112012500,11:20:12,8881,3338,7093,147973620,0,0,0
eb2206,20220218,20220218,112013000,11:20:13,8881,3338,7093,147973620,0,0,0
eb2206,20220218,20220218,112013500,11:20:13,8881,3338,7093,147973620,0,0,0
eb2206,20220218,20220218,112014000,11:20:14,8881,3338,7093,147973620,0,0,0
eb2206,20220218,20220218,112014500,11:20:14,8881,3338,7093,147973620,0,0,0
eb2206,20220218,20220218,112015000,11:20:15,8881,3338,7093,147973620,0,0,0
eb2206,20220218,20220218,112015500,11:20:16,8881,3338,7093,147973620,0,0,0
eb2206,20220218,20220218,112016000,11:20:16,8881,3338,7093,147973620,0,0,0
eb2206,20220218,20220218,112016500,11:20:16,8881,3338,7093,147973620,0,0,0
eb2206,20220218,20220218,112017000,11:20:17,8881,3338,7093,147973620,0,0,0
eb2206,20220218,20220218,112017500,11:20:17,8881,3338,7093,147973620,0,0,0
eb2206,20220218,20220218,112018000,11:20:18,8881,3338,7093,147973620,0,0,0
eb2206,20220218,20220218,112038500,11:20:38,8881,3338,7093,147973620,0,0,0
eb2206,20220218,20220218,112039000,11:20:39,8881,3338,7093,147973620,0,0,0
eb2206,20220218,20220218,112039500,11:20:40,8881,3338,7093,147973620,0,0,0
eb2206,20220218,20220218,112043500,11:20:44,8881,3338,7093,147973620,0,0,0
eb2206,20220218,20220218,112044000,11:20:44,8881,3338,7093,147973620,0,0,0
eb2206,20220218,20220218,112045500,11:20:46,8881,3338,7093,147973620,0,0,0
eb2206,20220218,20220218,112052000,11:20:53,8881,3338,7093,147973620,0,0,0
eb2206,20220218,20220218,112053000,11:20:53,8881,3338,7093,147973620,0,0,0
eb2206,20220218,20220218,112054000,11:20:54,8881,3338,7093,147973620,0,0,0
eb2206,20220218,20220218,112055000,11:20:55,8881,3338,7093,147973620,0,0,0
eb2206,20220218,20220218,112058000,11:20:58,8881,3338,7093,147973620,0,0,0
eb2206,20220218,20220218,112058500,11:20:59,8881,3338,7093,147973620,0,0,0
eb2206,20220218,20220218,112059000,11:20:59,8881,3338,7093,147973620,0,0,0
eb2206,20220218,20220218,112059500,11:21:00,8881,3338,7093,147973620,0,0,0
eb2206,20220218,20220218,112100000,11:21:00,8881,3338,7093,147973620,0,0,0
eb2206,20220218,20220218,112100500,11:21:00,8881,3338,7093,147973620,0,0,0
eb2206,20220218,20220218,112103500,11:21:03,8881,3338,7093,147973620,0,0,0
eb2206,20220218,20220218,112104000,11:21:04,8881,3338,7093,147973620,0,0,0
eb2206,20220218,20220218,112104500,11:21:05,8881,3338,7093,147973620,0,0,0
eb2206,20220218,20220218,112105500,11:21:06,8881,3338,7093,147973620,0,0,0
eb2206,20220218,20220218,112106000,11:21:07,8881,3338,7093,147973620,0,0,0
eb2206,20220218,20220218,112106500,11:21:07,8881,3338,7093,147973620,0,0,0
eb2206,20220218,20220218,112108000,11:21:10,8881,3338,7093,147973620,0,0,0
eb2206,20220218,20220218,112110000,11:21:10,8881,3338,7093,147973620,0,0,0
eb2206,20220218,20220218,112110500,11:21:11,8881,3338,7093,147973620,0,0,0
eb2206,20220218,20220218,112111000,11:21:11,8881,3338,7093,147973620,0,0,0
eb2206,20220218,20220218,112111500,11:21:12,8881,3338,7093,147973620,0,0,0
eb2206,20220218,20220218,112112000,11:21:12,8881,3338,7093,147973620,0,0,0
eb2206,20220218,20220218,112112500,11:21:12,8881,3338,7093,147973620,0,0,0
eb2206,20220218,20220218,112115000,11:21:15,8881,3338,7093,147973620,0,0,0
eb2206,20220218,20220218,112117500,11:21:18,8881,3338,7093,147973620,0,0,0
eb2206,20220218,20220218,112118000,11:21:18,8881,3338,7093,147973620,0,0,0
eb2206,20220218,20220218,112118500,11:21:18,8881,3338,7093,147973620,0,0,0
eb2206,20220218,20220218,112119000,11:21:19,8881,3338,7093,147973620,0,0,0
eb2206,20220218,20220218,112123500,11:21:24,8881,3338,7093,147973620,0,0,0
eb2206,20220218,20220218,112124000,11:21:24,8874,3342,7093,148151110,4,0,177490
eb2206,20220218,20220218,112124500,11:21:25,8873,3343,7093,148195475,1,0,44365
eb2206,20220218,20220218,112125000,11:21:29,8873,3345,7093,148284205,2,0,88730
eb2206,20220218,20220218,112125500,11:23:32,8873,3345,7093,148284205,0,0,0
eb2206,20220218,20220218,112126000,11:23:33,8873,3345,7093,148284205,0,0,0
eb2206,20220218,20220218,112126500,11:23:33,8873,3345,7093,148284205,0,0,0
eb2206,20220218,20220218,112330500,11:23:33,8873,3345,7093,148284205,0,0,0
eb2206,20220218,20220218,112334500,11:23:34,8872,3391,7097,150324540,46,4,2040335
eb2206,20220218,20220218,112335000,11:23:35,8872,3391,7097,150324540,0,0,0
eb2206,20220218,20220218,112335500,11:23:35,8872,3391,7097,150324540,0,0,0
eb2206,20220218,20220218,112337500,11:23:38,8872,3391,7097,150324540,0,0,0
eb2206,20220218,20220218,112344500,11:23:48,8873,3392,7096,150368905,1,-1,44365
eb2206,20220218,20220218,112345000,11:23:48,8873,3392,7096,150368905,0,0,0
eb2206,20220218,20220218,112346000,11:23:48,8873,3392,7096,150368905,0,0,0
eb2206,20220218,20220218,112347500,11:23:48,8873,3392,7096,150368905,0,0,0
eb2206,20220218,20220218,112348500,11:23:49,8873,3392,7096,150368905,0,0,0
eb2206,20220218,20220218,112349000,11:23:49,8873,3392,7096,150368905,0,0,0
eb2206,20220218,20220218,112349500,11:23:50,8873,3392,7096,150368905,0,0,0
eb2206,20220218,20220218,112350000,11:23:50,8873,3392,7096,150368905,0,0,0
eb2206,20220218,20220218,112350500,11:23:50,8873,3392,7096,150368905,0,0,0
eb2206,20220218,20220218,112351000,11:23:51,8873,3392,7096,150368905,0,0,0
eb2206,20220218,20220218,112351500,11:23:51,8873,3392,7096,150368905,0,0,0
eb2206,20220218,20220218,112352500,11:23:52,8873,3392,7096,150368905,0,0,0
eb2206,20220218,20220218,112355000,11:23:55,8873,3392,7096,150368905,0,0,0
eb2206,20220218,20220218,112357500,11:23:57,8873,3392,7096,150368905,0,0,0
eb2206,20220218,20220218,112359000,11:23:59,8873,3392,7096,150368905,0,0,0
eb2206,20220218,20220218,112400500,11:24:00,8873,3392,7096,150368905,0,0,0
eb2206,20220218,20220218,112401500,11:24:01,8873,3392,7096,150368905,0,0,0
eb2206,20220218,20220218,112404500,11:24:04,8873,3392,7096,150368905,0,0,0
eb2206,20220218,20220218,112405000,11:24:05,8873,3392,7096,150368905,0,0,0
eb2206,20220218,20220218,112408500,11:24:08,8872,3393,7096,150413265,1,0,44360
eb2206,20220218,20220218,112409000,11:24:09,8872,3393,7096,150413265,0,0,0
eb2206,20220218,20220218,112409500,11:24:11,8872,3393,7096,150413265,0,0,0
eb2206,20220218,20220218,112411000,11:24:12,8872,3393,7096,150413265,0,0,0
eb2206,20220218,20220218,112414000,11:24:14,8872,3393,7096,150413265,0,0,0
eb2206,20220218,20220218,112415000,11:24:15,8872,3393,7096,150413265,0,0,0
eb2206,20220218,20220218,112417500,11:24:18,8872,3393,7096,150413265,0,0,0
eb2206,20220218,20220218,112418000,11:24:18,8872,3393,7096,150413265,0,0,0
eb2206,20220218,20220218,112418500,11:24:19,8872,3393,7096,150413265,0,0,0
eb2206,20220218,20220218,112419000,11:24:19,8872,3393,7096,150413265,0,0,0
eb2206,20220218,20220218,112419500,11:24:19,8872,3393,7096,150413265,0,0,0
eb2206,20220218,20220218,112422500,11:24:23,8872,3393,7096,150413265,0,0,0
eb2206,20220218,20220218,112423000,11:24:23,8872,3393,7096,150413265,0,0,0
eb2206,20220218,20220218,112423500,11:24:23,8872,3393,7096,150413265,0,0,0
eb2206,20220218,20220218,112426500,11:24:26,8872,3393,7096,150413265,0,0,0
eb2206,20220218,20220218,112429000,11:24:29,8872,3393,7096,150413265,0,0,0
eb2206,20220218,20220218,112434500,11:24:34,8872,3393,7096,150413265,0,0,0
eb2206,20220218,20220218,112435000,11:24:35,8872,3393,7096,150413265,0,0,0
eb2206,20220218,20220218,112435500,11:24:35,8872,3393,7096,150413265,0,0,0
eb2206,20220218,20220218,112436000,11:24:36,8872,3393,7096,150413265,0,0,0
eb2206,20220218,20220218,112437000,11:24:37,8872,3393,7096,150413265,0,0,0
eb2206,20220218,20220218,112449000,11:24:49,8872,3393,7096,150413265,0,0,0
eb2206,20220218,20220218,112456000,11:24:56,8872,3393,7096,150413265,0,0,0
eb2206,20220218,20220218,112456500,11:24:56,8872,3393,7096,150413265,0,0,0
eb2206,20220218,20220218,112458000,11:24:58,8872,3393,7096,150413265,0,0,0
eb2206,20220218,20220218,112501000,11:25:01,8872,3393,7096,150413265,0,0,0
eb2206,20220218,20220218,112501500,11:25:03,8872,3393,7096,150413265,0,0,0
eb2206,20220218,20220218,112502000,11:25:05,8872,3393,7096,150413265,0,0,0
eb2206,20220218,20220218,112502500,11:25:06,8872,3393,7096,150413265,0,0,0
eb2206,20220218,20220218,112503000,11:25:06,8872,3393,7096,150413265,0,0,0
eb2206,20220218,20220218,112504500,11:25:06,8872,3393,7096,150413265,0,0,0
eb2206,20220218,20220218,112505000,11:25:06,8872,3393,7096,150413265,0,0,0
eb2206,20220218,20220218,112506000,11:25:06,8872,3393,7096,150413265,0,0,0
eb2206,20220218,20220218,112506500,11:25:07,8878,3400,7097,150723970,7,1,310705
eb2206,20220218,20220218,112507000,11:25:07,8878,3401,7096,150768360,1,-1,44390
eb2206,20220218,20220218,112507500,11:25:07,8878,3402,7095,150812750,1,-1,44390
eb2206,20220218,20220218,112508000,11:25:08,8877,3404,7095,150901520,2,0,88770
eb2206,20220218,20220218,112508500,11:25:08,8875,3410,7093,151167790,6,-2,266270
eb2206,20220218,20220218,112509000,11:25:09,8875,3412,7094,151256545,2,1,88755
eb2206,20220218,20220218,112509500,11:25:09,8875,3412,7094,151256545,0,0,0
eb2206,20220218,20220218,112510000,11:25:10,8875,3412,7094,151256545,0,0,0
eb2206,20220218,20220218,112510500,11:25:10,8875,3412,7094,151256545,0,0,0
eb2206,20220218,20220218,112511000,11:25:11,8875,3412,7094,151256545,0,0,0
eb2206,20220218,20220218,112511500,11:25:11,8875,3412,7094,151256545,0,0,0
eb2206,20220218,20220218,112512000,11:25:12,8875,3412,7094,151256545,0,0,0
eb2206,20220218,20220218,112514000,11:25:15,8875,3412,7094,151256545,0,0,0
eb2206,20220218,20220218,112514500,11:25:15,8875,3412,7094,151256545,0,0,0
eb2206,20220218,20220218,112515000,11:25:16,8875,3412,7094,151256545,0,0,0
eb2206,20220218,20220218,112515500,11:25:16,8875,3412,7094,151256545,0,0,0
eb2206,20220218,20220218,112518000,11:25:18,8875,3412,7094,151256545,0,0,0
eb2206,20220218,20220218,112518500,11:25:19,8875,3412,7094,151256545,0,0,0
eb2206,20220218,20220218,112520500,11:25:21,8875,3412,7094,151256545,0,0,0
eb2206,20220218,20220218,112521000,11:25:21,8875,3412,7094,151256545,0,0,0
eb2206,20220218,20220218,112521500,11:25:22,8875,3412,7094,151256545,0,0,0
eb2206,20220218,20220218,112522000,11:25:22,8875,3412,7094,151256545,0,0,0
eb2206,20220218,20220218,112524500,11:25:25,8875,3412,7094,151256545,0,0,0
eb2206,20220218,20220218,112525000,11:25:25,8875,3412,7094,151256545,0,0,0
eb2206,20220218,20220218,112526000,11:25:26,8875,3412,7094,151256545,0,0,0
eb2206,20220218,20220218,112529500,11:25:30,8875,3412,7094,151256545,0,0,0
eb2206,20220218,20220218,112530000,11:25:30,8875,3412,7094,151256545,0,0,0
eb2206,20220218,20220218,112530500,11:25:31,8870,3421,7095,151655695,9,1,399150
eb2206,20220218,20220218,112531000,11:25:31,8870,3421,7095,151655695,0,0,0
eb2206,20220218,20220218,112531500,11:25:32,8867,3424,7097,151788710,3,2,133015
eb2206,20220218,20220218,112532000,11:25:32,8865,3425,7097,151833035,1,0,44325
eb2206,20220218,20220218,112532500,11:25:33,8868,3427,7095,151921715,2,-2,88680
eb2206,20220218,20220218,112533000,11:25:33,8868,3427,7095,151921715,0,0,0
eb2206,20220218,20220218,112533500,11:25:33,8868,3427,7095,151921715,0,0,0
eb2206,20220218,20220218,112534000,11:25:34,8868,3427,7095,151921715,0,0,0
eb2206,20220218,20220218,112535000,11:25:36,8868,3427,7095,151921715,0,0,0
eb2206,20220218,20220218,112535500,11:25:37,8868,3427,7095,151921715,0,0,0
eb2206,20220218,20220218,112536000,11:25:37,8868,3427,7095,151921715,0,0,0
eb2206,20220218,20220218,112536500,11:25:37,8868,3427,7095,151921715,0,0,0
eb2206,20220218,20220218,112539500,11:25:40,8868,3427,7095,151921715,0,0,0
eb2206,20220218,20220218,112540500,11:25:40,8868,3427,7095,151921715,0,0,0
eb2206,20220218,20220218,112541000,11:25:41,8868,3427,7095,151921715,0,0,0
eb2206,20220218,20220218,112541500,11:25:41,8868,3427,7095,151921715,0,0,0
eb2206,20220218,20220218,112542000,11:25:42,8868,3427,7095,151921715,0,0,0
eb2206,20220218,20220218,112545000,11:25:45,8868,3427,7095,151921715,0,0,0
eb2206,20220218,20220218,112545500,11:25:46,8868,3427,7095,151921715,0,0,0
eb2206,20220218,20220218,112546000,11:25:47,8868,3427,7095,151921715,0,0,0
eb2206,20220218,20220218,112546500,11:25:47,8868,3427,7095,151921715,0,0,0
eb2206,20220218,20220218,112547000,11:25:48,8868,3427,7095,151921715,0,0,0
eb2206,20220218,20220218,112548000,11:25:48,8868,3427,7095,151921715,0,0,0
eb2206,20220218,20220218,112552000,11:25:52,8868,3427,7095,151921715,0,0,0
eb2206,20220218,20220218,112552500,11:25:52,8868,3427,7095,151921715,0,0,0
eb2206,20220218,20220218,112553000,11:25:53,8868,3427,7095,151921715,0,0,0
eb2206,20220218,20220218,112553500,11:25:54,8868,3427,7095,151921715,0,0,0
eb2206,20220218,20220218,112554000,11:25:54,8868,3427,7095,151921715,0,0,0
eb2206,20220218,20220218,112554500,11:25:54,8868,3427,7095,151921715,0,0,0
eb2206,20220218,20220218,112555000,11:25:55,8868,3427,7095,151921715,0,0,0
eb2206,20220218,20220218,112556000,11:25:57,8868,3427,7095,151921715,0,0,0
eb2206,20220218,20220218,112602000,11:26:03,8868,3427,7095,151921715,0,0,0
eb2206,20220218,20220218,112602500,11:26:03,8868,3427,7095,151921715,0,0,0
eb2206,20220218,20220218,112603000,11:26:03,8868,3427,7095,151921715,0,0,0
eb2206,20220218,20220218,112603500,11:26:03,8868,3427,7095,151921715,0,0,0
eb2206,20220218,20220218,112604000,11:26:04,8868,3427,7095,151921715,0,0,0
eb2206,20220218,20220218,112604500,11:26:05,8868,3427,7095,151921715,0,0,0
eb2206,20220218,20220218,112605000,11:26:05,8868,3427,7095,151921715,0,0,0
eb2206,20220218,20220218,112606000,11:26:06,8868,3427,7095,151921715,0,0,0
eb2206,20220218,20220218,112606500,11:26:06,8876,3433,7096,152187945,6,1,266230
eb2206,20220218,20220218,112607000,11:26:09,8876,3433,7096,152187945,0,0,0
eb2206,20220218,20220218,112607500,11:26:09,8876,3433,7096,152187945,0,0,0
eb2206,20220218,20220218,112608000,11:26:09,8876,3433,7096,152187945,0,0,0
eb2206,20220218,20220218,112609000,11:26:10,8876,3433,7096,152187945,0,0,0
eb2206,20220218,20220218,112610000,11:26:10,8876,3433,7096,152187945,0,0,0
eb2206,20220218,20220218,112610500,11:26:10,8876,3433,7096,152187945,0,0,0
eb2206,20220218,20220218,112611000,11:26:11,8876,3433,7096,152187945,0,0,0
eb2206,20220218,20220218,112611500,11:26:13,8876,3433,7096,152187945,0,0,0
eb2206,20220218,20220218,112612000,11:26:14,8876,3433,7096,152187945,0,0,0
eb2206,20220218,20220218,112612500,11:26:14,8876,3433,7096,152187945,0,0,0
eb2206,20220218,20220218,112613000,11:26:15,8876,3433,7096,152187945,0,0,0
eb2206,20220218,20220218,112614000,11:26:15,8876,3433,7096,152187945,0,0,0
eb2206,20220218,20220218,112614500,11:26:15,8875,3438,7095,152409835,5,-1,221890
eb2206,20220218,20220218,112615000,11:26:16,8876,3439,7095,152454215,1,0,44380
eb2206,20220218,20220218,112615500,11:26:16,8876,3439,7095,152454215,0,0,0
eb2206,20220218,20220218,112616000,11:26:16,8876,3439,7095,152454215,0,0,0
eb2206,20220218,20220218,112616500,11:26:16,8876,3439,7095,152454215,0,0,0
eb2206,20220218,20220218,112617000,11:26:17,8876,3439,7095,152454215,0,0,0
eb2206,20220218,20220218,112617500,11:26:17,8876,3439,7095,152454215,0,0,0
eb2206,20220218,20220218,112618000,11:26:18,8876,3439,7095,152454215,0,0,0
eb2206,20220218,20220218,112618500,11:26:18,8876,3439,7095,152454215,0,0,0
eb2206,20220218,20220218,112619000,11:26:19,8876,3439,7095,152454215,0,0,0
eb2206,20220218,20220218,112620000,11:26:20,8876,3439,7095,152454215,0,0,0
eb2206,20220218,20220218,112620500,11:26:20,8876,3439,7095,152454215,0,0,0
eb2206,20220218,20220218,112621500,11:26:21,8876,3439,7095,152454215,0,0,0
eb2206,20220218,20220218,112623000,11:26:23,8876,3439,7095,152454215,0,0,0
eb2206,20220218,20220218,112624000,11:26:24,8876,3439,7095,152454215,0,0,0
eb2206,20220218,20220218,112624500,11:26:24,8874,3440,7096,152498585,1,1,44370
eb2206,20220218,20220218,112625000,11:26:25,8874,3440,7096,152498585,0,0,0
eb2206,20220218,20220218,112625500,11:26:25,8874,3440,7096,152498585,0,0,0
eb2206,20220218,20220218,112626500,11:26:26,8874,3440,7096,152498585,0,0,0
eb2206,20220218,20220218,112627000,11:26:27,8874,3440,7096,152498585,0,0,0
eb2206,20220218,20220218,112627500,11:26:27,8874,3440,7096,152498585,0,0,0
eb2206,20220218,20220218,112628500,11:26:28,8874,3440,7096,152498585,0,0,0
eb2206,20220218,20220218,112630000,11:26:31,8874,3440,7096,152498585,0,0,0
eb2206,20220218,20220218,112630500,11:26:31,8874,3440,7096,152498585,0,0,0
eb2206,20220218,20220218,112631000,11:26:31,8874,3440,7096,152498585,0,0,0
eb2206,20220218,20220218,112632000,11:26:32,8874,3440,7096,152498585,0,0,0
eb2206,20220218,20220218,112638000,11:27:10,8874,3440,7096,152498585,0,0,0
eb2206,20220218,20220218,112653500,11:27:11,8874,3440,7096,152498585,0,0,0
eb2206,20220218,20220218,112710000,11:27:12,8874,3440,7096,152498585,0,0,0
eb2206,20220218,20220218,112710500,11:27:12,8874,3440,7096,152498585,0,0,0
eb2206,20220218,20220218,112712000,11:27:12,8874,3440,7096,152498585,0,0,0
eb2206,20220218,20220218,112715000,11:27:15,8874,3440,7096,152498585,0,0,0
eb2206,20220218,20220218,112715500,11:27:16,8874,3440,7096,152498585,0,0,0
eb2206,20220218,20220218,112716000,11:27:16,8874,3440,7096,152498585,0,0,0
eb2206,20220218,20220218,112716500,11:27:17,8874,3440,7096,152498585,0,0,0
eb2206,20220218,20220218,112717000,11:27:17,8874,3440,7096,152498585,0,0,0
eb2206,20220218,20220218,112717500,11:27:17,8874,3440,7096,152498585,0,0,0
eb2206,20220218,20220218,112718000,11:27:18,8874,3440,7096,152498585,0,0,0
eb2206,20220218,20220218,112718500,11:27:19,8874,3440,7096,152498585,0,0,0
eb2206,20220218,20220218,112719000,11:27:19,8874,3440,7096,152498585,0,0,0
eb2206,20220218,20220218,112719500,11:27:20,8874,3440,7096,152498585,0,0,0
eb2206,20220218,20220218,112720000,11:27:20,8882,3444,7095,152676225,4,-1,177640
eb2206,20220218,20220218,112720500,11:27:21,8882,3444,7095,152676225,0,0,0
eb2206,20220218,20220218,112721000,11:27:21,8882,3444,7095,152676225,0,0,0
eb2206,20220218,20220218,112721500,11:27:22,8882,3444,7095,152676225,0,0,0
eb2206,20220218,20220218,112722000,11:27:22,8882,3444,7095,152676225,0,0,0
eb2206,20220218,20220218,112722500,11:27:22,8882,3444,7095,152676225,0,0,0
eb2206,20220218,20220218,112723000,11:27:26,8882,3444,7095,152676225,0,0,0
eb2206,20220218,20220218,112725500,11:27:27,8882,3444,7095,152676225,0,0,0
eb2206,20220218,20220218,112728000,11:27:28,8882,3444,7095,152676225,0,0,0
eb2206,20220218,20220218,112728500,11:27:28,8882,3444,7095,152676225,0,0,0
eb2206,20220218,20220218,112729000,11:27:29,8882,3444,7095,152676225,0,0,0
eb2206,20220218,20220218,112729500,11:27:29,8882,3444,7095,152676225,0,0,0
eb2206,20220218,20220218,112730000,11:27:30,8882,3444,7095,152676225,0,0,0
eb2206,20220218,20220218,112730500,11:27:31,8882,3444,7095,152676225,0,0,0
eb2206,20220218,20220218,112731000,11:27:32,8882,3444,7095,152676225,0,0,0
eb2206,20220218,20220218,112731500,11:27:35,8882,3444,7095,152676225,0,0,0
eb2206,20220218,20220218,112732000,11:27:35,8882,3444,7095,152676225,0,0,0
eb2206,20220218,20220218,112732500,11:27:36,8882,3444,7095,152676225,0,0,0
eb2206,20220218,20220218,112735500,11:27:36,8882,3444,7095,152676225,0,0,0
eb2206,20220218,20220218,112737000,11:27:38,8882,3444,7095,152676225,0,0,0
eb2206,20220218,20220218,112737500,11:27:38,8882,3444,7095,152676225,0,0,0
eb2206,20220218,20220218,112738000,11:27:38,8882,3444,7095,152676225,0,0,0
eb2206,20220218,20220218,112744500,11:27:45,8882,3444,7095,152676225,0,0,0
eb2206,20220218,20220218,112745000,11:27:45,8882,3444,7095,152676225,0,0,0
eb2206,20220218,20220218,112745500,11:27:46,8882,3444,7095,152676225,0,0,0
eb2206,20220218,20220218,112800000,11:28:00,8882,3444,7095,152676225,0,0,0
eb2206,20220218,20220218,112800500,11:28:01,8882,3444,7095,152676225,0,0,0
eb2206,20220218,20220218,112801000,11:28:01,8882,3444,7095,152676225,0,0,0
eb2206,20220218,20220218,112801500,11:28:02,8882,3444,7095,152676225,0,0,0
eb2206,20220218,20220218,112802000,11:28:03,8882,3444,7095,152676225,0,0,0
eb2206,20220218,20220218,112802500,11:28:03,8882,3444,7095,152676225,0,0,0
eb2206,20220218,20220218,112803000,11:28:04,8882,3444,7095,152676225,0,0,0
eb2206,20220218,20220218,112803500,11:28:04,8882,3444,7095,152676225,0,0,0
eb2206,20220218,20220218,112804000,11:28:04,8882,3444,7095,152676225,0,0,0
eb2206,20220218,20220218,112804500,11:28:05,8882,3444,7095,152676225,0,0,0
eb2206,20220218,20220218,112805000,11:28:06,8884,3449,7093,152898285,5,-2,222060
eb2206,20220218,20220218,112805500,11:28:06,8884,3449,7093,152898285,0,0,0
eb2206,20220218,20220218,112806000,11:28:10,8884,3449,7093,152898285,0,0,0
eb2206,20220218,20220218,112806500,11:28:10,8884,3449,7093,152898285,0,0,0
eb2206,20220218,20220218,112807000,11:28:10,8884,3449,7093,152898285,0,0,0
eb2206,20220218,20220218,112807500,11:28:11,8884,3449,7093,152898285,0,0,0
eb2206,20220218,20220218,112810000,11:28:11,8884,3449,7093,152898285,0,0,0
eb2206,20220218,20220218,112810500,11:28:11,8884,3449,7093,152898285,0,0,0
eb2206,20220218,20220218,112811000,11:28:12,8884,3449,7093,152898285,0,0,0
eb2206,20220218,20220218,112811500,11:28:12,8884,3449,7093,152898285,0,0,0
eb2206,20220218,20220218,112818000,11:28:18,8884,3449,7093,152898285,0,0,0
eb2206,20220218,20220218,112818500,11:28:18,8884,3449,7093,152898285,0,0,0
eb2206,20220218,20220218,112819000,11:28:19,8884,3449,7093,152898285,0,0,0
eb2206,20220218,20220218,112819500,11:28:19,8884,3449,7093,152898285,0,0,0
eb2206,20220218,20220218,112822000,11:28:22,8886,3450,7093,152942715,1,0,44430
eb2206,20220218,20220218,112822500,11:28:22,8886,3450,7093,152942715,0,0,0
eb2206,20220218,20220218,112823000,11:28:23,8886,3450,7093,152942715,0,0,0
eb2206,20220218,20220218,112825000,11:28:25,8884,3452,7094,153031555,2,1,88840
eb2206,20220218,20220218,112825500,11:28:25,8884,3452,7094,153031555,0,0,0
eb2206,20220218,20220218,112827000,11:28:27,8884,3452,7094,153031555,0,0,0
eb2206,20220218,20220218,112827500,11:28:27,8884,3452,7094,153031555,0,0,0
eb2206,20220218,20220218,112828000,11:28:28,8884,3452,7094,153031555,0,0,0
eb2206,20220218,20220218,112828500,11:28:28,8884,3452,7094,153031555,0,0,0
eb2206,20220218,20220218,112829000,11:28:29,8884,3452,7094,153031555,0,0,0
eb2206,20220218,20220218,112829500,11:28:29,8884,3452,7094,153031555,0,0,0
eb2206,20220218,20220218,112830000,11:28:30,8884,3452,7094,153031555,0,0,0
eb2206,20220218,20220218,112830500,11:28:31,8884,3452,7094,153031555,0,0,0
eb2206,20220218,20220218,112831000,11:28:31,8884,3452,7094,153031555,0,0,0
eb2206,20220218,20220218,112831500,11:28:31,8884,3452,7094,153031555,0,0,0
eb2206,20220218,20220218,112832000,11:28:32,8884,3452,7094,153031555,0,0,0
eb2206,20220218,20220218,112832500,11:28:33,8884,3452,7094,153031555,0,0,0
eb2206,20220218,20220218,112833500,11:28:33,8884,3452,7094,153031555,0,0,0
eb2206,20220218,20220218,112837000,11:28:37,8884,3452,7094,153031555,0,0,0
eb2206,20220218,20220218,112842500,11:28:42,8884,3452,7094,153031555,0,0,0
eb2206,20220218,20220218,112843000,11:28:43,8884,3452,7094,153031555,0,0,0
eb2206,20220218,20220218,112843500,11:28:44,8884,3452,7094,153031555,0,0,0
eb2206,20220218,20220218,112849000,11:28:49,8884,3452,7094,153031555,0,0,0
eb2206,20220218,20220218,112849500,11:28:50,8884,3452,7094,153031555,0,0,0
eb2206,20220218,20220218,112852000,11:28:53,8884,3452,7094,153031555,0,0,0
eb2206,20220218,20220218,112853500,11:28:54,8884,3452,7094,153031555,0,0,0
eb2206,20220218,20220218,112855000,11:28:55,8883,3457,7093,153253630,5,-1,222075
eb2206,20220218,20220218,112855500,11:28:55,8883,3460,7093,153386875,3,0,133245
eb2206,20220218,20220218,112857000,11:28:57,8883,3461,7092,153431290,1,-1,44415
eb2206,20220218,20220218,112858000,11:28:58,8883,3461,7092,153431290,0,0,0
eb2206,20220218,20220218,112900000,11:29:00,8883,3462,7092,153475705,1,0,44415
eb2206,20220218,20220218,112900500,11:29:01,8883,3462,7092,153475705,0,0,0
eb2206,20220218,20220218,112901000,11:29:01,8883,3462,7092,153475705,0,0,0
eb2206,20220218,20220218,112901500,11:29:01,8883,3462,7092,153475705,0,0,0
eb2206,20220218,20220218,112902000,11:29:02,8883,3462,7092,153475705,0,0,0
eb2206,20220218,20220218,112902500,11:29:03,8882,3463,7091,153520115,1,-1,44410
eb2206,20220218,20220218,112903000,11:29:03,8882,3463,7091,153520115,0,0,0
eb2206,20220218,20220218,112903500,11:29:04,8882,3463,7091,153520115,0,0,0
eb2206,20220218,20220218,112904000,11:29:04,8882,3463,7091,153520115,0,0,0
eb2206,20220218,20220218,112907000,11:29:07,8882,3463,7091,153520115,0,0,0
eb2206,20220218,20220218,112907500,11:29:08,8882,3463,7091,153520115,0,0,0
eb2206,20220218,20220218,112909000,11:29:09,8882,3463,7091,153520115,0,0,0
eb2206,20220218,20220218,112910500,11:29:10,8882,3463,7091,153520115,0,0,0
eb2206,20220218,20220218,112915500,11:29:16,8882,3463,7091,153520115,0,0,0
eb2206,20220218,20220218,112922000,11:29:24,8882,3463,7091,153520115,0,0,0
eb2206,20220218,20220218,112922500,11:29:24,8882,3463,7091,153520115,0,0,0
eb2206,20220218,20220218,112923000,11:29:24,8882,3463,7091,153520115,0,0,0
eb2206,20220218,20220218,112924000,11:29:24,8882,3463,7091,153520115,0,0,0
eb2206,20220218,20220218,112925500,11:29:25,8882,3463,7091,153520115,0,0,0
eb2206,20220218,20220218,112926000,11:29:26,8882,3463,7091,153520115,0,0,0
eb2206,20220218,20220218,112926500,11:29:26,8882,3463,7091,153520115,0,0,0
eb2206,20220218,20220218,112927000,11:29:27,8882,3463,7091,153520115,0,0,0
eb2206,20220218,20220218,112927500,11:29:27,8882,3463,7091,153520115,0,0,0
eb2206,20220218,20220218,112928000,11:29:28,8882,3463,7091,153520115,0,0,0
eb2206,20220218,20220218,112928500,11:29:28,8882,3463,7091,153520115,0,0,0
eb2206,20220218,20220218,112929000,11:29:29,8882,3463,7091,153520115,0,0,0
eb2206,20220218,20220218,112929500,11:29:29,8882,3463,7091,153520115,0,0,0
eb2206,20220218,20220218,112930000,11:29:30,8882,3463,7091,153520115,0,0,0
eb2206,20220218,20220218,112930500,11:29:31,8882,3463,7091,153520115,0,0,0
eb2206,20220218,20220218,112931000,11:29:32,8882,3463,7091,153520115,0,0,0
eb2206,20220218,20220218,112931500,11:29:32,8882,3463,7091,153520115,0,0,0
eb2206,20220218,20220218,112932000,11:29:32,8882,3463,7091,153520115,0,0,0
eb2206,20220218,20220218,112932500,11:29:36,8882,3463,7091,153520115,0,0,0
eb2206,20220218,20220218,112933000,11:29:37,8882,3463,7091,153520115,0,0,0
eb2206,20220218,20220218,112933500,11:29:37,8882,3463,7091,153520115,0,0,0
eb2206,20220218,20220218,112936500,11:29:38,8882,3463,7091,153520115,0,0,0
eb2206,20220218,20220218,112937000,11:29:38,8882,3463,7091,153520115,0,0,0
eb2206,20220218,20220218,112939000,11:29:39,8882,3463,7091,153520115,0,0,0
eb2206,20220218,20220218,112939500,11:29:40,8882,3463,7091,153520115,0,0,0
eb2206,20220218,20220218,112940000,11:29:40,8882,3463,7091,153520115,0,0,0
eb2206,20220218,20220218,112940500,11:29:40,8882,3463,7091,153520115,0,0,0
eb2206,20220218,20220218,112941000,11:29:41,8882,3463,7091,153520115,0,0,0
eb2206,20220218,20220218,112941500,11:29:42,8882,3463,7091,153520115,0,0,0
eb2206,20220218,20220218,112942000,11:29:42,8882,3463,7091,153520115,0,0,0
eb2206,20220218,20220218,112942500,11:29:44,8882,3463,7091,153520115,0,0,0
eb2206,20220218,20220218,112943000,11:29:45,8882,3463,7091,153520115,0,0,0
eb2206,20220218,20220218,112943500,11:29:45,8882,3463,7091,153520115,0,0,0
eb2206,20220218,20220218,112944000,11:29:45,8882,3463,7091,153520115,0,0,0
eb2206,20220218,20220218,112944500,11:29:45,8882,3463,7091,153520115,0,0,0
eb2206,20220218,20220218,112945000,11:29:46,8882,3463,7091,153520115,0,0,0
eb2206,20220218,20220218,112945500,11:29:46,8882,3463,7091,153520115,0,0,0
eb2206,20220218,20220218,112946000,11:29:46,8882,3463,7091,153520115,0,0,0
eb2206,20220218,20220218,112946500,11:29:47,8882,3463,7091,153520115,0,0,0
eb2206,20220218,20220218,112947000,11:29:47,8882,3463,7091,153520115,0,0,0
eb2206,20220218,20220218,112947500,11:29:48,8882,3463,7091,153520115,0,0,0
eb2206,20220218,20220218,112948000,11:29:48,8882,3463,7091,153520115,0,0,0
eb2206,20220218,20220218,112948500,11:29:49,8882,3463,7091,153520115,0,0,0
eb2206,20220218,20220218,112949000,11:29:50,8882,3463,7091,153520115,0,0,0
eb2206,20220218,20220218,112949500,11:29:50,8882,3463,7091,153520115,0,0,0
eb2206,20220218,20220218,112950000,11:29:51,8882,3463,7091,153520115,0,0,0
eb2206,20220218,20220218,112950500,11:29:51,8882,3463,7091,153520115,0,0,0
eb2206,20220218,20220218,112955500,11:29:56,8882,3463,7091,153520115,0,0,0
eb2206,20220218,20220218,133001500,13:30:02,8882,3465,7091,153608935,2,0,88820
eb2206,20220218,20220218,133002000,13:30:08,8882,3465,7091,153608935,0,0,0
eb2206,20220218,20220218,133010500,13:30:12,8882,3465,7091,153608935,0,0,0
eb2206,20220218,20220218,133011000,13:30:12,8874,3471,7095,153875180,6,4,266245
eb2206,20220218,20220218,133011500,13:30:13,8874,3471,7095,153875180,0,0,0
eb2206,20220218,20220218,133012500,13:30:13,8874,3471,7095,153875180,0,0,0
eb2206,20220218,20220218,133013500,13:30:14,8874,3471,7095,153875180,0,0,0
eb2206,20220218,20220218,133014000,13:30:16,8874,3471,7095,153875180,0,0,0
eb2206,20220218,20220218,133015000,13:30:17,8874,3471,7095,153875180,0,0,0
eb2206,20220218,20220218,133016500,13:30:18,8874,3471,7095,153875180,0,0,0
eb2206,20220218,20220218,133017000,13:30:18,8874,3471,7095,153875180,0,0,0
eb2206,20220218,20220218,133017500,13:30:19,8874,3471,7095,153875180,0,0,0
eb2206,20220218,20220218,133033500,13:30:40,8874,3471,7095,153875180,0,0,0
eb2206,20220218,20220218,133104500,13:31:07,8874,3471,7095,153875180,0,0,0
eb2206,20220218,20220218,133105500,13:31:08,8874,3471,7095,153875180,0,0,0
eb2206,20220218,20220218,133106000,13:31:08,8888,3472,7096,153919620,1,1,44440
eb2206,20220218,20220218,133107500,13:31:08,8888,3472,7096,153919620,0,0,0
eb2206,20220218,20220218,133108000,13:31:09,8888,3472,7096,153919620,0,0,0
eb2206,20220218,20220218,133113500,13:31:14,8888,3472,7096,153919620,0,0,0
eb2206,20220218,20220218,133114000,13:31:15,8888,3472,7096,153919620,0,0,0
eb2206,20220218,20220218,133114500,13:31:15,8888,3472,7096,153919620,0,0,0
eb2206,20220218,20220218,133118500,13:31:19,8888,3472,7096,153919620,0,0,0
eb2206,20220218,20220218,133119000,13:31:19,8888,3472,7096,153919620,0,0,0
eb2206,20220218,20220218,133119500,13:31:20,8888,3472,7096,153919620,0,0,0
eb2206,20220218,20220218,133120000,13:31:20,8883,3476,7095,154097315,4,-1,177695
eb2206,20220218,20220218,133120500,13:31:21,8883,3483,7094,154408220,7,-1,310905
eb2206,20220218,20220218,133121000,13:31:21,8883,3483,7094,154408220,0,0,0
eb2206,20220218,20220218,133122000,13:31:22,8883,3483,7094,154408220,0,0,0
eb2206,20220218,20220218,133122500,13:31:23,8883,3483,7094,154408220,0,0,0
eb2206,20220218,20220218,133123000,13:31:25,8879,3485,7094,154497010,2,0,88790
eb2206,20220218,20220218,133123500,13:31:25,8879,3485,7094,154497010,0,0,0
eb2206,20220218,20220218,133124000,13:31:25,8879,3485,7094,154497010,0,0,0
eb2206,20220218,20220218,133124500,13:31:25,8879,3486,7093,154541405,1,-1,44395
eb2206,20220218,20220218,133157500,13:31:57,8879,3486,7093,154541405,0,0,0
eb2206,20220218,20220218,133158500,13:31:58,8880,3487,7094,154585805,1,1,44400
eb2206,20220218,20220218,133159000,13:31:59,8880,3487,7094,154585805,0,0,0
eb2206,20220218,20220218,133159500,13:32:00,8882,3489,7094,154674625,2,0,88820
eb2206,20220218,20220218,133200500,13:32:01,8882,3489,7094,154674625,0,0,0
eb2206,20220218,20220218,133201000,13:32:01,8882,3489,7094,154674625,0,0,0
eb2206,20220218,20220218,133201500,13:32:01,8882,3489,7094,154674625,0,0,0
eb2206,20220218,20220218,133202000,13:32:03,8882,3489,7094,154674625,0,0,0
eb2206,20220218,20220218,133202500,13:32:03,8882,3489,7094,154674625,0,0,0
eb2206,20220218,20220218,133203000,13:32:04,8882,3489,7094,154674625,0,0,0
eb2206,20220218,20220218,133203500,13:32:05,8882,3489,7094,154674625,0,0,0
eb2206,20220218,20220218,133204000,13:32:05,8882,3489,7094,154674625,0,0,0
eb2206,20220218,20220218,133205500,13:32:06,8882,3489,7094,154674625,0,0,0
eb2206,20220218,20220218,133206000,13:32:06,8882,3489,7094,154674625,0,0,0
eb2206,20220218,20220218,133206500,13:32:07,8882,3489,7094,154674625,0,0,0
eb2206,20220218,20220218,133207000,13:32:07,8882,3489,7094,154674625,0,0,0
eb2206,20220218,20220218,133208500,13:32:10,8882,3489,7094,154674625,0,0,0
eb2206,20220218,20220218,133209000,13:32:10,8882,3489,7094,154674625,0,0,0
eb2206,20220218,20220218,133209500,13:32:10,8884,3494,7093,154896750,5,-1,222125
eb2206,20220218,20220218,133210000,13:32:10,8883,3495,7093,154941165,1,0,44415
eb2206,20220218,20220218,133214000,13:32:15,8883,3497,7095,155029995,2,2,88830
eb2206,20220218,20220218,133214500,13:32:16,8883,3497,7095,155029995,0,0,0
eb2206,20220218,20220218,133215500,13:32:16,8883,3497,7095,155029995,0,0,0
eb2206,20220218,20220218,133216000,13:32:17,8883,3497,7095,155029995,0,0,0
eb2206,20220218,20220218,133216500,13:32:17,8883,3497,7095,155029995,0,0,0
eb2206,20220218,20220218,133217500,13:32:18,8885,3498,7096,155074420,1,1,44425
eb2206,20220218,20220218,133218000,13:32:18,8885,3498,7096,155074420,0,0,0
eb2206,20220218,20220218,133218500,13:32:19,8885,3498,7096,155074420,0,0,0
eb2206,20220218,20220218,133219500,13:32:20,8885,3498,7096,155074420,0,0,0
eb2206,20220218,20220218,133220000,13:32:21,8885,3498,7096,155074420,0,0,0
eb2206,20220218,20220218,133220500,13:32:21,8885,3498,7096,155074420,0,0,0
eb2206,20220218,20220218,133221000,13:32:21,8885,3498,7096,155074420,0,0,0
eb2206,20220218,20220218,133221500,13:32:22,8885,3498,7096,155074420,0,0,0
eb2206,20220218,20220218,133222000,13:32:22,8885,3498,7096,155074420,0,0,0
eb2206,20220218,20220218,133222500,13:32:23,8885,3498,7096,155074420,0,0,0
eb2206,20220218,20220218,133223000,13:32:24,8885,3498,7096,155074420,0,0,0
eb2206,20220218,20220218,133223500,13:32:24,8885,3498,7096,155074420,0,0,0
eb2206,20220218,20220218,133225000,13:32:25,8885,3498,7096,155074420,0,0,0
eb2206,20220218,20220218,133225500,13:32:25,8885,3498,7096,155074420,0,0,0
eb2206,20220218,20220218,133226000,13:32:27,8885,3498,7096,155074420,0,0,0
eb2206,20220218,20220218,133232000,13:32:35,8885,3498,7096,155074420,0,0,0
eb2206,20220218,20220218,133234000,13:32:35,8885,3498,7096,155074420,0,0,0
eb2206,20220218,20220218,133237000,13:32:37,8886,3502,7095,155252145,4,-1,177725
eb2206,20220218,20220218,133237500,13:32:37,8888,3503,7094,155296585,1,-1,44440
eb2206,20220218,20220218,133238000,13:32:38,8888,3503,7094,155296585,0,0,0
eb2206,20220218,20220218,133238500,13:32:39,8888,3503,7094,155296585,0,0,0
eb2206,20220218,20220218,133240000,13:32:40,8888,3503,7094,155296585,0,0,0
eb2206,20220218,20220218,133242000,13:32:42,8888,3503,7094,155296585,0,0,0
eb2206,20220218,20220218,133243500,13:32:43,8888,3503,7094,155296585,0,0,0
eb2206,20220218,20220218,133244000,13:32:44,8888,3503,7094,155296585,0,0,0
eb2206,20220218,20220218,133244500,13:32:45,8888,3503,7094,155296585,0,0,0
eb2206,20220218,20220218,133246500,13:32:47,8888,3503,7094,155296585,0,0,0
eb2206,20220218,20220218,133247000,13:32:47,8888,3503,7094,155296585,0,0,0
eb2206,20220218,20220218,133247500,13:32:48,8888,3503,7094,155296585,0,0,0
eb2206,20220218,20220218,133248000,13:32:48,8888,3503,7094,155296585,0,0,0
eb2206,20220218,20220218,133248500,13:32:49,8888,3503,7094,155296585,0,0,0
eb2206,20220218,20220218,133249000,13:32:49,8888,3503,7094,155296585,0,0,0
eb2206,20220218,20220218,133251500,13:32:53,8888,3503,7094,155296585,0,0,0
eb2206,20220218,20220218,133252500,13:32:53,8888,3503,7094,155296585,0,0,0
eb2206,20220218,20220218,133253500,13:32:54,8888,3503,7094,155296585,0,0,0
eb2206,20220218,20220218,133254000,13:32:54,8888,3503,7094,155296585,0,0,0
eb2206,20220218,20220218,133254500,13:32:55,8888,3503,7094,155296585,0,0,0
eb2206,20220218,20220218,133255000,13:32:55,8888,3503,7094,155296585,0,0,0
eb2206,20220218,20220218,133256000,13:32:56,8888,3503,7094,155296585,0,0,0
eb2206,20220218,20220218,133256500,13:32:56,8888,3503,7094,155296585,0,0,0
eb2206,20220218,20220218,133257000,13:32:59,8888,3503,7094,155296585,0,0,0
eb2206,20220218,20220218,133257500,13:33:00,8888,3503,7094,155296585,0,0,0
eb2206,20220218,20220218,133300000,13:33:01,8888,3503,7094,155296585,0,0,0
eb2206,20220218,20220218,133300500,13:33:01,8888,3503,7094,155296585,0,0,0
eb2206,20220218,20220218,133301000,13:33:02,8888,3503,7094,155296585,0,0,0
eb2206,20220218,20220218,133301500,13:33:02,8888,3503,7094,155296585,0,0,0
eb2206,20220218,20220218,133302000,13:33:02,8888,3503,7094,155296585,0,0,0
eb2206,20220218,20220218,133302500,13:33:03,8888,3503,7094,155296585,0,0,0
eb2206,20220218,20220218,133303000,13:33:03,8888,3503,7094,155296585,0,0,0
eb2206,20220218,20220218,133303500,13:33:04,8888,3503,7094,155296585,0,0,0
eb2206,20220218,20220218,133305000,13:33:05,8888,3503,7094,155296585,0,0,0
eb2206,20220218,20220218,133305500,13:33:05,8888,3503,7094,155296585,0,0,0
eb2206,20220218,20220218,133306000,13:33:06,8888,3503,7094,155296585,0,0,0
eb2206,20220218,20220218,133306500,13:33:06,8888,3503,7094,155296585,0,0,0
eb2206,20220218,20220218,133307000,13:33:07,8888,3503,7094,155296585,0,0,0
eb2206,20220218,20220218,133307500,13:33:08,8888,3503,7094,155296585,0,0,0
eb2206,20220218,20220218,133308000,13:33:08,8888,3503,7094,155296585,0,0,0
eb2206,20220218,20220218,133308500,13:33:09,8888,3503,7094,155296585,0,0,0
eb2206,20220218,20220218,133310500,13:33:12,8890,3504,7095,155341035,1,1,44450
eb2206,20220218,20220218,133311000,13:33:13,8892,3508,7096,155518865,4,1,177830
eb2206,20220218,20220218,133311500,13:33:14,8892,3508,7096,155518865,0,0,0
eb2206,20220218,20220218,133312000,13:33:14,8892,3508,7096,155518865,0,0,0
eb2206,20220218,20220218,133313000,13:33:15,8892,3508,7096,155518865,0,0,0
eb2206,20220218,20220218,133314000,13:33:17,8892,3508,7096,155518865,0,0,0
eb2206,20220218,20220218,133315000,13:33:18,8892,3508,7096,155518865,0,0,0
eb2206,20220218,20220218,133317000,13:33:18,8892,3508,7096,155518865,0,0,0
eb2206,20220218,20220218,133319000,13:33:20,8892,3508,7096,155518865,0,0,0
eb2206,20220218,20220218,133319500,13:33:20,8892,3508,7096,155518865,0,0,0
eb2206,20220218,20220218,133320000,13:33:21,8892,3508,7096,155518865,0,0,0
eb2206,20220218,20220218,133320500,13:33:21,8892,3508,7096,155518865,0,0,0
eb2206,20220218,20220218,133321000,13:33:22,8892,3508,7096,155518865,0,0,0
eb2206,20220218,20220218,133321500,13:33:22,8893,3509,7096,155563330,1,0,44465
eb2206,20220218,20220218,133322000,13:33:22,8893,3510,7096,155607795,1,0,44465
eb2206,20220218,20220218,133322500,13:33:22,8893,3510,7096,155607795,0,0,0
eb2206,20220218,20220218,133323500,13:33:24,8893,3510,7096,155607795,0,0,0
eb2206,20220218,20220218,133324500,13:33:25,8893,3510,7096,155607795,0,0,0
eb2206,20220218,20220218,133325000,13:33:26,8893,3510,7096,155607795,0,0,0
eb2206,20220218,20220218,133325500,13:33:26,8893,3510,7096,155607795,0,0,0
eb2206,20220218,20220218,133326000,13:33:28,8893,3510,7096,155607795,0,0,0
eb2206,20220218,20220218,133327500,13:33:29,8891,3511,7095,155652250,1,-1,44455
eb2206,20220218,20220218,133328500,13:33:30,8891,3511,7095,155652250,0,0,0
eb2206,20220218,20220218,133329000,13:33:30,8891,3511,7095,155652250,0,0,0
eb2206,20220218,20220218,133329500,13:33:30,8891,3511,7095,155652250,0,0,0
eb2206,20220218,20220218,133330000,13:33:30,8891,3511,7095,155652250,0,0,0
eb2206,20220218,20220218,133330500,13:33:31,8891,3511,7095,155652250,0,0,0
eb2206,20220218,20220218,133331000,13:33:32,8891,3511,7095,155652250,0,0,0
eb2206,20220218,20220218,133331500,13:33:32,8891,3511,7095,155652250,0,0,0
eb2206,20220218,20220218,133332000,13:33:32,8891,3511,7095,155652250,0,0,0
eb2206,20220218,20220218,133332500,13:33:32,8891,3511,7095,155652250,0,0,0
eb2206,20220218,20220218,133333000,13:33:33,8891,3511,7095,155652250,0,0,0
eb2206,20220218,20220218,133333500,13:33:33,8891,3511,7095,155652250,0,0,0
eb2206,20220218,20220218,133334000,13:33:34,8891,3511,7095,155652250,0,0,0
eb2206,20220218,20220218,133334500,13:33:34,8891,3511,7095,155652250,0,0,0
eb2206,20220218,20220218,133335000,13:33:35,8891,3511,7095,155652250,0,0,0
eb2206,20220218,20220218,133335500,13:33:35,8891,3511,7095,155652250,0,0,0
eb2206,20220218,20220218,133336000,13:33:36,8891,3511,7095,155652250,0,0,0
eb2206,20220218,20220218,133336500,13:33:36,8891,3511,7095,155652250,0,0,0
eb2206,20220218,20220218,133337000,13:33:37,8891,3511,7095,155652250,0,0,0
eb2206,20220218,20220218,133338000,13:33:38,8891,3511,7095,155652250,0,0,0
eb2206,20220218,20220218,133338500,13:33:39,8891,3511,7095,155652250,0,0,0
eb2206,20220218,20220218,133339000,13:33:39,8891,3511,7095,155652250,0,0,0
eb2206,20220218,20220218,133340000,13:33:40,8891,3511,7095,155652250,0,0,0
eb2206,20220218,20220218,133340500,13:33:41,8891,3511,7095,155652250,0,0,0
eb2206,20220218,20220218,133341000,13:33:41,8891,3511,7095,155652250,0,0,0
eb2206,20220218,20220218,133341500,13:33:42,8891,3511,7095,155652250,0,0,0
eb2206,20220218,20220218,133342500,13:33:42,8891,3511,7095,155652250,0,0,0
eb2206,20220218,20220218,133343000,13:33:43,8891,3511,7095,155652250,0,0,0
eb2206,20220218,20220218,133351000,13:33:51,8895,3512,7094,155696725,1,-1,44475
eb2206,20220218,20220218,133351500,13:33:52,8895,3514,7094,155785675,2,0,88950
eb2206,20220218,20220218,133352000,13:33:52,8895,3517,7095,155919100,3,1,133425
eb2206,20220218,20220218,133352500,13:33:52,8895,3517,7095,155919100,0,0,0
eb2206,20220218,20220218,133353000,13:33:53,8895,3517,7095,155919100,0,0,0
eb2206,20220218,20220218,133353500,13:33:53,8895,3517,7095,155919100,0,0,0
eb2206,20220218,20220218,133354000,13:33:54,8895,3517,7095,155919100,0,0,0
eb2206,20220218,20220218,133354500,13:33:54,8895,3517,7095,155919100,0,0,0
eb2206,20220218,20220218,133355000,13:33:56,8895,3517,7095,155919100,0,0,0
eb2206,20220218,20220218,133355500,13:33:56,8895,3517,7095,155919100,0,0,0
eb2206,20220218,20220218,133356000,13:33:56,8895,3517,7095,155919100,0,0,0
eb2206,20220218,20220218,133356500,13:33:57,8894,3518,7094,155963570,1,-1,44470
eb2206,20220218,20220218,133357000,13:33:57,8894,3518,7094,155963570,0,0,0
eb2206,20220218,20220218,133357500,13:33:58,8894,3518,7094,155963570,0,0,0
eb2206,20220218,20220218,133358000,13:33:58,8894,3518,7094,155963570,0,0,0
eb2206,20220218,20220218,133358500,13:33:58,8894,3518,7094,155963570,0,0,0
eb2206,20220218,20220218,133359000,13:33:59,8894,3518,7094,155963570,0,0,0
eb2206,20220218,20220218,133359500,13:33:59,8894,3518,7094,155963570,0,0,0
eb2206,20220218,20220218,133400000,13:34:00,8894,3518,7094,155963570,0,0,0
eb2206,20220218,20220218,133400500,13:34:00,8894,3518,7094,155963570,0,0,0
eb2206,20220218,20220218,133401000,13:34:01,8894,3518,7094,155963570,0,0,0
eb2206,20220218,20220218,133401500,13:34:02,8894,3518,7094,155963570,0,0,0
eb2206,20220218,20220218,133402000,13:34:02,8894,3518,7094,155963570,0,0,0
eb2206,20220218,20220218,133403000,13:34:10,8894,3518,7094,155963570,0,0,0
eb2206,20220218,20220218,133403500,13:34:11,8894,3518,7094,155963570,0,0,0
eb2206,20220218,20220218,133410000,13:34:12,8894,3518,7094,155963570,0,0,0
eb2206,20220218,20220218,133410500,13:34:12,8894,3518,7094,155963570,0,0,0
eb2206,20220218,20220218,133411000,13:34:12,8894,3518,7094,155963570,0,0,0
eb2206,20220218,20220218,133411500,13:34:12,8894,3518,7094,155963570,0,0,0
eb2206,20220218,20220218,133412000,13:34:12,8894,3518,7094,155963570,0,0,0
eb2206,20220218,20220218,133413500,13:34:14,8894,3518,7094,155963570,0,0,0
eb2206,20220218,20220218,133414000,13:34:14,8894,3518,7094,155963570,0,0,0
eb2206,20220218,20220218,133414500,13:34:14,8894,3518,7094,155963570,0,0,0
eb2206,20220218,20220218,133415500,13:34:16,8894,3518,7094,155963570,0,0,0
eb2206,20220218,20220218,133416000,13:34:16,8894,3518,7094,155963570,0,0,0
eb2206,20220218,20220218,133416500,13:34:16,8894,3518,7094,155963570,0,0,0
eb2206,20220218,20220218,133417000,13:34:17,8894,3518,7094,155963570,0,0,0
eb2206,20220218,20220218,133418000,13:34:18,8894,3518,7094,155963570,0,0,0
eb2206,20220218,20220218,133418500,13:34:18,8894,3518,7094,155963570,0,0,0
eb2206,20220218,20220218,133419000,13:34:19,8894,3518,7094,155963570,0,0,0
eb2206,20220218,20220218,133419500,13:34:20,8894,3518,7094,155963570,0,0,0
eb2206,20220218,20220218,133420000,13:34:20,8894,3518,7094,155963570,0,0,0
eb2206,20220218,20220218,133420500,13:34:21,8894,3518,7094,155963570,0,0,0
eb2206,20220218,20220218,133424500,13:34:24,8894,3518,7094,155963570,0,0,0
eb2206,20220218,20220218,133425000,13:34:25,8894,3518,7094,155963570,0,0,0
eb2206,20220218,20220218,133425500,13:34:25,8894,3518,7094,155963570,0,0,0
eb2206,20220218,20220218,133426000,13:34:26,8894,3518,7094,155963570,0,0,0
eb2206,20220218,20220218,133428000,13:34:28,8894,3518,7094,155963570,0,0,0
eb2206,20220218,20220218,133428500,13:34:29,8894,3518,7094,155963570,0,0,0
eb2206,20220218,20220218,133429000,13:34:29,8894,3518,7094,155963570,0,0,0
eb2206,20220218,20220218,133429500,13:34:29,8894,3518,7094,155963570,0,0,0
eb2206,20220218,20220218,133432000,13:34:32,8894,3518,7094,155963570,0,0,0
eb2206,20220218,20220218,133433000,13:34:33,8894,3518,7094,155963570,0,0,0
eb2206,20220218,20220218,133435500,13:34:36,8894,3518,7094,155963570,0,0,0
eb2206,20220218,20220218,133436000,13:34:36,8894,3518,7094,155963570,0,0,0
eb2206,20220218,20220218,133436500,13:34:36,8894,3518,7094,155963570,0,0,0
eb2206,20220218,20220218,133437500,13:34:38,8894,3518,7094,155963570,0,0,0
eb2206,20220218,20220218,133438000,13:34:38,8894,3518,7094,155963570,0,0,0
eb2206,20220218,20220218,133438500,13:34:38,8894,3518,7094,155963570,0,0,0
eb2206,20220218,20220218,133439000,13:34:39,8894,3518,7094,155963570,0,0,0
eb2206,20220218,20220218,133439500,13:34:39,8894,3518,7094,155963570,0,0,0
eb2206,20220218,20220218,133440500,13:34:41,8894,3518,7094,155963570,0,0,0
eb2206,20220218,20220218,133441000,13:34:41,8894,3518,7094,155963570,0,0,0
eb2206,20220218,20220218,133441500,13:34:41,8894,3518,7094,155963570,0,0,0
eb2206,20220218,20220218,133442000,13:34:43,8891,3520,7096,156052480,2,2,88910
eb2206,20220218,20220218,133442500,13:34:44,8890,3524,7100,156230280,4,4,177800
eb2206,20220218,20220218,133443000,13:34:45,8890,3524,7100,156230280,0,0,0
eb2206,20220218,20220218,133443500,13:34:45,8890,3526,7098,156319180,2,-2,88900
eb2206,20220218,20220218,133444000,13:34:45,8890,3526,7098,156319180,0,0,0
eb2206,20220218,20220218,133445000,13:34:46,8890,3526,7098,156319180,0,0,0
eb2206,20220218,20220218,133446000,13:34:46,8890,3526,7098,156319180,0,0,0
eb2206,20220218,20220218,133446500,13:34:47,8890,3526,7098,156319180,0,0,0
eb2206,20220218,20220218,133449000,13:34:49,8890,3526,7098,156319180,0,0,0
eb2206,20220218,20220218,133449500,13:34:49,8890,3526,7098,156319180,0,0,0
eb2206,20220218,20220218,133450000,13:34:50,8890,3526,7098,156319180,0,0,0
eb2206,20220218,20220218,133450500,13:34:51,8890,3526,7098,156319180,0,0,0
eb2206,20220218,20220218,133451000,13:34:51,8890,3526,7098,156319180,0,0,0
eb2206,20220218,20220218,133453000,13:34:53,8890,3526,7098,156319180,0,0,0
eb2206,20220218,20220218,133454500,13:34:56,8890,3526,7098,156319180,0,0,0
eb2206,20220218,20220218,133455000,13:34:56,8890,3526,7098,156319180,0,0,0
eb2206,20220218,20220218,133455500,13:34:56,8890,3526,7098,156319180,0,0,0
eb2206,20220218,20220218,133458000,13:34:58,8890,3526,7098,156319180,0,0,0
eb2206,20220218,20220218,133458500,13:34:59,8890,3526,7098,156319180,0,0,0
eb2206,20220218,20220218,133459000,13:34:59,8890,3526,7098,156319180,0,0,0
eb2206,20220218,20220218,133459500,13:35:00,8890,3526,7098,156319180,0,0,0
eb2206,20220218,20220218,133500000,13:35:00,8890,3526,7098,156319180,0,0,0
eb2206,20220218,20220218,133502000,13:35:10,8890,3526,7098,156319180,0,0,0
eb2206,20220218,20220218,133504500,13:35:10,8890,3526,7098,156319180,0,0,0
eb2206,20220218,20220218,133510000,13:35:10,8890,3526,7098,156319180,0,0,0
eb2206,20220218,20220218,133510500,13:35:11,8890,3526,7098,156319180,0,0,0
eb2206,20220218,20220218,133511000,13:35:11,8890,3526,7098,156319180,0,0,0
eb2206,20220218,20220218,133511500,13:35:12,8890,3526,7098,156319180,0,0,0
eb2206,20220218,20220218,133512000,13:35:12,8890,3526,7098,156319180,0,0,0
eb2206,20220218,20220218,133512500,13:35:13,8890,3526,7098,156319180,0,0,0
eb2206,20220218,20220218,133513000,13:35:13,8890,3526,7098,156319180,0,0,0
eb2206,20220218,20220218,133513500,13:35:14,8890,3526,7098,156319180,0,0,0
eb2206,20220218,20220218,133514000,13:35:14,8890,3526,7098,156319180,0,0,0
eb2206,20220218,20220218,133514500,13:35:15,8890,3526,7098,156319180,0,0,0
eb2206,20220218,20220218,133515500,13:35:16,8890,3526,7098,156319180,0,0,0
eb2206,20220218,20220218,133516000,13:35:16,8890,3526,7098,156319180,0,0,0
eb2206,20220218,20220218,133516500,13:35:16,8890,3526,7098,156319180,0,0,0
eb2206,20220218,20220218,133517000,13:35:17,8890,3526,7098,156319180,0,0,0
eb2206,20220218,20220218,133517500,13:35:18,8890,3526,7098,156319180,0,0,0
eb2206,20220218,20220218,133518000,13:35:18,8890,3526,7098,156319180,0,0,0
eb2206,20220218,20220218,133519000,13:35:19,8890,3526,7098,156319180,0,0,0
eb2206,20220218,20220218,133520500,13:35:21,8890,3526,7098,156319180,0,0,0
eb2206,20220218,20220218,133521000,13:35:21,8890,3526,7098,156319180,0,0,0
eb2206,20220218,20220218,133521500,13:35:22,8890,3526,7098,156319180,0,0,0
eb2206,20220218,20220218,133522000,13:35:22,8890,3526,7098,156319180,0,0,0
eb2206,20220218,20220218,133522500,13:35:23,8890,3526,7098,156319180,0,0,0
eb2206,20220218,20220218,133523000,13:35:23,8890,3526,7098,156319180,0,0,0
eb2206,20220218,20220218,133523500,13:35:23,8890,3526,7098,156319180,0,0,0
eb2206,20220218,20220218,133524000,13:35:25,8890,3526,7098,156319180,0,0,0
eb2206,20220218,20220218,133524500,13:35:25,8890,3526,7098,156319180,0,0,0
eb2206,20220218,20220218,133525000,13:35:25,8890,3526,7098,156319180,0,0,0
eb2206,20220218,20220218,133525500,13:35:26,8890,3526,7098,156319180,0,0,0
eb2206,20220218,20220218,133526000,13:35:26,8890,3526,7098,156319180,0,0,0
eb2206,20220218,20220218,133526500,13:35:27,8890,3526,7098,156319180,0,0,0
eb2206,20220218,20220218,133527000,13:35:27,8890,3526,7098,156319180,0,0,0
eb2206,20220218,20220218,133527500,13:35:31,8890,3526,7098,156319180,0,0,0
eb2206,20220218,20220218,133528000,13:35:31,8890,3526,7098,156319180,0,0,0
eb2206,20220218,20220218,133528500,13:35:32,8890,3526,7098,156319180,0,0,0
eb2206,20220218,20220218,133531000,13:35:33,8890,3526,7098,156319180,0,0,0
eb2206,20220218,20220218,133531500,13:35:41,8890,3526,7098,156319180,0,0,0
eb2206,20220218,20220218,133532000,13:35:42,8890,3526,7098,156319180,0,0,0
eb2206,20220218,20220218,133532500,13:35:42,8890,3526,7098,156319180,0,0,0
eb2206,20220218,20220218,133540500,13:35:43,8890,3526,7098,156319180,0,0,0
eb2206,20220218,20220218,133545500,13:35:46,8891,3528,7096,156408090,2,-2,88910
eb2206,20220218,20220218,133546000,13:35:46,8891,3528,7096,156408090,0,0,0
eb2206,20220218,20220218,133546500,13:35:46,8891,3528,7096,156408090,0,0,0
eb2206,20220218,20220218,133547000,13:35:47,8891,3528,7096,156408090,0,0,0
eb2206,20220218,20220218,133547500,13:35:48,8891,3528,7096,156408090,0,0,0
eb2206,20220218,20220218,133548000,13:35:48,8891,3528,7096,156408090,0,0,0
eb2206,20220218,20220218,133548500,13:35:48,8891,3528,7096,156408090,0,0,0
eb2206,20220218,20220218,133549000,13:35:49,8891,3528,7096,156408090,0,0,0
eb2206,20220218,20220218,133549500,13:35:49,8891,3528,7096,156408090,0,0,0
eb2206,20220218,20220218,133550000,13:35:50,8891,3528,7096,156408090,0,0,0
eb2206,20220218,20220218,133550500,13:35:50,8891,3528,7096,156408090,0,0,0
eb2206,20220218,20220218,133551000,13:35:51,8891,3528,7096,156408090,0,0,0
eb2206,20220218,20220218,133551500,13:35:51,8891,3528,7096,156408090,0,0,0
eb2206,20220218,20220218,133552000,13:35:52,8891,3528,7096,156408090,0,0,0
eb2206,20220218,20220218,133552500,13:35:52,8891,3528,7096,156408090,0,0,0
eb2206,20220218,20220218,133553000,13:35:53,8891,3528,7096,156408090,0,0,0
eb2206,20220218,20220218,133553500,13:35:55,8891,3528,7096,156408090,0,0,0
eb2206,20220218,20220218,133554000,13:35:55,8891,3528,7096,156408090,0,0,0
eb2206,20220218,20220218,133555000,13:35:56,8891,3528,7096,156408090,0,0,0
eb2206,20220218,20220218,133559500,13:36:03,8891,3528,7096,156408090,0,0,0
eb2206,20220218,20220218,133600000,13:36:03,8891,3528,7096,156408090,0,0,0
eb2206,20220218,20220218,133601500,13:36:03,8891,3528,7096,156408090,0,0,0
eb2206,20220218,20220218,133602000,13:36:03,8891,3528,7096,156408090,0,0,0
eb2206,20220218,20220218,133603500,13:36:05,8891,3528,7096,156408090,0,0,0
eb2206,20220218,20220218,133604000,13:36:06,8891,3528,7096,156408090,0,0,0
eb2206,20220218,20220218,133605000,13:36:06,8890,3529,7095,156452540,1,-1,44450
eb2206,20220218,20220218,133605500,13:36:07,8890,3529,7095,156452540,0,0,0
eb2206,20220218,20220218,133607000,13:36:07,8890,3529,7095,156452540,0,0,0
eb2206,20220218,20220218,133607500,13:36:08,8890,3529,7095,156452540,0,0,0
eb2206,20220218,20220218,133608000,13:36:08,8890,3529,7095,156452540,0,0,0
eb2206,20220218,20220218,133608500,13:36:08,8890,3529,7095,156452540,0,0,0
eb2206,20220218,20220218,133609000,13:36:09,8890,3529,7095,156452540,0,0,0
eb2206,20220218,20220218,133610000,13:36:10,8890,3529,7095,156452540,0,0,0
eb2206,20220218,20220218,133611000,13:36:11,8890,3529,7095,156452540,0,0,0
eb2206,20220218,20220218,133611500,13:36:12,8890,3529,7095,156452540,0,0,0
eb2206,20220218,20220218,133612000,13:36:12,8890,3529,7095,156452540,0,0,0
eb2206,20220218,20220218,133612500,13:36:12,8890,3529,7095,156452540,0,0,0
eb2206,20220218,20220218,133613000,13:36:13,8890,3529,7095,156452540,0,0,0
eb2206,20220218,20220218,133613500,13:36:14,8890,3529,7095,156452540,0,0,0
eb2206,20220218,20220218,133614000,13:36:14,8890,3529,7095,156452540,0,0,0
eb2206,20220218,20220218,133614500,13:36:14,8890,3529,7095,156452540,0,0,0
eb2206,20220218,20220218,133615000,13:36:15,8890,3529,7095,156452540,0,0,0
eb2206,20220218,20220218,133616500,13:36:17,8890,3529,7095,156452540,0,0,0
eb2206,20220218,20220218,133617000,13:36:17,8890,3529,7095,156452540,0,0,0
eb2206,20220218,20220218,133617500,13:36:19,8890,3529,7095,156452540,0,0,0
eb2206,20220218,20220218,133618000,13:36:19,8890,3529,7095,156452540,0,0,0
eb2206,20220218,20220218,133618500,13:36:19,8890,3529,7095,156452540,0,0,0
eb2206,20220218,20220218,133619000,13:36:19,8890,3529,7095,156452540,0,0,0
eb2206,20220218,20220218,133621500,13:36:21,8890,3529,7095,156452540,0,0,0
eb2206,20220218,20220218,133622000,13:36:22,8890,3529,7095,156452540,0,0,0
eb2206,20220218,20220218,133622500,13:36:22,8890,3529,7095,156452540,0,0,0
eb2206,20220218,20220218,133623000,13:36:23,8890,3529,7095,156452540,0,0,0
eb2206,20220218,20220218,133623500,13:36:23,8890,3529,7095,156452540,0,0,0
eb2206,20220218,20220218,133624000,13:36:24,8890,3529,7095,156452540,0,0,0
eb2206,20220218,20220218,133624500,13:36:24,8890,3529,7095,156452540,0,0,0
eb2206,20220218,20220218,133625000,13:36:25,8890,3529,7095,156452540,0,0,0
eb2206,20220218,20220218,133625500,13:36:26,8890,3529,7095,156452540,0,0,0
eb2206,20220218,20220218,133626000,13:36:26,8890,3529,7095,156452540,0,0,0
eb2206,20220218,20220218,133628500,13:36:29,8890,3529,7095,156452540,0,0,0
eb2206,20220218,20220218,133629000,13:36:29,8890,3529,7095,156452540,0,0,0
eb2206,20220218,20220218,133629500,13:36:30,8890,3529,7095,156452540,0,0,0
eb2206,20220218,20220218,133630000,13:36:30,8890,3529,7095,156452540,0,0,0
eb2206,20220218,20220218,133630500,13:36:31,8890,3529,7095,156452540,0,0,0
eb2206,20220218,20220218,133631000,13:36:31,8890,3529,7095,156452540,0,0,0
eb2206,20220218,20220218,133631500,13:36:31,8890,3529,7095,156452540,0,0,0
eb2206,20220218,20220218,133632500,13:36:32,8890,3529,7095,156452540,0,0,0
eb2206,20220218,20220218,133633000,13:36:33,8890,3529,7095,156452540,0,0,0
eb2206,20220218,20220218,133633500,13:36:33,8890,3529,7095,156452540,0,0,0
eb2206,20220218,20220218,133634000,13:36:34,8890,3529,7095,156452540,0,0,0
eb2206,20220218,20220218,133634500,13:36:35,8890,3529,7095,156452540,0,0,0
eb2206,20220218,20220218,133635000,13:36:35,8890,3529,7095,156452540,0,0,0
eb2206,20220218,20220218,133635500,13:36:36,8890,3529,7095,156452540,0,0,0
eb2206,20220218,20220218,133636000,13:36:36,8890,3529,7095,156452540,0,0,0
eb2206,20220218,20220218,133636500,13:36:36,8890,3529,7095,156452540,0,0,0
eb2206,20220218,20220218,133639500,13:36:39,8894,3530,7095,156497010,1,0,44470
eb2206,20220218,20220218,133640000,13:36:40,8893,3537,7099,156808285,7,4,311275
eb2206,20220218,20220218,133640500,13:36:40,8893,3537,7099,156808285,0,0,0
eb2206,20220218,20220218,133641000,13:36:41,8893,3540,7100,156941680,3,1,133395
eb2206,20220218,20220218,133641500,13:36:41,8894,3543,7097,157075090,3,-3,133410
eb2206,20220218,20220218,133642000,13:36:42,8894,3543,7097,157075090,0,0,0
eb2206,20220218,20220218,133642500,13:36:42,8894,3543,7097,157075090,0,0,0
eb2206,20220218,20220218,133644000,13:36:44,8894,3543,7097,157075090,0,0,0
eb2206,20220218,20220218,133645000,13:36:45,8894,3543,7097,157075090,0,0,0
eb2206,20220218,20220218,133646000,13:36:46,8894,3543,7097,157075090,0,0,0
eb2206,20220218,20220218,133647000,13:36:47,8894,3543,7097,157075090,0,0,0
eb2206,20220218,20220218,133649500,13:36:49,8894,3543,7097,157075090,0,0,0
eb2206,20220218,20220218,133651000,13:36:51,8894,3543,7097,157075090,0,0,0
eb2206,20220218,20220218,133651500,13:36:51,8894,3543,7097,157075090,0,0,0
eb2206,20220218,20220218,133652000,13:36:52,8894,3543,7097,157075090,0,0,0
eb2206,20220218,20220218,133652500,13:36:53,8894,3543,7097,157075090,0,0,0
eb2206,20220218,20220218,133655500,13:36:56,8894,3543,7097,157075090,0,0,0
eb2206,20220218,20220218,133658000,13:36:58,8894,3543,7097,157075090,0,0,0
eb2206,20220218,20220218,133658500,13:36:59,8894,3543,7097,157075090,0,0,0
eb2206,20220218,20220218,133659000,13:36:59,8894,3543,7097,157075090,0,0,0
eb2206,20220218,20220218,133659500,13:36:59,8893,3546,7096,157208490,3,-1,133400
eb2206,20220218,20220218,133700000,13:37:00,8892,3549,7098,157341870,3,2,133380
eb2206,20220218,20220218,133700500,13:37:00,8892,3551,7097,157430790,2,-1,88920
eb2206,20220218,20220218,133701000,13:37:01,8892,3551,7097,157430790,0,0,0
eb2206,20220218,20220218,133701500,13:37:02,8892,3551,7097,157430790,0,0,0
eb2206,20220218,20220218,133702500,13:37:03,8892,3551,7097,157430790,0,0,0
eb2206,20220218,20220218,133703000,13:37:03,8892,3551,7097,157430790,0,0,0
eb2206,20220218,20220218,133703500,13:37:03,8892,3551,7097,157430790,0,0,0
eb2206,20220218,20220218,133706000,13:37:08,8893,3553,7097,157519720,2,0,88930
eb2206,20220218,20220218,133706500,13:37:08,8893,3553,7097,157519720,0,0,0
eb2206,20220218,20220218,133707000,13:37:08,8895,3557,7095,157697605,4,-2,177885
eb2206,20220218,20220218,133707500,13:37:08,8895,3557,7095,157697605,0,0,0
eb2206,20220218,20220218,133708000,13:37:08,8895,3557,7095,157697605,0,0,0
eb2206,20220218,20220218,133710000,13:37:11,8894,3560,7097,157831015,3,2,133410
eb2206,20220218,20220218,133710500,13:37:11,8893,3561,7097,157875480,1,0,44465
eb2206,20220218,20220218,133711000,13:37:11,8893,3561,7097,157875480,0,0,0
eb2206,20220218,20220218,133711500,13:37:13,8893,3561,7097,157875480,0,0,0
eb2206,20220218,20220218,133712000,13:37:13,8893,3561,7097,157875480,0,0,0
eb2206,20220218,20220218,133712500,13:37:13,8893,3561,7097,157875480,0,0,0
eb2206,20220218,20220218,133714000,13:37:14,8893,3561,7097,157875480,0,0,0
eb2206,20220218,20220218,133714500,13:37:14,8893,3561,7097,157875480,0,0,0
eb2206,20220218,20220218,133715000,13:37:15,8893,3561,7097,157875480,0,0,0
eb2206,20220218,20220218,133715500,13:37:16,8893,3561,7097,157875480,0,0,0
eb2206,20220218,20220218,133716000,13:37:16,8893,3561,7097,157875480,0,0,0
eb2206,20220218,20220218,133716500,13:37:17,8893,3561,7097,157875480,0,0,0
eb2206,20220218,20220218,133717000,13:37:17,8893,3561,7097,157875480,0,0,0
eb2206,20220218,20220218,133717500,13:37:18,8893,3561,7097,157875480,0,0,0
eb2206,20220218,20220218,133718000,13:37:18,8893,3561,7097,157875480,0,0,0
eb2206,20220218,20220218,133718500,13:37:19,8893,3561,7097,157875480,0,0,0
eb2206,20220218,20220218,133719000,13:37:19,8893,3561,7097,157875480,0,0,0
eb2206,20220218,20220218,133719500,13:37:20,8893,3561,7097,157875480,0,0,0
eb2206,20220218,20220218,133720000,13:37:21,8893,3561,7097,157875480,0,0,0
eb2206,20220218,20220218,133720500,13:37:21,8893,3561,7097,157875480,0,0,0
eb2206,20220218,20220218,133723000,13:37:23,8893,3561,7097,157875480,0,0,0
eb2206,20220218,20220218,133723500,13:37:23,8893,3561,7097,157875480,0,0,0
eb2206,20220218,20220218,133724500,13:37:25,8893,3561,7097,157875480,0,0,0
eb2206,20220218,20220218,133725000,13:37:25,8893,3561,7097,157875480,0,0,0
eb2206,20220218,20220218,133727500,13:37:27,8893,3561,7097,157875480,0,0,0
eb2206,20220218,20220218,133728000,13:37:28,8893,3561,7097,157875480,0,0,0
eb2206,20220218,20220218,133728500,13:37:28,8893,3561,7097,157875480,0,0,0
eb2206,20220218,20220218,133729000,13:37:29,8893,3561,7097,157875480,0,0,0
eb2206,20220218,20220218,133731000,13:37:31,8893,3561,7097,157875480,0,0,0
eb2206,20220218,20220218,133731500,13:37:31,8893,3561,7097,157875480,0,0,0
eb2206,20220218,20220218,133732000,13:37:32,8893,3561,7097,157875480,0,0,0
eb2206,20220218,20220218,133732500,13:37:33,8893,3561,7097,157875480,0,0,0
eb2206,20220218,20220218,133733500,13:37:33,8893,3562,7096,157919945,1,-1,44465
eb2206,20220218,20220218,133734000,13:37:34,8893,3562,7096,157919945,0,0,0
eb2206,20220218,20220218,133734500,13:37:34,8893,3562,7096,157919945,0,0,0
eb2206,20220218,20220218,133735000,13:37:35,8893,3562,7096,157919945,0,0,0
eb2206,20220218,20220218,133737500,13:37:37,8893,3562,7096,157919945,0,0,0
eb2206,20220218,20220218,133738000,13:37:38,8893,3562,7096,157919945,0,0,0
eb2206,20220218,20220218,133738500,13:37:39,8893,3562,7096,157919945,0,0,0
eb2206,20220218,20220218,133739000,13:37:39,8893,3562,7096,157919945,0,0,0
eb2206,20220218,20220218,133747500,13:37:48,8893,3562,7096,157919945,0,0,0
eb2206,20220218,20220218,133748000,13:37:48,8893,3562,7096,157919945,0,0,0
eb2206,20220218,20220218,133755500,13:37:55,8893,3562,7096,157919945,0,0,0
eb2206,20220218,20220218,133756000,13:37:56,8893,3562,7096,157919945,0,0,0
eb2206,20220218,20220218,133758500,13:37:59,8893,3562,7096,157919945,0,0,0
eb2206,20220218,20220218,133800500,13:38:02,8893,3562,7096,157919945,0,0,0
eb2206,20220218,20220218,133802000,13:38:03,8893,3562,7096,157919945,0,0,0
eb2206,20220218,20220218,133802500,13:38:05,8893,3562,7096,157919945,0,0,0
eb2206,20220218,20220218,133803000,13:38:06,8893,3562,7096,157919945,0,0,0
eb2206,20220218,20220218,133803500,13:38:06,8893,3562,7096,157919945,0,0,0
eb2206,20220218,20220218,133806000,13:38:08,8893,3563,7096,157964415,1,0,44470
eb2206,20220218,20220218,133806500,13:38:09,8893,3563,7096,157964415,0,0,0
eb2206,20220218,20220218,133809000,13:38:09,8893,3563,7096,157964415,0,0,0
eb2206,20220218,20220218,133810500,13:38:10,8893,3563,7096,157964415,0,0,0
eb2206,20220218,20220218,133811000,13:38:11,8893,3563,7096,157964415,0,0,0
eb2206,20220218,20220218,133813500,13:38:15,8893,3563,7096,157964415,0,0,0
eb2206,20220218,20220218,133815000,13:38:17,8893,3563,7096,157964415,0,0,0
eb2206,20220218,20220218,133815500,13:38:17,8893,3563,7096,157964415,0,0,0
eb2206,20220218,20220218,133817000,13:38:18,8893,3563,7096,157964415,0,0,0
eb2206,20220218,20220218,133819000,13:38:19,8893,3563,7096,157964415,0,0,0
eb2206,20220218,20220218,133819500,13:38:19,8893,3563,7096,157964415,0,0,0
eb2206,20220218,20220218,133820000,13:38:20,8893,3563,7096,157964415,0,0,0
eb2206,20220218,20220218,133820500,13:38:22,8893,3563,7096,157964415,0,0,0
eb2206,20220218,20220218,133821000,13:38:22,8893,3563,7096,157964415,0,0,0
eb2206,20220218,20220218,133821500,13:38:23,8893,3563,7096,157964415,0,0,0
eb2206,20220218,20220218,133822000,13:38:23,8893,3563,7096,157964415,0,0,0
eb2206,20220218,20220218,133822500,13:38:23,8893,3563,7096,157964415,0,0,0
eb2206,20220218,20220218,133823000,13:38:23,8893,3563,7096,157964415,0,0,0
eb2206,20220218,20220218,133823500,13:38:24,8893,3563,7096,157964415,0,0,0
eb2206,20220218,20220218,133824000,13:38:24,8893,3563,7096,157964415,0,0,0
eb2206,20220218,20220218,133824500,13:38:32,8893,3563,7096,157964415,0,0,0
eb2206,20220218,20220218,133825000,13:38:41,8893,3563,7096,157964415,0,0,0
eb2206,20220218,20220218,133825500,13:38:41,8893,3563,7096,157964415,0,0,0
eb2206,20220218,20220218,133840500,13:38:43,8893,3563,7096,157964415,0,0,0
eb2206,20220218,20220218,133841000,13:38:43,8893,3563,7096,157964415,0,0,0
eb2206,20220218,20220218,133844000,13:38:44,8893,3563,7096,157964415,0,0,0
eb2206,20220218,20220218,133844500,13:38:44,8893,3563,7096,157964415,0,0,0
eb2206,20220218,20220218,133845000,13:38:45,8893,3563,7096,157964415,0,0,0
eb2206,20220218,20220218,133847000,13:38:47,8893,3563,7096,157964415,0,0,0
eb2206,20220218,20220218,133851000,13:38:51,8893,3563,7096,157964415,0,0,0
eb2206,20220218,20220218,133853500,13:38:53,8893,3563,7096,157964415,0,0,0
eb2206,20220218,20220218,133856500,13:38:56,8893,3563,7096,157964415,0,0,0
eb2206,20220218,20220218,133859500,13:38:59,8893,3563,7096,157964415,0,0,0
eb2206,20220218,20220218,133913500,13:39:13,8893,3563,7096,157964415,0,0,0
eb2206,20220218,20220218,133914000,13:39:15,8893,3563,7096,157964415,0,0,0
eb2206,20220218,20220218,133914500,13:39:15,8893,3563,7096,157964415,0,0,0
eb2206,20220218,20220218,133918000,13:39:19,8893,3563,7096,157964415,0,0,0
eb2206,20220218,20220218,133919000,13:39:19,8893,3563,7096,157964415,0,0,0
eb2206,20220218,20220218,133920500,13:39:20,8893,3563,7096,157964415,0,0,0
eb2206,20220218,20220218,133924000,13:39:24,8893,3563,7096,157964415,0,0,0
eb2206,20220218,20220218,133925500,13:39:26,8893,3563,7096,157964415,0,0,0
eb2206,20220218,20220218,133930500,13:39:30,8893,3563,7096,157964415,0,0,0
eb2206,20220218,20220218,133935500,13:39:35,8893,3563,7096,157964415,0,0,0
eb2206,20220218,20220218,133937000,13:39:37,8893,3563,7096,157964415,0,0,0
eb2206,20220218,20220218,133937500,13:39:37,8893,3563,7096,157964415,0,0,0
eb2206,20220218,20220218,133938500,13:39:38,8893,3563,7096,157964415,0,0,0
eb2206,20220218,20220218,133939500,13:39:39,8893,3563,7096,157964415,0,0,0
eb2206,20220218,20220218,133940000,13:39:40,8893,3563,7096,157964415,0,0,0
eb2206,20220218,20220218,133941000,13:39:41,8893,3563,7096,157964415,0,0,0
eb2206,20220218,20220218,133943000,13:39:43,8893,3563,7096,157964415,0,0,0
eb2206,20220218,20220218,133944000,13:39:44,8893,3563,7096,157964415,0,0,0
eb2206,20220218,20220218,133945000,13:39:45,8893,3563,7096,157964415,0,0,0
eb2206,20220218,20220218,133945500,13:39:46,8893,3563,7096,157964415,0,0,0
eb2206,20220218,20220218,133946000,13:39:47,8893,3563,7096,157964415,0,0,0
eb2206,20220218,20220218,133947000,13:39:47,8893,3563,7096,157964415,0,0,0
eb2206,20220218,20220218,133947500,13:39:47,8893,3563,7096,157964415,0,0,0
eb2206,20220218,20220218,133950500,13:39:50,8893,3563,7096,157964415,0,0,0
eb2206,20220218,20220218,133951000,13:39:51,8893,3563,7096,157964415,0,0,0
eb2206,20220218,20220218,133951500,13:39:51,8893,3563,7096,157964415,0,0,0
eb2206,20220218,20220218,133954500,13:39:55,8893,3563,7096,157964415,0,0,0
eb2206,20220218,20220218,133956000,13:39:56,8893,3563,7096,157964415,0,0,0
eb2206,20220218,20220218,133956500,13:39:57,8893,3563,7096,157964415,0,0,0
eb2206,20220218,20220218,133957000,13:39:57,8893,3563,7096,157964415,0,0,0
eb2206,20220218,20220218,133957500,13:40:13,8893,3563,7096,157964415,0,0,0
eb2206,20220218,20220218,133958000,13:40:13,8893,3563,7096,157964415,0,0,0
eb2206,20220218,20220218,133958500,13:40:13,8893,3563,7096,157964415,0,0,0
eb2206,20220218,20220218,134012500,13:40:13,8893,3563,7096,157964415,0,0,0
eb2206,20220218,20220218,134013500,13:40:13,8893,3563,7096,157964415,0,0,0
eb2206,20220218,20220218,134014000,13:40:14,8893,3563,7096,157964415,0,0,0
eb2206,20220218,20220218,134014500,13:40:15,8893,3563,7096,157964415,0,0,0
eb2206,20220218,20220218,134015000,13:40:16,8893,3563,7096,157964415,0,0,0
eb2206,20220218,20220218,134015500,13:40:16,8893,3563,7096,157964415,0,0,0
eb2206,20220218,20220218,134016000,13:40:16,8893,3563,7096,157964415,0,0,0
eb2206,20220218,20220218,134016500,13:40:16,8893,3563,7096,157964415,0,0,0
eb2206,20220218,20220218,134017000,13:40:17,8893,3563,7096,157964415,0,0,0
eb2206,20220218,20220218,134017500,13:40:18,8893,3563,7096,157964415,0,0,0
eb2206,20220218,20220218,134018000,13:40:19,8893,3563,7096,157964415,0,0,0
eb2206,20220218,20220218,134018500,13:40:19,8893,3563,7096,157964415,0,0,0
eb2206,20220218,20220218,134020000,13:40:20,8893,3563,7096,157964415,0,0,0
eb2206,20220218,20220218,134020500,13:40:21,8893,3563,7096,157964415,0,0,0
eb2206,20220218,20220218,134021000,13:40:21,8893,3563,7096,157964415,0,0,0
eb2206,20220218,20220218,134022000,13:40:22,8893,3563,7096,157964415,0,0,0
eb2206,20220218,20220218,134022500,13:40:22,8893,3563,7096,157964415,0,0,0
eb2206,20220218,20220218,134026500,13:40:27,8893,3563,7096,157964415,0,0,0
eb2206,20220218,20220218,134027000,13:40:27,8893,3563,7096,157964415,0,0,0
eb2206,20220218,20220218,134028000,13:40:28,8893,3563,7096,157964415,0,0,0
eb2206,20220218,20220218,134038500,13:40:39,8893,3563,7096,157964415,0,0,0
eb2206,20220218,20220218,134039000,13:40:39,8893,3563,7096,157964415,0,0,0
eb2206,20220218,20220218,134040500,13:40:41,8893,3563,7096,157964415,0,0,0
eb2206,20220218,20220218,134041000,13:40:42,8893,3563,7096,157964415,0,0,0
eb2206,20220218,20220218,134041500,13:40:42,8893,3563,7096,157964415,0,0,0
eb2206,20220218,20220218,134042000,13:40:42,8893,3563,7096,157964415,0,0,0
eb2206,20220218,20220218,134043500,13:40:44,8893,3563,7096,157964415,0,0,0
eb2206,20220218,20220218,134044000,13:40:44,8893,3563,7096,157964415,0,0,0
eb2206,20220218,20220218,134044500,13:40:44,8893,3563,7096,157964415,0,0,0
eb2206,20220218,20220218,134045000,13:40:45,8893,3563,7096,157964415,0,0,0
eb2206,20220218,20220218,134050500,13:40:50,8893,3563,7096,157964415,0,0,0
eb2206,20220218,20220218,134051000,13:40:51,8893,3563,7096,157964415,0,0,0
eb2206,20220218,20220218,134051500,13:40:55,8893,3563,7096,157964415,0,0,0
eb2206,20220218,20220218,134052500,13:40:55,8893,3563,7096,157964415,0,0,0
eb2206,20220218,20220218,134053000,13:40:55,8893,3563,7096,157964415,0,0,0
eb2206,20220218,20220218,134055500,13:40:57,8893,3563,7096,157964415,0,0,0
eb2206,20220218,20220218,134100000,13:41:00,8893,3563,7096,157964415,0,0,0
eb2206,20220218,20220218,134100500,13:41:00,8893,3563,7096,157964415,0,0,0
eb2206,20220218,20220218,134101000,13:41:01,8893,3563,7096,157964415,0,0,0
eb2206,20220218,20220218,134101500,13:41:01,8893,3563,7096,157964415,0,0,0
eb2206,20220218,20220218,134102000,13:41:02,8893,3563,7096,157964415,0,0,0
eb2206,20220218,20220218,134104000,13:41:05,8893,3563,7096,157964415,0,0,0
eb2206,20220218,20220218,134106000,13:41:07,8893,3563,7096,157964415,0,0,0
eb2206,20220218,20220218,134106500,13:41:07,8893,3563,7096,157964415,0,0,0
eb2206,20220218,20220218,134107000,13:41:07,8893,3563,7096,157964415,0,0,0
eb2206,20220218,20220218,134107500,13:41:09,8893,3563,7096,157964415,0,0,0
eb2206,20220218,20220218,134108000,13:41:09,8893,3563,7096,157964415,0,0,0
eb2206,20220218,20220218,134108500,13:41:10,8893,3563,7096,157964415,0,0,0
eb2206,20220218,20220218,134109000,13:41:10,8893,3563,7096,157964415,0,0,0
eb2206,20220218,20220218,134109500,13:41:10,8893,3563,7096,157964415,0,0,0
eb2206,20220218,20220218,134110000,13:41:10,8893,3563,7096,157964415,0,0,0
eb2206,20220218,20220218,134110500,13:41:10,8893,3563,7096,157964415,0,0,0
eb2206,20220218,20220218,134111000,13:41:11,8893,3563,7096,157964415,0,0,0
eb2206,20220218,20220218,134111500,13:41:11,8893,3563,7096,157964415,0,0,0
eb2206,20220218,20220218,134112000,13:41:12,8893,3563,7096,157964415,0,0,0
eb2206,20220218,20220218,134112500,13:41:12,8893,3563,7096,157964415,0,0,0
eb2206,20220218,20220218,134113000,13:41:13,8893,3563,7096,157964415,0,0,0
eb2206,20220218,20220218,134113500,13:41:13,8893,3563,7096,157964415,0,0,0
eb2206,20220218,20220218,134114000,13:41:14,8893,3563,7096,157964415,0,0,0
eb2206,20220218,20220218,134114500,13:41:15,8893,3563,7096,157964415,0,0,0
eb2206,20220218,20220218,134116500,13:41:17,8893,3563,7096,157964415,0,0,0
eb2206,20220218,20220218,134117000,13:41:17,8893,3563,7096,157964415,0,0,0
eb2206,20220218,20220218,134119000,13:41:19,8893,3563,7096,157964415,0,0,0
eb2206,20220218,20220218,134119500,13:41:19,8893,3563,7096,157964415,0,0,0
eb2206,20220218,20220218,134120500,13:41:23,8893,3563,7096,157964415,0,0,0
eb2206,20220218,20220218,134121000,13:41:23,8893,3563,7096,157964415,0,0,0
eb2206,20220218,20220218,134121500,13:41:23,8893,3563,7096,157964415,0,0,0
eb2206,20220218,20220218,134122000,13:41:24,8893,3563,7096,157964415,0,0,0
eb2206,20220218,20220218,134123000,13:41:24,8893,3563,7096,157964415,0,0,0
eb2206,20220218,20220218,134123500,13:41:24,8893,3563,7096,157964415,0,0,0
eb2206,20220218,20220218,134124000,13:41:24,8893,3563,7096,157964415,0,0,0
eb2206,20220218,20220218,134124500,13:41:26,8893,3563,7096,157964415,0,0,0
eb2206,20220218,20220218,134125500,13:41:27,8893,3563,7096,157964415,0,0,0
eb2206,20220218,20220218,134129000,13:41:29,8893,3563,7096,157964415,0,0,0
eb2206,20220218,20220218,134130500,13:41:31,8893,3563,7096,157964415,0,0,0
eb2206,20220218,20220218,134131000,13:41:31,8893,3563,7096,157964415,0,0,0
eb2206,20220218,20220218,134131500,13:41:32,8893,3563,7096,157964415,0,0,0
eb2206,20220218,20220218,134132000,13:41:32,8893,3563,7096,157964415,0,0,0
eb2206,20220218,20220218,134132500,13:41:33,8893,3563,7096,157964415,0,0,0
eb2206,20220218,20220218,134133000,13:41:33,8893,3563,7096,157964415,0,0,0
eb2206,20220218,20220218,134133500,13:41:34,8893,3563,7096,157964415,0,0,0
eb2206,20220218,20220218,134134000,13:41:34,8893,3563,7096,157964415,0,0,0
eb2206,20220218,20220218,134134500,13:41:34,8893,3563,7096,157964415,0,0,0
eb2206,20220218,20220218,134135500,13:41:35,8893,3563,7096,157964415,0,0,0
eb2206,20220218,20220218,134136000,13:41:39,8893,3563,7096,157964415,0,0,0
eb2206,20220218,20220218,134137000,13:41:40,8893,3563,7096,157964415,0,0,0
eb2206,20220218,20220218,134139500,13:41:42,8893,3563,7096,157964415,0,0,0
eb2206,20220218,20220218,134140500,13:41:42,8893,3563,7096,157964415,0,0,0
eb2206,20220218,20220218,134141000,13:41:42,8893,3563,7096,157964415,0,0,0
eb2206,20220218,20220218,134142000,13:41:42,8893,3563,7096,157964415,0,0,0
eb2206,20220218,20220218,134143500,13:41:44,8893,3563,7096,157964415,0,0,0
eb2206,20220218,20220218,134144000,13:41:44,8893,3563,7096,157964415,0,0,0
eb2206,20220218,20220218,134144500,13:41:44,8893,3563,7096,157964415,0,0,0
eb2206,20220218,20220218,134145500,13:41:45,8893,3563,7096,157964415,0,0,0
eb2206,20220218,20220218,134146000,13:41:46,8893,3563,7096,157964415,0,0,0
eb2206,20220218,20220218,134146500,13:41:47,8893,3563,7096,157964415,0,0,0
eb2206,20220218,20220218,134147000,13:41:47,8893,3563,7096,157964415,0,0,0
eb2206,20220218,20220218,134147500,13:41:48,8893,3563,7096,157964415,0,0,0
eb2206,20220218,20220218,134153000,13:41:53,8893,3563,7096,157964415,0,0,0
eb2206,20220218,20220218,134153500,13:41:54,8893,3563,7096,157964415,0,0,0
eb2206,20220218,20220218,134154000,13:42:02,8893,3563,7096,157964415,0,0,0
eb2206,20220218,20220218,134202000,13:42:10,8893,3563,7096,157964415,0,0,0
eb2206,20220218,20220218,134202500,13:42:11,8893,3563,7096,157964415,0,0,0
eb2206,20220218,20220218,134210000,13:42:12,8893,3563,7096,157964415,0,0,0
eb2206,20220218,20220218,134210500,13:42:12,8893,3563,7096,157964415,0,0,0
eb2206,20220218,20220218,134211000,13:42:12,8893,3563,7096,157964415,0,0,0
eb2206,20220218,20220218,134216000,13:42:16,8893,3563,7096,157964415,0,0,0
eb2206,20220218,20220218,134216500,13:42:17,8893,3563,7096,157964415,0,0,0
eb2206,20220218,20220218,134217000,13:42:18,8893,3563,7096,157964415,0,0,0
eb2206,20220218,20220218,134217500,13:42:19,8893,3563,7096,157964415,0,0,0
eb2206,20220218,20220218,134220000,13:42:20,8893,3563,7096,157964415,0,0,0
eb2206,20220218,20220218,134220500,13:42:21,8893,3563,7096,157964415,0,0,0
eb2206,20220218,20220218,134221000,13:42:21,8893,3563,7096,157964415,0,0,0
eb2206,20220218,20220218,134221500,13:42:21,8893,3563,7096,157964415,0,0,0
eb2206,20220218,20220218,134223000,13:42:23,8893,3563,7096,157964415,0,0,0
eb2206,20220218,20220218,134223500,13:42:24,8893,3563,7096,157964415,0,0,0
eb2206,20220218,20220218,134224000,13:42:25,8893,3563,7096,157964415,0,0,0
eb2206,20220218,20220218,134225000,13:42:25,8893,3563,7096,157964415,0,0,0
eb2206,20220218,20220218,134225500,13:42:25,8893,3563,7096,157964415,0,0,0
eb2206,20220218,20220218,134226000,13:42:26,8893,3563,7096,157964415,0,0,0
eb2206,20220218,20220218,134226500,13:42:27,8893,3563,7096,157964415,0,0,0
eb2206,20220218,20220218,134228000,13:42:29,8893,3563,7096,157964415,0,0,0
eb2206,20220218,20220218,134229000,13:42:29,8893,3563,7096,157964415,0,0,0
eb2206,20220218,20220218,134244000,13:42:44,8893,3563,7096,157964415,0,0,0
eb2206,20220218,20220218,134257000,13:42:59,8893,3563,7096,157964415,0,0,0
eb2206,20220218,20220218,134259000,13:42:59,8893,3563,7096,157964415,0,0,0
eb2206,20220218,20220218,134300000,13:43:01,8893,3563,7096,157964415,0,0,0
eb2206,20220218,20220218,134300500,13:43:02,8893,3563,7096,157964415,0,0,0
eb2206,20220218,20220218,134301000,13:43:02,8893,3563,7096,157964415,0,0,0
eb2206,20220218,20220218,134301500,13:43:02,8893,3563,7096,157964415,0,0,0
eb2206,20220218,20220218,134302000,13:43:02,8893,3563,7096,157964415,0,0,0
eb2206,20220218,20220218,134302500,13:43:03,8893,3563,7096,157964415,0,0,0
eb2206,20220218,20220218,134303000,13:43:05,8893,3563,7096,157964415,0,0,0
eb2206,20220218,20220218,134303500,13:43:11,8893,3563,7096,157964415,0,0,0
eb2206,20220218,20220218,134304000,13:43:11,8893,3563,7096,157964415,0,0,0
eb2206,20220218,20220218,134305000,13:43:11,8893,3563,7096,157964415,0,0,0
eb2206,20220218,20220218,134310500,13:43:12,8893,3563,7096,157964415,0,0,0
eb2206,20220218,20220218,134311000,13:43:14,8893,3563,7096,157964415,0,0,0
eb2206,20220218,20220218,134312500,13:43:14,8893,3563,7096,157964415,0,0,0
eb2206,20220218,20220218,134314000,13:43:14,8893,3563,7096,157964415,0,0,0
eb2206,20220218,20220218,134314500,13:43:15,8893,3563,7096,157964415,0,0,0
eb2206,20220218,20220218,134315000,13:43:15,8893,3563,7096,157964415,0,0,0
eb2206,20220218,20220218,134315500,13:43:15,8893,3563,7096,157964415,0,0,0
eb2206,20220218,20220218,134316000,13:43:16,8893,3563,7096,157964415,0,0,0
eb2206,20220218,20220218,134316500,13:43:16,8893,3563,7096,157964415,0,0,0
eb2206,20220218,20220218,134317500,13:43:17,8893,3563,7096,157964415,0,0,0
eb2206,20220218,20220218,134318000,13:43:18,8893,3563,7096,157964415,0,0,0
eb2206,20220218,20220218,134318500,13:43:18,8893,3563,7096,157964415,0,0,0
eb2206,20220218,20220218,134319000,13:43:19,8893,3563,7096,157964415,0,0,0
eb2206,20220218,20220218,134319500,13:43:20,8893,3563,7096,157964415,0,0,0
eb2206,20220218,20220218,134321000,13:43:21,8893,3563,7096,157964415,0,0,0
eb2206,20220218,20220218,134321500,13:43:21,8893,3563,7096,157964415,0,0,0
eb2206,20220218,20220218,134322000,13:43:22,8893,3563,7096,157964415,0,0,0
eb2206,20220218,20220218,134322500,13:43:23,8893,3563,7096,157964415,0,0,0
eb2206,20220218,20220218,134323000,13:43:23,8893,3563,7096,157964415,0,0,0
eb2206,20220218,20220218,134324000,13:43:24,8893,3563,7096,157964415,0,0,0
eb2206,20220218,20220218,134324500,13:43:24,8893,3563,7096,157964415,0,0,0
eb2206,20220218,20220218,134325000,13:43:25,8893,3563,7096,157964415,0,0,0
eb2206,20220218,20220218,134327000,13:43:27,8893,3563,7096,157964415,0,0,0
eb2206,20220218,20220218,134327500,13:43:27,8893,3563,7096,157964415,0,0,0
eb2206,20220218,20220218,134329500,13:43:29,8893,3563,7096,157964415,0,0,0
eb2206,20220218,20220218,134333000,13:43:33,8893,3563,7096,157964415,0,0,0
eb2206,20220218,20220218,134333500,13:43:34,8893,3563,7096,157964415,0,0,0
eb2206,20220218,20220218,134334000,13:43:34,8893,3563,7096,157964415,0,0,0
eb2206,20220218,20220218,134334500,13:43:34,8893,3563,7096,157964415,0,0,0
eb2206,20220218,20220218,134335000,13:43:35,8893,3563,7096,157964415,0,0,0
eb2206,20220218,20220218,134335500,13:43:35,8893,3563,7096,157964415,0,0,0
eb2206,20220218,20220218,134336000,13:43:36,8893,3563,7096,157964415,0,0,0
eb2206,20220218,20220218,134336500,13:43:37,8893,3563,7096,157964415,0,0,0
eb2206,20220218,20220218,134337000,13:43:37,8893,3563,7096,157964415,0,0,0
eb2206,20220218,20220218,134337500,13:43:38,8893,3563,7096,157964415,0,0,0
eb2206,20220218,20220218,134338000,13:43:38,8893,3563,7096,157964415,0,0,0
eb2206,20220218,20220218,134338500,13:43:38,8893,3563,7096,157964415,0,0,0
eb2206,20220218,20220218,134339000,13:43:47,8893,3563,7096,157964415,0,0,0
eb2206,20220218,20220218,134339500,13:43:55,8893,3563,7096,157964415,0,0,0
eb2206,20220218,20220218,134340000,13:43:57,8893,3563,7096,157964415,0,0,0
eb2206,20220218,20220218,134340500,13:43:57,8893,3563,7096,157964415,0,0,0
eb2206,20220218,20220218,134354500,13:44:04,8893,3563,7096,157964415,0,0,0
eb2206,20220218,20220218,134355000,13:44:04,8893,3563,7096,157964415,0,0,0
eb2206,20220218,20220218,134357000,13:44:04,8905,3571,7095,158320380,8,-1,355965
eb2206,20220218,20220218,134403000,13:44:04,8903,3593,7096,159299985,22,1,979605
eb2206,20220218,20220218,134404000,13:44:04,8903,3593,7096,159299985,0,0,0
eb2206,20220218,20220218,134405000,13:44:05,8903,3593,7096,159299985,0,0,0
eb2206,20220218,20220218,134406000,13:44:06,8902,3594,7097,159344495,1,1,44510
eb2206,20220218,20220218,134406500,13:44:06,8902,3594,7097,159344495,0,0,0
eb2206,20220218,20220218,134407000,13:44:07,8902,3594,7097,159344495,0,0,0
eb2206,20220218,20220218,134408000,13:44:08,8902,3594,7097,159344495,0,0,0
eb2206,20220218,20220218,134408500,13:44:09,8902,3594,7097,159344495,0,0,0
eb2206,20220218,20220218,134410500,13:44:17,8902,3594,7097,159344495,0,0,0
eb2206,20220218,20220218,134416500,13:44:17,8902,3594,7097,159344495,0,0,0
eb2206,20220218,20220218,134417500,13:44:18,8902,3594,7097,159344495,0,0,0
eb2206,20220218,20220218,134418500,13:44:19,8902,3594,7097,159344495,0,0,0
eb2206,20220218,20220218,134420000,13:44:23,8902,3594,7097,159344495,0,0,0
eb2206,20220218,20220218,134420500,13:44:23,8902,3594,7097,159344495,0,0,0
eb2206,20220218,20220218,134421000,13:44:23,8902,3594,7097,159344495,0,0,0
eb2206,20220218,20220218,134423000,13:44:23,8902,3594,7097,159344495,0,0,0
eb2206,20220218,20220218,134423500,13:44:24,8908,3597,7096,159478075,3,-1,133580
eb2206,20220218,20220218,134424000,13:44:24,8908,3597,7096,159478075,0,0,0
eb2206,20220218,20220218,134424500,13:44:24,8905,3599,7095,159567125,2,-1,89050
eb2206,20220218,20220218,134425000,13:44:25,8905,3599,7095,159567125,0,0,0
eb2206,20220218,20220218,134425500,13:44:25,8905,3599,7095,159567125,0,0,0
eb2206,20220218,20220218,134426000,13:44:26,8905,3599,7095,159567125,0,0,0
eb2206,20220218,20220218,134426500,13:44:26,8905,3599,7095,159567125,0,0,0
eb2206,20220218,20220218,134427000,13:44:27,8905,3599,7095,159567125,0,0,0
eb2206,20220218,20220218,134427500,13:44:28,8905,3599,7095,159567125,0,0,0
eb2206,20220218,20220218,134428000,13:44:29,8905,3599,7095,159567125,0,0,0
eb2206,20220218,20220218,134428500,13:44:29,8905,3599,7095,159567125,0,0,0
eb2206,20220218,20220218,134429000,13:44:29,8905,3599,7095,159567125,0,0,0
eb2206,20220218,20220218,134429500,13:44:33,8905,3599,7095,159567125,0,0,0
eb2206,20220218,20220218,134437500,13:44:37,8905,3599,7095,159567125,0,0,0
eb2206,20220218,20220218,134438000,13:44:38,8905,3599,7095,159567125,0,0,0
eb2206,20220218,20220218,134438500,13:44:38,8905,3599,7095,159567125,0,0,0
eb2206,20220218,20220218,134439000,13:44:39,8905,3599,7095,159567125,0,0,0
eb2206,20220218,20220218,134439500,13:44:39,8905,3599,7095,159567125,0,0,0
eb2206,20220218,20220218,134440500,13:44:40,8905,3599,7095,159567125,0,0,0
eb2206,20220218,20220218,134441000,13:44:41,8905,3599,7095,159567125,0,0,0
eb2206,20220218,20220218,134441500,13:44:41,8905,3599,7095,159567125,0,0,0
eb2206,20220218,20220218,134442000,13:44:42,8905,3599,7095,159567125,0,0,0
eb2206,20220218,20220218,134443500,13:44:44,8905,3599,7095,159567125,0,0,0
eb2206,20220218,20220218,134444000,13:44:44,8905,3599,7095,159567125,0,0,0
eb2206,20220218,20220218,134444500,13:44:45,8905,3599,7095,159567125,0,0,0
eb2206,20220218,20220218,134445000,13:44:45,8905,3599,7095,159567125,0,0,0
eb2206,20220218,20220218,134446000,13:44:46,8905,3599,7095,159567125,0,0,0
eb2206,20220218,20220218,134446500,13:44:46,8905,3599,7095,159567125,0,0,0
eb2206,20220218,20220218,134449500,13:44:50,8905,3599,7095,159567125,0,0,0
eb2206,20220218,20220218,134450000,13:44:50,8905,3599,7095,159567125,0,0,0
eb2206,20220218,20220218,134451000,13:44:51,8905,3599,7095,159567125,0,0,0
eb2206,20220218,20220218,134451500,13:44:52,8905,3599,7095,159567125,0,0,0
eb2206,20220218,20220218,134452500,13:44:53,8905,3599,7095,159567125,0,0,0
eb2206,20220218,20220218,134453000,13:44:53,8905,3599,7095,159567125,0,0,0
eb2206,20220218,20220218,134454500,13:44:55,8905,3599,7095,159567125,0,0,0
eb2206,20220218,20220218,134455000,13:44:55,8905,3599,7095,159567125,0,0,0
eb2206,20220218,20220218,134455500,13:44:55,8905,3599,7095,159567125,0,0,0
eb2206,20220218,20220218,134456500,13:44:56,8905,3599,7095,159567125,0,0,0
eb2206,20220218,20220218,134457000,13:44:57,8908,3600,7095,159611665,1,0,44540
eb2206,20220218,20220218,134457500,13:44:57,8908,3600,7095,159611665,0,0,0
eb2206,20220218,20220218,134459000,13:44:59,8908,3600,7095,159611665,0,0,0
eb2206,20220218,20220218,134500500,13:45:01,8908,3600,7095,159611665,0,0,0
eb2206,20220218,20220218,134501000,13:45:01,8908,3600,7095,159611665,0,0,0
eb2206,20220218,20220218,134501500,13:45:01,8908,3600,7095,159611665,0,0,0
eb2206,20220218,20220218,134502500,13:45:03,8908,3600,7095,159611665,0,0,0
eb2206,20220218,20220218,134503000,13:45:03,8908,3600,7095,159611665,0,0,0
eb2206,20220218,20220218,134504000,13:45:08,8908,3600,7095,159611665,0,0,0
eb2206,20220218,20220218,134504500,13:45:08,8909,3602,7094,159700755,2,-1,89090
eb2206,20220218,20220218,134505000,13:45:09,8910,3606,7095,159878955,4,1,178200
eb2206,20220218,20220218,134508000,13:45:09,8910,3606,7095,159878955,0,0,0
eb2206,20220218,20220218,134508500,13:45:09,8910,3606,7095,159878955,0,0,0
eb2206,20220218,20220218,134509000,13:45:10,8910,3606,7095,159878955,0,0,0
eb2206,20220218,20220218,134509500,13:45:10,8910,3606,7095,159878955,0,0,0
eb2206,20220218,20220218,134510000,13:45:10,8910,3606,7095,159878955,0,0,0
eb2206,20220218,20220218,134510500,13:45:10,8910,3606,7095,159878955,0,0,0
eb2206,20220218,20220218,134511000,13:45:11,8910,3606,7095,159878955,0,0,0
eb2206,20220218,20220218,134511500,13:45:11,8910,3606,7095,159878955,0,0,0
eb2206,20220218,20220218,134512000,13:45:12,8910,3606,7095,159878955,0,0,0
eb2206,20220218,20220218,134512500,13:45:13,8910,3606,7095,159878955,0,0,0
eb2206,20220218,20220218,134513000,13:45:13,8910,3606,7095,159878955,0,0,0
eb2206,20220218,20220218,134513500,13:45:14,8910,3606,7095,159878955,0,0,0
eb2206,20220218,20220218,134515500,13:45:17,8910,3606,7095,159878955,0,0,0
eb2206,20220218,20220218,134516000,13:45:17,8910,3606,7095,159878955,0,0,0
eb2206,20220218,20220218,134516500,13:45:17,8910,3606,7095,159878955,0,0,0
eb2206,20220218,20220218,134517000,13:45:19,8910,3606,7095,159878955,0,0,0
eb2206,20220218,20220218,134517500,13:45:20,8910,3606,7095,159878955,0,0,0
eb2206,20220218,20220218,134518000,13:45:21,8910,3606,7095,159878955,0,0,0
eb2206,20220218,20220218,134520500,13:45:23,8910,3606,7095,159878955,0,0,0
eb2206,20220218,20220218,134521000,13:45:23,8910,3606,7095,159878955,0,0,0
eb2206,20220218,20220218,134521500,13:45:23,8909,3607,7095,159923500,1,0,44545
eb2206,20220218,20220218,134523000,13:45:24,8909,3607,7095,159923500,0,0,0
eb2206,20220218,20220218,134523500,13:45:24,8909,3607,7095,159923500,0,0,0
eb2206,20220218,20220218,134524000,13:45:24,8909,3607,7095,159923500,0,0,0
eb2206,20220218,20220218,134524500,13:45:25,8909,3607,7095,159923500,0,0,0
eb2206,20220218,20220218,134525000,13:45:26,8909,3607,7095,159923500,0,0,0
eb2206,20220218,20220218,134525500,13:45:27,8909,3607,7095,159923500,0,0,0
eb2206,20220218,20220218,134526000,13:45:27,8909,3607,7095,159923500,0,0,0
eb2206,20220218,20220218,134526500,13:45:28,8909,3607,7095,159923500,0,0,0
eb2206,20220218,20220218,134527000,13:45:30,8909,3607,7095,159923500,0,0,0
eb2206,20220218,20220218,134527500,13:45:30,8909,3607,7095,159923500,0,0,0
eb2206,20220218,20220218,134528000,13:45:30,8909,3607,7095,159923500,0,0,0
eb2206,20220218,20220218,134529500,13:45:30,8909,3607,7095,159923500,0,0,0
eb2206,20220218,20220218,134531000,13:45:31,8909,3607,7095,159923500,0,0,0
eb2206,20220218,20220218,134531500,13:45:32,8909,3607,7095,159923500,0,0,0
eb2206,20220218,20220218,134532000,13:45:32,8909,3607,7095,159923500,0,0,0
eb2206,20220218,20220218,134532500,13:45:33,8909,3607,7095,159923500,0,0,0
eb2206,20220218,20220218,134533500,13:45:34,8909,3607,7095,159923500,0,0,0
eb2206,20220218,20220218,134534000,13:45:35,8909,3607,7095,159923500,0,0,0
eb2206,20220218,20220218,134535500,13:45:35,8909,3607,7095,159923500,0,0,0
eb2206,20220218,20220218,134536000,13:45:36,8909,3607,7095,159923500,0,0,0
eb2206,20220218,20220218,134538500,13:45:39,8909,3607,7095,159923500,0,0,0
eb2206,20220218,20220218,134540000,13:45:40,8909,3607,7095,159923500,0,0,0
eb2206,20220218,20220218,134540500,13:45:40,8909,3607,7095,159923500,0,0,0
eb2206,20220218,20220218,134541500,13:45:41,8909,3607,7095,159923500,0,0,0
eb2206,20220218,20220218,134542000,13:45:45,8909,3607,7095,159923500,0,0,0
eb2206,20220218,20220218,134543000,13:45:46,8909,3607,7095,159923500,0,0,0
eb2206,20220218,20220218,134545000,13:45:46,8909,3607,7095,159923500,0,0,0
eb2206,20220218,20220218,134546000,13:45:47,8909,3607,7095,159923500,0,0,0
eb2206,20220218,20220218,134546500,13:45:47,8909,3607,7095,159923500,0,0,0
eb2206,20220218,20220218,134547000,13:45:47,8909,3607,7095,159923500,0,0,0
eb2206,20220218,20220218,134548000,13:45:48,8909,3607,7095,159923500,0,0,0
eb2206,20220218,20220218,134548500,13:45:48,8909,3607,7095,159923500,0,0,0
eb2206,20220218,20220218,134549000,13:45:49,8909,3607,7095,159923500,0,0,0
eb2206,20220218,20220218,134549500,13:45:53,8909,3607,7095,159923500,0,0,0
eb2206,20220218,20220218,134550000,13:45:53,8909,3607,7095,159923500,0,0,0
eb2206,20220218,20220218,134550500,13:45:54,8909,3607,7095,159923500,0,0,0
eb2206,20220218,20220218,134551000,13:45:54,8909,3607,7095,159923500,0,0,0
eb2206,20220218,20220218,134551500,13:45:54,8909,3607,7095,159923500,0,0,0
eb2206,20220218,20220218,134554000,13:45:54,8909,3607,7095,159923500,0,0,0
eb2206,20220218,20220218,134554500,13:45:55,8909,3607,7095,159923500,0,0,0
eb2206,20220218,20220218,134555000,13:45:55,8909,3607,7095,159923500,0,0,0
eb2206,20220218,20220218,134555500,13:45:56,8909,3607,7095,159923500,0,0,0
eb2206,20220218,20220218,134556000,13:45:58,8909,3607,7095,159923500,0,0,0
eb2206,20220218,20220218,134556500,13:46:00,8909,3607,7095,159923500,0,0,0
eb2206,20220218,20220218,134557000,13:46:00,8909,3607,7095,159923500,0,0,0
eb2206,20220218,20220218,134559000,13:46:01,8909,3607,7095,159923500,0,0,0
eb2206,20220218,20220218,134602500,13:46:04,8909,3607,7095,159923500,0,0,0
eb2206,20220218,20220218,134603000,13:46:04,8909,3607,7095,159923500,0,0,0
eb2206,20220218,20220218,134603500,13:46:04,8909,3607,7095,159923500,0,0,0
eb2206,20220218,20220218,134604000,13:46:05,8909,3607,7095,159923500,0,0,0
eb2206,20220218,20220218,134604500,13:46:05,8909,3607,7095,159923500,0,0,0
eb2206,20220218,20220218,134605000,13:46:05,8909,3607,7095,159923500,0,0,0
eb2206,20220218,20220218,134605500,13:46:05,8909,3607,7095,159923500,0,0,0
eb2206,20220218,20220218,134606000,13:46:06,8909,3607,7095,159923500,0,0,0
eb2206,20220218,20220218,134606500,13:46:07,8909,3607,7095,159923500,0,0,0
eb2206,20220218,20220218,134607000,13:46:07,8909,3607,7095,159923500,0,0,0
eb2206,20220218,20220218,134607500,13:46:07,8909,3607,7095,159923500,0,0,0
eb2206,20220218,20220218,134608000,13:46:08,8909,3607,7095,159923500,0,0,0
eb2206,20220218,20220218,134609000,13:46:09,8909,3607,7095,159923500,0,0,0
eb2206,20220218,20220218,134609500,13:46:10,8909,3607,7095,159923500,0,0,0
eb2206,20220218,20220218,134617500,13:46:18,8912,3609,7097,160012630,2,2,89130
eb2206,20220218,20220218,134618000,13:46:18,8912,3609,7097,160012630,0,0,0
eb2206,20220218,20220218,134618500,13:46:19,8912,3609,7097,160012630,0,0,0
eb2206,20220218,20220218,134619000,13:46:19,8912,3609,7097,160012630,0,0,0
eb2206,20220218,20220218,134620000,13:46:20,8912,3609,7097,160012630,0,0,0
eb2206,20220218,20220218,134620500,13:46:21,8912,3609,7097,160012630,0,0,0
eb2206,20220218,20220218,134621000,13:46:21,8912,3609,7097,160012630,0,0,0
eb2206,20220218,20220218,134621500,13:46:21,8912,3609,7097,160012630,0,0,0
eb2206,20220218,20220218,134622000,13:46:30,8912,3609,7097,160012630,0,0,0
eb2206,20220218,20220218,134622500,13:46:30,8912,3609,7097,160012630,0,0,0
eb2206,20220218,20220218,134623000,13:46:30,8912,3609,7097,160012630,0,0,0
eb2206,20220218,20220218,134629500,13:46:31,8912,3609,7097,160012630,0,0,0
eb2206,20220218,20220218,134631000,13:46:31,8912,3609,7097,160012630,0,0,0
eb2206,20220218,20220218,134631500,13:46:32,8912,3609,7097,160012630,0,0,0
eb2206,20220218,20220218,134632000,13:46:32,8913,3610,7096,160057195,1,-1,44565
eb2206,20220218,20220218,134632500,13:46:32,8912,3614,7095,160235435,4,-1,178240
eb2206,20220218,20220218,134633000,13:46:33,8913,3616,7096,160324560,2,1,89125
eb2206,20220218,20220218,134633500,13:46:33,8913,3616,7096,160324560,0,0,0
eb2206,20220218,20220218,134634000,13:46:34,8913,3616,7096,160324560,0,0,0
eb2206,20220218,20220218,134634500,13:46:35,8913,3616,7096,160324560,0,0,0
eb2206,20220218,20220218,134635000,13:46:35,8913,3616,7096,160324560,0,0,0
eb2206,20220218,20220218,134635500,13:46:36,8913,3616,7096,160324560,0,0,0
eb2206,20220218,20220218,134636000,13:46:37,8913,3616,7096,160324560,0,0,0
eb2206,20220218,20220218,134636500,13:46:37,8913,3616,7096,160324560,0,0,0
eb2206,20220218,20220218,134638500,13:46:38,8913,3616,7096,160324560,0,0,0
eb2206,20220218,20220218,134640500,13:46:42,8913,3616,7096,160324560,0,0,0
eb2206,20220218,20220218,134641000,13:46:42,8913,3616,7096,160324560,0,0,0
eb2206,20220218,20220218,134641500,13:46:43,8913,3616,7096,160324560,0,0,0
eb2206,20220218,20220218,134643000,13:46:43,8913,3616,7096,160324560,0,0,0
eb2206,20220218,20220218,134643500,13:46:44,8913,3616,7096,160324560,0,0,0
eb2206,20220218,20220218,134644000,13:46:46,8913,3616,7096,160324560,0,0,0
eb2206,20220218,20220218,134645000,13:46:47,8913,3616,7096,160324560,0,0,0
eb2206,20220218,20220218,134645500,13:46:47,8913,3616,7096,160324560,0,0,0
eb2206,20220218,20220218,134657000,13:46:57,8916,3622,7099,160592040,6,3,267480
eb2206,20220218,20220218,134657500,13:46:57,8917,3623,7099,160636625,1,0,44585
eb2206,20220218,20220218,134658000,13:46:58,8918,3624,7100,160681215,1,1,44590
eb2206,20220218,20220218,134658500,13:46:59,8918,3624,7100,160681215,0,0,0
eb2206,20220218,20220218,134659000,13:46:59,8918,3624,7100,160681215,0,0,0
eb2206,20220218,20220218,134659500,13:46:59,8917,3625,7100,160725800,1,0,44585
eb2206,20220218,20220218,134700000,13:47:00,8917,3625,7100,160725800,0,0,0
eb2206,20220218,20220218,134700500,13:47:00,8917,3625,7100,160725800,0,0,0
eb2206,20220218,20220218,134702000,13:47:02,8917,3625,7100,160725800,0,0,0
eb2206,20220218,20220218,134702500,13:47:02,8917,3625,7100,160725800,0,0,0
eb2206,20220218,20220218,134703000,13:47:03,8917,3625,7100,160725800,0,0,0
eb2206,20220218,20220218,134704000,13:47:04,8917,3625,7100,160725800,0,0,0
eb2206,20220218,20220218,134704500,13:47:05,8917,3625,7100,160725800,0,0,0
eb2206,20220218,20220218,134705000,13:47:05,8917,3625,7100,160725800,0,0,0
eb2206,20220218,20220218,134705500,13:47:06,8917,3625,7100,160725800,0,0,0
eb2206,20220218,20220218,134706000,13:47:10,8917,3625,7100,160725800,0,0,0
eb2206,20220218,20220218,134706500,13:47:10,8917,3625,7100,160725800,0,0,0
eb2206,20220218,20220218,134707500,13:47:11,8917,3625,7100,160725800,0,0,0
eb2206,20220218,20220218,134709000,13:47:11,8917,3625,7100,160725800,0,0,0
eb2206,20220218,20220218,134710500,13:47:12,8917,3625,7100,160725800,0,0,0
eb2206,20220218,20220218,134711000,13:47:14,8917,3625,7100,160725800,0,0,0
eb2206,20220218,20220218,134711500,13:47:16,8916,3631,7098,160993280,6,-2,267480
eb2206,20220218,20220218,134712000,13:47:16,8914,3634,7097,161127000,3,-1,133720
eb2206,20220218,20220218,134716500,13:47:17,8914,3634,7097,161127000,0,0,0
eb2206,20220218,20220218,134717000,13:47:17,8914,3634,7097,161127000,0,0,0
eb2206,20220218,20220218,134717500,13:47:19,8914,3634,7097,161127000,0,0,0
eb2206,20220218,20220218,134718000,13:47:19,8914,3634,7097,161127000,0,0,0
eb2206,20220218,20220218,134719000,13:47:19,8914,3634,7097,161127000,0,0,0
eb2206,20220218,20220218,134719500,13:47:19,8914,3634,7097,161127000,0,0,0
eb2206,20220218,20220218,134720000,13:47:20,8914,3634,7097,161127000,0,0,0
eb2206,20220218,20220218,134726500,13:47:27,8914,3634,7097,161127000,0,0,0
eb2206,20220218,20220218,134727000,13:47:27,8914,3634,7097,161127000,0,0,0
eb2206,20220218,20220218,134727500,13:47:28,8914,3634,7097,161127000,0,0,0
eb2206,20220218,20220218,134728000,13:47:28,8914,3634,7097,161127000,0,0,0
eb2206,20220218,20220218,134728500,13:47:28,8914,3634,7097,161127000,0,0,0
eb2206,20220218,20220218,134730000,13:47:30,8914,3634,7097,161127000,0,0,0
eb2206,20220218,20220218,134730500,13:47:30,8914,3634,7097,161127000,0,0,0
eb2206,20220218,20220218,134731000,13:47:31,8914,3634,7097,161127000,0,0,0
eb2206,20220218,20220218,134731500,13:47:31,8914,3634,7097,161127000,0,0,0
eb2206,20220218,20220218,134732000,13:47:32,8914,3634,7097,161127000,0,0,0
eb2206,20220218,20220218,134732500,13:47:33,8914,3634,7097,161127000,0,0,0
eb2206,20220218,20220218,134733000,13:47:34,8914,3634,7097,161127000,0,0,0
eb2206,20220218,20220218,134734500,13:47:36,8914,3634,7097,161127000,0,0,0
eb2206,20220218,20220218,134736500,13:47:36,8914,3634,7097,161127000,0,0,0
eb2206,20220218,20220218,134741000,13:47:41,8914,3634,7097,161127000,0,0,0
eb2206,20220218,20220218,134741500,13:47:42,8914,3634,7097,161127000,0,0,0
eb2206,20220218,20220218,134744000,13:47:44,8914,3634,7097,161127000,0,0,0
eb2206,20220218,20220218,134745000,13:47:45,8914,3634,7097,161127000,0,0,0
eb2206,20220218,20220218,134745500,13:47:46,8914,3634,7097,161127000,0,0,0
eb2206,20220218,20220218,134746000,13:47:47,8914,3634,7097,161127000,0,0,0
eb2206,20220218,20220218,134746500,13:47:47,8914,3634,7097,161127000,0,0,0
eb2206,20220218,20220218,134747500,13:47:47,8914,3634,7097,161127000,0,0,0
eb2206,20220218,20220218,134748000,13:47:48,8914,3634,7097,161127000,0,0,0
eb2206,20220218,20220218,134749500,13:47:50,8914,3634,7097,161127000,0,0,0
eb2206,20220218,20220218,134750500,13:47:50,8914,3634,7097,161127000,0,0,0
eb2206,20220218,20220218,134755500,13:47:55,8914,3634,7097,161127000,0,0,0
eb2206,20220218,20220218,134758500,13:47:58,8914,3634,7097,161127000,0,0,0
eb2206,20220218,20220218,134800000,13:48:00,8914,3634,7097,161127000,0,0,0
eb2206,20220218,20220218,134801500,13:48:01,8911,3638,7096,161305240,4,-1,178240
eb2206,20220218,20220218,134804500,13:48:04,8910,3640,7095,161394340,2,-1,89100
eb2206,20220218,20220218,134805500,13:48:05,8909,3642,7095,161483435,2,0,89095
eb2206,20220218,20220218,134806500,13:48:06,8909,3642,7095,161483435,0,0,0
eb2206,20220218,20220218,134807000,13:48:07,8909,3642,7095,161483435,0,0,0
eb2206,20220218,20220218,134808500,13:48:08,8909,3642,7095,161483435,0,0,0
eb2206,20220218,20220218,134810000,13:48:10,8909,3642,7095,161483435,0,0,0
eb2206,20220218,20220218,134811000,13:48:11,8909,3642,7095,161483435,0,0,0
eb2206,20220218,20220218,134812000,13:48:12,8909,3642,7095,161483435,0,0,0
eb2206,20220218,20220218,134814500,13:48:14,8909,3642,7095,161483435,0,0,0
eb2206,20220218,20220218,134817000,13:48:17,8911,3647,7096,161706185,5,1,222750
eb2206,20220218,20220218,134817500,13:48:18,8911,3647,7096,161706185,0,0,0
eb2206,20220218,20220218,134818000,13:48:19,8911,3647,7096,161706185,0,0,0
