eb2203,20220218,20220218,112002000,11:20:08,8874,102158,77251,4519626815,102158,-11129,4519626815
eb2203,20220218,20220218,112007500,11:20:10,8874,102158,77251,4519626815,0,0,0
eb2203,20220218,20220218,112008000,11:20:10,8874,102158,77251,4519626815,0,0,0
eb2203,20220218,20220218,112008500,11:20:10,8875,102162,77251,4519804315,4,0,177500
eb2203,20220218,20220218,112012500,11:20:12,8875,102163,77250,4519848690,1,-1,44375
eb2203,20220218,20220218,112013500,11:20:13,8875,102165,77249,4519937450,2,-1,88760
eb2203,20220218,20220218,112015500,11:20:16,8875,102166,77248,4519981825,1,-1,44375
eb2203,20220218,20220218,112016000,11:20:16,8874,102169,77251,4520114935,3,3,133110
eb2203,20220218,20220218,112016500,11:20:16,8872,102171,77251,4520203655,2,0,88720
eb2203,20220218,20220218,112017000,11:20:17,8871,102173,77250,4520292365,2,-1,88710
eb2203,20220218,20220218,112017500,11:20:17,8871,102187,77252,4520913335,14,2,620970
eb2203,20220218,20220218,112021000,11:20:21,8871,102188,77251,4520957690,1,-1,44355
eb2203,20220218,20220218,112021500,11:20:21,8870,102189,77251,4521002040,1,0,44350
eb2203,20220218,20220218,112022000,11:20:22,8870,102189,77251,4521002040,0,0,0
eb2203,20220218,20220218,112022500,11:20:23,8870,102189,77251,4521002040,0,0,0
eb2203,20220218,20220218,112024000,11:20:24,8870,102189,77251,4521002040,0,0,0
eb2203,20220218,20220218,112024500,11:20:24,8870,102189,77251,4521002040,0,0,0
eb2203,20220218,20220218,112025500,11:20:25,8870,102189,77251,4521002040,0,0,0
eb2203,20220218,20220218,112026000,11:20:26,8870,102189,77251,4521002040,0,0,0
eb2203,20220218,20220218,112027000,11:20:27,8870,102189,77251,4521002040,0,0,0
eb2203,20220218,20220218,112027500,11:20:28,8870,102189,77251,4521002040,0,0,0
eb2203,20220218,20220218,112030000,11:20:31,8871,102191,77253,4521090750,2,2,88710
eb2203,20220218,20220218,112030500,11:20:31,8871,102191,77253,4521090750,0,0,0
eb2203,20220218,20220218,112031500,11:20:32,8871,102194,77256,4521223815,3,3,133065
eb2203,20220218,20220218,112032000,11:20:32,8871,102194,77256,4521223815,0,0,0
eb2203,20220218,20220218,112032500,11:20:32,8871,102194,77256,4521223815,0,0,0
eb2203,20220218,20220218,112033000,11:20:33,8872,102196,77254,4521312535,2,-2,88720
eb2203,20220218,20220218,112038000,11:20:38,8872,102204,77248,4521667415,8,-6,354880
eb2203,20220218,20220218,112038500,11:20:38,8872,102206,77248,4521756135,2,0,88720
eb2203,20220218,20220218,112039000,11:20:39,8872,102206,77248,4521756135,0,0,0
eb2203,20220218,20220218,112042500,11:20:42,8872,102206,77248,4521756135,0,0,0
eb2203,20220218,20220218,112043000,11:20:43,8872,102206,77248,4521756135,0,0,0
eb2203,20220218,20220218,112043500,11:20:44,8873,102208,77247,4521844865,2,-1,88730
eb2203,20220218,20220218,112044000,11:20:44,8873,102208,77247,4521844865,0,0,0
eb2203,20220218,20220218,112044500,11:20:45,8872,102210,77246,4521933585,2,-1,88720
eb2203,20220218,20220218,112045000,11:20:45,8872,102210,77246,4521933585,0,0,0
eb2203,20220218,20220218,112045500,11:20:46,8871,102215,77247,4522155360,5,1,221775
eb2203,20220218,20220218,112046000,11:20:46,8871,102218,77244,4522288425,3,-3,133065
eb2203,20220218,20220218,112046500,11:20:46,8871,102220,77242,4522377135,2,-2,88710
eb2203,20220218,20220218,112052000,11:20:53,8872,102221,77241,4522421495,1,-1,44360
eb2203,20220218,20220218,112052500,11:20:53,8872,102223,77239,4522510215,2,-2,88720
eb2203,20220218,20220218,112053500,11:20:53,8872,102223,77239,4522510215,0,0,0
eb2203,20220218,20220218,112054000,11:20:54,8872,102223,77239,4522510215,0,0,0
eb2203,20220218,20220218,112054500,11:20:55,8872,102223,77239,4522510215,0,0,0
eb2203,20220218,20220218,112055000,11:20:55,8872,102223,77239,4522510215,0,0,0
eb2203,20220218,20220218,112057500,11:20:58,8873,102224,77238,4522554580,1,-1,44365
eb2203,20220218,20220218,112058000,11:20:59,8873,102225,77238,4522598945,1,0,44365
eb2203,20220218,20220218,112058500,11:20:59,8873,102225,77238,4522598945,0,0,0
eb2203,20220218,20220218,112100000,11:21:00,8873,102226,77238,4522643310,1,0,44365
eb2203,20220218,20220218,112100500,11:21:01,8873,102226,77238,4522643310,0,0,0
eb2203,20220218,20220218,112101500,11:21:02,8873,102226,77238,4522643310,0,0,0
eb2203,20220218,20220218,112103000,11:21:03,8874,102244,77243,4523441970,18,5,798660
eb2203,20220218,20220218,112103500,11:21:04,8875,102263,77246,4524285005,19,3,843035
eb2203,20220218,20220218,112104000,11:21:04,8875,102265,77246,4524373760,2,0,88755
eb2203,20220218,20220218,112104500,11:21:05,8875,102266,77245,4524418135,1,-1,44375
eb2203,20220218,20220218,112105000,11:21:06,8875,102266,77245,4524418135,0,0,0
eb2203,20220218,20220218,112105500,11:21:07,8875,102268,77244,4524506885,2,-1,88750
eb2203,20220218,20220218,112108000,11:21:10,8876,102269,77243,4524551265,1,-1,44380
eb2203,20220218,20220218,112110000,11:21:10,8877,102273,77240,4524728790,4,-3,177525
eb2203,20220218,20220218,112110500,11:21:11,8877,102273,77240,4524728790,0,0,0
eb2203,20220218,20220218,112111000,11:21:11,8877,102276,77238,4524861945,3,-2,133155
eb2203,20220218,20220218,112111500,11:21:12,8875,102277,77237,4524906320,1,-1,44375
eb2203,20220218,20220218,112114500,11:21:15,8876,102278,77237,4524950700,1,0,44380
eb2203,20220218,20220218,112115000,11:21:15,8876,102279,77236,4524995080,1,-1,44380
eb2203,20220218,20220218,112117500,11:21:18,8874,102281,77236,4525083820,2,0,88740
eb2203,20220218,20220218,112118000,11:21:18,8874,102283,77235,4525172560,2,-1,88740
eb2203,20220218,20220218,112119500,11:21:20,8874,102285,77233,4525261300,2,-2,88740
eb2203,20220218,20220218,112120000,11:21:20,8874,102285,77233,4525261300,0,0,0
eb2203,20220218,20220218,112122000,11:21:22,8874,102286,77232,4525305670,1,-1,44370
eb2203,20220218,20220218,112123000,11:21:23,8873,102287,77232,4525350035,1,0,44365
eb2203,20220218,20220218,112123500,11:21:24,8871,102319,77246,4526769520,32,14,1419485
eb2203,20220218,20220218,112124000,11:21:24,8870,102320,77245,4526813870,1,-1,44350
eb2203,20220218,20220218,112124500,11:21:25,8870,102342,77236,4527789570,22,-9,975700
eb2203,20220218,20220218,112125000,11:22:28,8870,102342,77236,4527789570,0,0,0
eb2203,20220218,20220218,112125500,11:23:32,8869,102348,77238,4528055640,6,2,266070
eb2203,20220218,20220218,112126000,11:23:33,8869,102349,77237,4528099985,1,-1,44345
eb2203,20220218,20220218,112330500,11:23:33,8869,102349,77237,4528099985,0,0,0
eb2203,20220218,20220218,112334500,11:23:34,8867,102849,77099,4550266440,500,-138,22166455
eb2203,20220218,20220218,112335000,11:23:35,8867,102850,77100,4550310775,1,1,44335
eb2203,20220218,20220218,112335500,11:23:35,8867,102850,77100,4550310775,0,0,0
eb2203,20220218,20220218,112337500,11:23:38,8867,102850,77100,4550310775,0,0,0
eb2203,20220218,20220218,112344000,11:23:48,8868,102852,77098,4550399455,2,-2,88680
eb2203,20220218,20220218,112344500,11:23:48,8868,102852,77098,4550399455,0,0,0
eb2203,20220218,20220218,112345000,11:23:48,8868,102852,77098,4550399455,0,0,0
eb2203,20220218,20220218,112345500,11:23:48,8869,102853,77098,4550443800,1,0,44345
eb2203,20220218,20220218,112346500,11:23:48,8869,102853,77098,4550443800,0,0,0
eb2203,20220218,20220218,112349000,11:23:49,8869,102864,77089,4550931595,11,-9,487795
eb2203,20220218,20220218,112349500,11:23:50,8869,102864,77089,4550931595,0,0,0
eb2203,20220218,20220218,112350000,11:23:50,8869,102864,77089,4550931595,0,0,0
eb2203,20220218,20220218,112350500,11:23:50,8869,102864,77089,4550931595,0,0,0
eb2203,20220218,20220218,112352500,11:23:53,8869,102864,77089,4550931595,0,0,0
eb2203,20220218,20220218,112353500,11:23:53,8869,102864,77089,4550931595,0,0,0
eb2203,20220218,20220218,112355000,11:23:55,8869,102864,77089,4550931595,0,0,0
eb2203,20220218,20220218,112358000,11:23:58,8869,102865,77089,4550975940,1,0,44345
eb2203,20220218,20220218,112400000,11:24:00,8869,102866,77089,4551020285,1,0,44345
eb2203,20220218,20220218,112400500,11:24:00,8869,102866,77089,4551020285,0,0,0
eb2203,20220218,20220218,112401000,11:24:01,8869,102866,77089,4551020285,0,0,0
eb2203,20220218,20220218,112404000,11:24:04,8867,102868,77089,4551108955,2,0,88670
eb2203,20220218,20220218,112404500,11:24:04,8867,102873,77089,4551330630,5,0,221675
eb2203,20220218,20220218,112407000,11:24:07,8867,102874,77089,4551374965,1,0,44335
eb2203,20220218,20220218,112407500,11:24:08,8867,102874,77089,4551374965,0,0,0
eb2203,20220218,20220218,112408500,11:24:08,8867,102884,77080,4551818315,10,-9,443350
eb2203,20220218,20220218,112409000,11:24:11,8867,102886,77079,4551906990,2,-1,88675
eb2203,20220218,20220218,112414000,11:24:14,8867,102886,77079,4551906990,0,0,0
eb2203,20220218,20220218,112414500,11:24:15,8867,102891,77079,4552128665,5,0,221675
eb2203,20220218,20220218,112415000,11:24:15,8867,102891,77079,4552128665,0,0,0
eb2203,20220218,20220218,112415500,11:24:15,8867,102891,77079,4552128665,0,0,0
eb2203,20220218,20220218,112417000,11:24:17,8865,102892,77079,4552172990,1,0,44325
eb2203,20220218,20220218,112417500,11:24:18,8868,102893,77079,4552217330,1,0,44340
eb2203,20220218,20220218,112418000,11:24:18,8868,102893,77079,4552217330,0,0,0
eb2203,20220218,20220218,112419500,11:24:20,8865,102894,77080,4552261655,1,1,44325
eb2203,20220218,20220218,112420000,11:24:20,8867,102895,77080,4552305990,1,0,44335
eb2203,20220218,20220218,112420500,11:24:20,8868,102896,77080,4552350330,1,0,44340
eb2203,20220218,20220218,112421000,11:24:21,8868,102896,77080,4552350330,0,0,0
eb2203,20220218,20220218,112425500,11:24:25,8868,102897,77079,4552394670,1,-1,44340
eb2203,20220218,20220218,112426000,11:24:26,8868,102897,77079,4552394670,0,0,0
eb2203,20220218,20220218,112434500,11:24:34,8869,102899,77078,4552483360,2,-1,88690
eb2203,20220218,20220218,112435000,11:24:35,8869,102899,77078,4552483360,0,0,0
eb2203,20220218,20220218,112435500,11:24:35,8869,102899,77078,4552483360,0,0,0
eb2203,20220218,20220218,112448500,11:24:49,8869,102900,77078,4552527705,1,0,44345
eb2203,20220218,20220218,112449000,11:24:49,8869,102900,77078,4552527705,0,0,0
eb2203,20220218,20220218,112456000,11:24:56,8869,102900,77078,4552527705,0,0,0
eb2203,20220218,20220218,112456500,11:24:56,8869,102900,77078,4552527705,0,0,0
eb2203,20220218,20220218,112500500,11:25:01,8867,102903,77081,4552660710,3,3,133005
eb2203,20220218,20220218,112501000,11:25:02,8867,102906,77080,4552793715,3,-1,133005
eb2203,20220218,20220218,112501500,11:25:05,8867,102906,77080,4552793715,0,0,0
eb2203,20220218,20220218,112502000,11:25:05,8867,102906,77080,4552793715,0,0,0
eb2203,20220218,20220218,112502500,11:25:06,8869,102910,77081,4552971095,4,1,177380
eb2203,20220218,20220218,112504500,11:25:06,8869,102910,77081,4552971095,0,0,0
eb2203,20220218,20220218,112506000,11:25:06,8873,102931,77089,4553902680,21,8,931585
eb2203,20220218,20220218,112506500,11:25:07,8872,102940,77096,4554301955,9,7,399275
eb2203,20220218,20220218,112507000,11:25:07,8872,102941,77096,4554346315,1,0,44360
eb2203,20220218,20220218,112507500,11:25:07,8872,102942,77097,4554390675,1,1,44360
eb2203,20220218,20220218,112508000,11:25:08,8871,102948,77102,4554656805,6,5,266130
eb2203,20220218,20220218,112508500,11:25:08,8870,102949,77102,4554701155,1,0,44350
eb2203,20220218,20220218,112509000,11:25:09,8870,102949,77102,4554701155,0,0,0
eb2203,20220218,20220218,112509500,11:25:09,8868,102954,77101,4554922870,5,-1,221715
eb2203,20220218,20220218,112510000,11:25:10,8869,102955,77100,4554967215,1,-1,44345
eb2203,20220218,20220218,112510500,11:25:10,8867,102956,77101,4555011550,1,1,44335
eb2203,20220218,20220218,112511500,11:25:11,8870,102958,77100,4555100245,2,-1,88695
eb2203,20220218,20220218,112513000,11:25:13,8867,102959,77100,4555144580,1,0,44335
eb2203,20220218,20220218,112514000,11:25:15,8870,102960,77099,4555188930,1,-1,44350
eb2203,20220218,20220218,112514500,11:25:16,8870,102960,77099,4555188930,0,0,0
eb2203,20220218,20220218,112517500,11:25:18,8870,102961,77098,4555233280,1,-1,44350
eb2203,20220218,20220218,112518000,11:25:19,8870,102961,77098,4555233280,0,0,0
eb2203,20220218,20220218,112520500,11:25:21,8868,102963,77099,4555321960,2,1,88680
eb2203,20220218,20220218,112521000,11:25:22,8867,102966,77099,4555454965,3,0,133005
eb2203,20220218,20220218,112521500,11:25:22,8867,102966,77099,4555454965,0,0,0
eb2203,20220218,20220218,112522000,11:25:22,8867,102967,77099,4555499300,1,0,44335
eb2203,20220218,20220218,112522500,11:25:23,8867,102967,77099,4555499300,0,0,0
eb2203,20220218,20220218,112524500,11:25:25,8866,102972,77101,4555720950,5,2,221650
eb2203,20220218,20220218,112525500,11:25:26,8866,102972,77101,4555720950,0,0,0
eb2203,20220218,20220218,112529000,11:25:29,8866,102973,77101,4555765280,1,0,44330
eb2203,20220218,20220218,112529500,11:25:30,8865,102981,77101,4556119880,8,0,354600
eb2203,20220218,20220218,112530000,11:25:31,8864,102982,77102,4556164200,1,1,44320
eb2203,20220218,20220218,112530500,11:25:31,8862,103000,77103,4556961845,18,1,797645
eb2203,20220218,20220218,112531000,11:25:31,8860,103012,77100,4557493490,12,-3,531645
eb2203,20220218,20220218,112531500,11:25:32,8860,103021,77098,4557892190,9,-2,398700
eb2203,20220218,20220218,112532000,11:25:32,8861,103034,77099,4558468160,13,1,575970
eb2203,20220218,20220218,112532500,11:25:33,8862,103045,77096,4558955570,11,-3,487410
eb2203,20220218,20220218,112533000,11:25:33,8864,103046,77095,4558999890,1,-1,44320
eb2203,20220218,20220218,112533500,11:25:33,8864,103046,77095,4558999890,0,0,0
eb2203,20220218,20220218,112534000,11:25:34,8864,103046,77095,4558999890,0,0,0
eb2203,20220218,20220218,112534500,11:25:36,8862,103048,77097,4559088510,2,2,88620
eb2203,20220218,20220218,112535000,11:25:36,8862,103048,77097,4559088510,0,0,0
eb2203,20220218,20220218,112535500,11:25:37,8862,103048,77097,4559088510,0,0,0
eb2203,20220218,20220218,112536000,11:25:37,8863,103049,77097,4559132825,1,0,44315
eb2203,20220218,20220218,112536500,11:25:37,8863,103049,77097,4559132825,0,0,0
eb2203,20220218,20220218,112540000,11:25:40,8864,103052,77095,4559265785,3,-2,132960
eb2203,20220218,20220218,112540500,11:25:41,8864,103053,77094,4559310105,1,-1,44320
eb2203,20220218,20220218,112541500,11:25:41,8863,103056,77091,4559443050,3,-3,132945
eb2203,20220218,20220218,112543000,11:25:43,8863,103057,77092,4559487365,1,1,44315
eb2203,20220218,20220218,112544000,11:25:44,8865,103058,77091,4559531690,1,-1,44325
eb2203,20220218,20220218,112544500,11:25:44,8865,103060,77090,4559620340,2,-1,88650
eb2203,20220218,20220218,112545000,11:25:45,8864,103064,77086,4559797620,4,-4,177280
eb2203,20220218,20220218,112545500,11:25:46,8864,103064,77086,4559797620,0,0,0
eb2203,20220218,20220218,112546000,11:25:47,8864,103064,77086,4559797620,0,0,0
eb2203,20220218,20220218,112546500,11:25:47,8866,103065,77086,4559841950,1,0,44330
eb2203,20220218,20220218,112547500,11:25:48,8864,103066,77085,4559886270,1,-1,44320
eb2203,20220218,20220218,112549500,11:25:49,8864,103067,77086,4559930590,1,1,44320
eb2203,20220218,20220218,112551500,11:25:51,8864,103068,77086,4559974910,1,0,44320
eb2203,20220218,20220218,112552000,11:25:52,8864,103068,77086,4559974910,0,0,0
eb2203,20220218,20220218,112552500,11:25:53,8864,103068,77086,4559974910,0,0,0
eb2203,20220218,20220218,112553500,11:25:54,8864,103069,77086,4560019230,1,0,44320
eb2203,20220218,20220218,112554000,11:25:54,8864,103070,77087,4560063550,1,1,44320
eb2203,20220218,20220218,112554500,11:25:55,8864,103070,77087,4560063550,0,0,0
eb2203,20220218,20220218,112555000,11:25:55,8864,103070,77087,4560063550,0,0,0
eb2203,20220218,20220218,112556000,11:25:57,8863,103076,77092,4560329440,6,5,265890
eb2203,20220218,20220218,112558000,11:25:59,8862,103077,77093,4560373750,1,1,44310
eb2203,20220218,20220218,112601500,11:26:03,8864,103082,77089,4560595350,5,-4,221600
eb2203,20220218,20220218,112602000,11:26:03,8864,103083,77088,4560639670,1,-1,44320
eb2203,20220218,20220218,112602500,11:26:03,8864,103083,77088,4560639670,0,0,0
eb2203,20220218,20220218,112603000,11:26:03,8864,103084,77088,4560683990,1,0,44320
eb2203,20220218,20220218,112604000,11:26:05,8864,103084,77088,4560683990,0,0,0
eb2203,20220218,20220218,112604500,11:26:05,8866,103087,77089,4560816970,3,1,132980
eb2203,20220218,20220218,112605500,11:26:06,8866,103089,77089,4560905630,2,0,88660
eb2203,20220218,20220218,112606000,11:26:06,8867,103090,77090,4560949965,1,1,44335
eb2203,20220218,20220218,112606500,11:26:07,8870,103099,77094,4561349085,9,4,399120
eb2203,20220218,20220218,112607000,11:26:09,8870,103100,77094,4561393435,1,0,44350
eb2203,20220218,20220218,112607500,11:26:09,8870,103105,77094,4561615195,5,0,221760
eb2203,20220218,20220218,112610000,11:26:10,8870,103105,77094,4561615195,0,0,0
eb2203,20220218,20220218,112610500,11:26:11,8870,103105,77094,4561615195,0,0,0
eb2203,20220218,20220218,112612000,11:26:14,8870,103111,77093,4561881345,6,-1,266150
eb2203,20220218,20220218,112612500,11:26:15,8871,103115,77092,4562058755,4,-1,177410
eb2203,20220218,20220218,112613000,11:26:15,8872,103116,77093,4562103115,1,1,44360
eb2203,20220218,20220218,112613500,11:26:15,8872,103119,77093,4562236195,3,0,133080
eb2203,20220218,20220218,112614000,11:26:15,8871,103124,77094,4562457990,5,1,221795
eb2203,20220218,20220218,112614500,11:26:16,8871,103127,77097,4562591055,3,3,133065
eb2203,20220218,20220218,112615000,11:26:16,8871,103128,77097,4562635410,1,0,44355
eb2203,20220218,20220218,112615500,11:26:16,8871,103131,77097,4562768475,3,0,133065
eb2203,20220218,20220218,112616000,11:26:16,8870,103134,77097,4562901530,3,0,133055
eb2203,20220218,20220218,112616500,11:26:17,8870,103134,77097,4562901530,0,0,0
eb2203,20220218,20220218,112618000,11:26:18,8869,103135,77098,4562945875,1,1,44345
eb2203,20220218,20220218,112618500,11:26:19,8869,103135,77098,4562945875,0,0,0
eb2203,20220218,20220218,112619500,11:26:20,8870,103136,77098,4562990225,1,0,44350
eb2203,20220218,20220218,112621000,11:26:21,8870,103136,77098,4562990225,0,0,0
eb2203,20220218,20220218,112621500,11:26:21,8870,103136,77098,4562990225,0,0,0
eb2203,20220218,20220218,112622000,11:26:22,8870,103137,77098,4563034575,1,0,44350
eb2203,20220218,20220218,112622500,11:26:23,8870,103137,77098,4563034575,0,0,0
eb2203,20220218,20220218,112623500,11:26:23,8869,103144,77105,4563344990,7,7,310415
eb2203,20220218,20220218,112624000,11:26:24,8868,103148,77107,4563522350,4,2,177360
eb2203,20220218,20220218,112624500,11:26:24,8868,103150,77107,4563611030,2,0,88680
eb2203,20220218,20220218,112625000,11:26:25,8867,103151,77108,4563655365,1,1,44335
eb2203,20220218,20220218,112625500,11:26:26,8868,103152,77107,4563699705,1,-1,44340
eb2203,20220218,20220218,112626500,11:26:27,8868,103152,77107,4563699705,0,0,0
eb2203,20220218,20220218,112629000,11:26:30,8867,103154,77107,4563788375,2,0,88670
eb2203,20220218,20220218,112629500,11:26:31,8868,103155,77107,4563832715,1,0,44340
eb2203,20220218,20220218,112630500,11:26:31,8869,103156,77107,4563877060,1,0,44345
eb2203,20220218,20220218,112631500,11:26:32,8869,103156,77107,4563877060,0,0,0
eb2203,20220218,20220218,112632000,11:26:32,8868,103157,77108,4563921400,1,1,44340
eb2203,20220218,20220218,112637000,11:26:39,8868,103157,77108,4563921400,0,0,0
eb2203,20220218,20220218,112637500,11:26:54,8868,103157,77108,4563921400,0,0,0
eb2203,20220218,20220218,112652500,11:27:10,8866,103186,77117,4565206875,29,9,1285475
eb2203,20220218,20220218,112710000,11:27:12,8866,103186,77117,4565206875,0,0,0
eb2203,20220218,20220218,112712000,11:27:12,8866,103186,77117,4565206875,0,0,0
eb2203,20220218,20220218,112715000,11:27:16,8870,103227,77113,4567025170,41,-4,1818295
eb2203,20220218,20220218,112715500,11:27:16,8872,103228,77114,4567069530,1,1,44360
eb2203,20220218,20220218,112716000,11:27:17,8872,103228,77114,4567069530,0,0,0
eb2203,20220218,20220218,112717000,11:27:17,8873,103233,77115,4567291350,5,1,221820
eb2203,20220218,20220218,112717500,11:27:17,8873,103233,77115,4567291350,0,0,0
eb2203,20220218,20220218,112718000,11:27:18,8872,103234,77114,4567335710,1,-1,44360
eb2203,20220218,20220218,112718500,11:27:19,8874,103239,77114,4567557560,5,0,221850
eb2203,20220218,20220218,112719000,11:27:19,8874,103239,77114,4567557560,0,0,0
eb2203,20220218,20220218,112719500,11:27:20,8875,103247,77109,4567912560,8,-5,355000
eb2203,20220218,20220218,112720000,11:27:20,8875,103247,77109,4567912560,0,0,0
eb2203,20220218,20220218,112721000,11:27:21,8875,103249,77111,4568001310,2,2,88750
eb2203,20220218,20220218,112725500,11:27:27,8875,103249,77111,4568001310,0,0,0
eb2203,20220218,20220218,112727500,11:27:27,8875,103255,77109,4568267605,6,-2,266295
eb2203,20220218,20220218,112728000,11:27:28,8876,103258,77109,4568400745,3,0,133140
eb2203,20220218,20220218,112728500,11:27:28,8876,103262,77110,4568578265,4,1,177520
eb2203,20220218,20220218,112729000,11:27:29,8875,103271,77104,4568977680,9,-6,399415
eb2203,20220218,20220218,112729500,11:27:29,8875,103299,77077,4570220185,28,-27,1242505
eb2203,20220218,20220218,112730000,11:27:30,8875,103299,77077,4570220185,0,0,0
eb2203,20220218,20220218,112731000,11:27:33,8875,103299,77077,4570220185,0,0,0
eb2203,20220218,20220218,112732000,11:27:36,8873,103301,77077,4570308915,2,0,88730
eb2203,20220218,20220218,112732500,11:27:36,8875,103309,77080,4570663865,8,3,354950
eb2203,20220218,20220218,112735500,11:27:36,8875,103309,77080,4570663865,0,0,0
eb2203,20220218,20220218,112736500,11:27:38,8874,103366,77119,4573193080,57,39,2529215
eb2203,20220218,20220218,112738000,11:27:39,8874,103366,77119,4573193080,0,0,0
eb2203,20220218,20220218,112740000,11:27:40,8873,103367,77118,4573237445,1,-1,44365
eb2203,20220218,20220218,112740500,11:27:40,8873,103367,77118,4573237445,0,0,0
eb2203,20220218,20220218,112744000,11:27:44,8874,103368,77118,4573281815,1,0,44370
eb2203,20220218,20220218,112744500,11:27:45,8874,103370,77119,4573370555,2,1,88740
eb2203,20220218,20220218,112748500,11:27:54,8874,103371,77119,4573414925,1,0,44370
eb2203,20220218,20220218,112751000,11:27:54,8874,103371,77119,4573414925,0,0,0
eb2203,20220218,20220218,112757500,11:27:57,8874,103371,77119,4573414925,0,0,0
eb2203,20220218,20220218,112759500,11:27:59,8874,103372,77120,4573459295,1,1,44370
eb2203,20220218,20220218,112800000,11:28:00,8874,103372,77120,4573459295,0,0,0
eb2203,20220218,20220218,112800500,11:28:01,8875,103378,77119,4573725545,6,-1,266250
eb2203,20220218,20220218,112801000,11:28:01,8874,103379,77118,4573769915,1,-1,44370
eb2203,20220218,20220218,112802000,11:28:03,8874,103384,77117,4573991805,5,-1,221890
eb2203,20220218,20220218,112802500,11:28:03,8874,103384,77117,4573991805,0,0,0
eb2203,20220218,20220218,112803000,11:28:04,8877,103398,77118,4574613130,14,1,621325
eb2203,20220218,20220218,112803500,11:28:04,8877,103398,77118,4574613130,0,0,0
eb2203,20220218,20220218,112804000,11:28:04,8877,103401,77119,4574746285,3,1,133155
eb2203,20220218,20220218,112804500,11:28:06,8879,103405,77118,4574923855,4,-1,177570
eb2203,20220218,20220218,112805000,11:28:06,8878,103447,77116,4576788355,42,-2,1864500
eb2203,20220218,20220218,112806500,11:28:10,8878,103447,77116,4576788355,0,0,0
eb2203,20220218,20220218,112810000,11:28:11,8880,103481,77107,4578297965,34,-9,1509610
eb2203,20220218,20220218,112812000,11:28:13,8880,103482,77107,4578342365,1,0,44400
eb2203,20220218,20220218,112815000,11:28:15,8880,103483,77108,4578386765,1,1,44400
eb2203,20220218,20220218,112818000,11:28:18,8880,103483,77108,4578386765,0,0,0
eb2203,20220218,20220218,112818500,11:28:18,8880,103485,77107,4578475555,2,-1,88790
eb2203,20220218,20220218,112821000,11:28:21,8878,103487,77108,4578564345,2,1,88790
eb2203,20220218,20220218,112821500,11:28:22,8878,103487,77108,4578564345,0,0,0
eb2203,20220218,20220218,112822000,11:28:22,8878,103487,77108,4578564345,0,0,0
eb2203,20220218,20220218,112822500,11:28:22,8878,103487,77108,4578564345,0,0,0
eb2203,20220218,20220218,112825000,11:28:25,8879,103488,77107,4578608740,1,-1,44395
eb2203,20220218,20220218,112827000,11:28:27,8878,103490,77109,4578697520,2,2,88780
eb2203,20220218,20220218,112827500,11:28:27,8878,103490,77109,4578697520,0,0,0
eb2203,20220218,20220218,112828000,11:28:28,8878,103491,77110,4578741910,1,1,44390
eb2203,20220218,20220218,112828500,11:28:28,8878,103491,77110,4578741910,0,0,0
eb2203,20220218,20220218,112829000,11:28:29,8878,103491,77110,4578741910,0,0,0
eb2203,20220218,20220218,112829500,11:28:30,8878,103491,77110,4578741910,0,0,0
eb2203,20220218,20220218,112830000,11:28:30,8876,103492,77110,4578786290,1,0,44380
eb2203,20220218,20220218,112830500,11:28:31,8878,103493,77110,4578830680,1,0,44390
eb2203,20220218,20220218,112831000,11:28:31,8879,103497,77113,4579008250,4,3,177570
eb2203,20220218,20220218,112831500,11:28:32,8879,103497,77113,4579008250,0,0,0
eb2203,20220218,20220218,112833500,11:28:34,8879,103497,77113,4579008250,0,0,0
eb2203,20220218,20220218,112834000,11:28:34,8879,103497,77113,4579008250,0,0,0
eb2203,20220218,20220218,112834500,11:28:34,8879,103497,77113,4579008250,0,0,0
eb2203,20220218,20220218,112836000,11:28:37,8877,103498,77113,4579052635,1,0,44385
eb2203,20220218,20220218,112837000,11:28:37,8877,103498,77113,4579052635,0,0,0
eb2203,20220218,20220218,112839500,11:28:40,8877,103498,77113,4579052635,0,0,0
eb2203,20220218,20220218,112841500,11:28:41,8877,103498,77113,4579052635,0,0,0
eb2203,20220218,20220218,112842000,11:28:42,8877,103500,77114,4579141405,2,1,88770
eb2203,20220218,20220218,112842500,11:28:43,8877,103502,77114,4579230175,2,0,88770
eb2203,20220218,20220218,112843000,11:28:43,8877,103502,77114,4579230175,0,0,0
eb2203,20220218,20220218,112846500,11:28:46,8877,103502,77114,4579230175,0,0,0
eb2203,20220218,20220218,112847000,11:28:47,8878,103503,77114,4579274565,1,0,44390
eb2203,20220218,20220218,112848500,11:28:48,8878,103503,77114,4579274565,0,0,0
eb2203,20220218,20220218,112851500,11:28:52,8878,103504,77114,4579318955,1,0,44390
eb2203,20220218,20220218,112853000,11:28:54,8878,103504,77114,4579318955,0,0,0
eb2203,20220218,20220218,112854500,11:28:54,8879,103505,77114,4579363350,1,0,44395
eb2203,20220218,20220218,112857500,11:28:58,8879,103505,77114,4579363350,0,0,0
eb2203,20220218,20220218,112859500,11:29:00,8879,103506,77115,4579407745,1,1,44395
eb2203,20220218,20220218,112900000,11:29:00,8879,103507,77114,4579452140,1,-1,44395
eb2203,20220218,20220218,112900500,11:29:01,8878,103508,77114,4579496530,1,0,44390
eb2203,20220218,20220218,112901000,11:29:01,8878,103508,77114,4579496530,0,0,0
eb2203,20220218,20220218,112901500,11:29:02,8878,103508,77114,4579496530,0,0,0
eb2203,20220218,20220218,112902000,11:29:02,8877,103513,77109,4579718455,5,-5,221925
eb2203,20220218,20220218,112902500,11:29:03,8877,103521,77103,4580073510,8,-6,355055
eb2203,20220218,20220218,112903000,11:29:03,8877,103521,77103,4580073510,0,0,0
eb2203,20220218,20220218,112904000,11:29:04,8877,103525,77099,4580251050,4,-4,177540
eb2203,20220218,20220218,112905000,11:29:05,8877,103526,77098,4580295435,1,-1,44385
eb2203,20220218,20220218,112908500,11:29:08,8877,103530,77098,4580472975,4,0,177540
eb2203,20220218,20220218,112909000,11:29:09,8877,103530,77098,4580472975,0,0,0
eb2203,20220218,20220218,112909500,11:29:09,8877,103531,77098,4580517360,1,0,44385
eb2203,20220218,20220218,112910000,11:29:10,8879,103533,77097,4580606140,2,-1,88780
eb2203,20220218,20220218,112910500,11:29:11,8877,103534,77096,4580650525,1,-1,44385
eb2203,20220218,20220218,112911000,11:29:11,8877,103534,77096,4580650525,0,0,0
eb2203,20220218,20220218,112912000,11:29:12,8877,103535,77096,4580694910,1,0,44385
eb2203,20220218,20220218,112914500,11:29:15,8875,103537,77094,4580783660,2,-2,88750
eb2203,20220218,20220218,112915000,11:29:15,8875,103544,77091,4581094285,7,-3,310625
eb2203,20220218,20220218,112916500,11:29:20,8875,103544,77091,4581094285,0,0,0
eb2203,20220218,20220218,112920000,11:29:21,8876,103546,77090,4581183045,2,-1,88760
eb2203,20220218,20220218,112921000,11:29:22,8876,103547,77089,4581227425,1,-1,44380
eb2203,20220218,20220218,112921500,11:29:24,8876,103547,77089,4581227425,0,0,0
eb2203,20220218,20220218,112923000,11:29:24,8876,103547,77089,4581227425,0,0,0
eb2203,20220218,20220218,112924000,11:29:24,8876,103547,77089,4581227425,0,0,0
eb2203,20220218,20220218,112924500,11:29:25,8876,103547,77089,4581227425,0,0,0
eb2203,20220218,20220218,112925500,11:29:26,8876,103548,77088,4581271805,1,-1,44380
eb2203,20220218,20220218,112927000,11:29:27,8876,103549,77087,4581316185,1,-1,44380
eb2203,20220218,20220218,112929500,11:29:30,8877,103550,77087,4581360570,1,0,44385
eb2203,20220218,20220218,112932500,11:29:37,8877,103550,77087,4581360570,0,0,0
eb2203,20220218,20220218,112933000,11:29:37,8876,103553,77086,4581493710,3,-1,133140
eb2203,20220218,20220218,112936500,11:29:38,8875,103561,77084,4581848720,8,-2,355010
eb2203,20220218,20220218,112937500,11:29:38,8876,103572,77079,4582336895,11,-5,488175
eb2203,20220218,20220218,112938000,11:29:38,8876,103572,77079,4582336895,0,0,0
eb2203,20220218,20220218,112938500,11:29:39,8876,103600,77052,4583579535,28,-27,1242640
eb2203,20220218,20220218,112939000,11:29:39,8877,103601,77051,4583623920,1,-1,44385
eb2203,20220218,20220218,112940000,11:29:40,8876,103602,77051,4583668300,1,0,44380
eb2203,20220218,20220218,112941500,11:29:42,8877,103606,77047,4583845840,4,-4,177540
eb2203,20220218,20220218,112942000,11:29:44,8877,103606,77047,4583845840,0,0,0
eb2203,20220218,20220218,112944500,11:29:45,8876,103607,77047,4583890220,1,0,44380
eb2203,20220218,20220218,112946000,11:29:47,8876,103608,77046,4583934600,1,-1,44380
eb2203,20220218,20220218,112946500,11:29:47,8878,103609,77047,4583978990,1,1,44390
eb2203,20220218,20220218,112947000,11:29:47,8878,103609,77047,4583978990,0,0,0
eb2203,20220218,20220218,112949000,11:29:50,8879,103617,77054,4584334150,8,7,355160
eb2203,20220218,20220218,112949500,11:29:50,8879,103617,77054,4584334150,0,0,0
eb2203,20220218,20220218,112950000,11:29:51,8876,103619,77054,4584422910,2,0,88760
eb2203,20220218,20220218,112951500,11:29:52,8880,103741,77058,4589839545,122,4,5416635
eb2203,20220218,20220218,112952000,11:29:53,8882,103743,77058,4589928365,2,0,88820
eb2203,20220218,20220218,112952500,11:29:53,8883,103751,77051,4590283635,8,-7,355270
eb2203,20220218,20220218,112953000,11:29:54,8880,103757,77053,4590550035,6,2,266400
eb2203,20220218,20220218,112953500,11:29:54,8880,103758,77052,4590594435,1,-1,44400
eb2203,20220218,20220218,112954000,11:29:54,8880,103769,77052,4591082895,11,0,488460
eb2203,20220218,20220218,112954500,11:29:54,8881,103770,77051,4591127300,1,-1,44405
eb2203,20220218,20220218,112956000,11:30:00,8881,103772,77051,4591216110,2,0,88810
eb2203,20220218,20220218,112956500,11:30:00,8881,103772,77051,4591216110,0,0,0
eb2203,20220218,20220218,112957000,11:30:02,8881,103775,77050,4591349315,3,-1,133205
eb2203,20220218,20220218,112959500,11:30:02,8882,103794,77050,4592193040,19,0,843725
eb2203,20220218,20220218,113001000,11:30:03,8882,103794,77050,4592193040,0,0,0
eb2203,20220218,20220218,113001500,11:30:03,8883,103796,77049,4592281870,2,-1,88830
eb2203,20220218,20220218,133001500,13:30:02,8883,103802,77052,4592548380,6,3,266510
eb2203,20220218,20220218,133002000,13:30:08,8885,103819,77049,4593303550,17,-3,755170
eb2203,20220218,20220218,133002500,13:30:10,8888,103848,77053,4594591945,29,4,1288395
eb2203,20220218,20220218,133008000,13:30:10,8877,104026,77035,4602498575,178,-18,7906630
eb2203,20220218,20220218,133009500,13:30:10,8874,104037,77032,4602986735,11,-3,488160
eb2203,20220218,20220218,133010000,13:30:11,8873,104056,77029,4603829730,19,-3,842995
eb2203,20220218,20220218,133010500,13:30:12,8877,104062,77027,4604095940,6,-2,266210
eb2203,20220218,20220218,133011000,13:30:13,8876,104065,77026,4604229060,3,-1,133120
eb2203,20220218,20220218,133012500,13:30:13,8874,104067,77026,4604317795,2,0,88735
eb2203,20220218,20220218,133013000,13:30:14,8874,104068,77025,4604362165,1,-1,44370
eb2203,20220218,20220218,133013500,13:30:14,8874,104068,77025,4604362165,0,0,0
eb2203,20220218,20220218,133014000,13:30:16,8874,104068,77025,4604362165,0,0,0
eb2203,20220218,20220218,133014500,13:30:17,8874,104070,77023,4604450905,2,-2,88740
eb2203,20220218,20220218,133016000,13:30:18,8874,104073,77025,4604584015,3,2,133110
eb2203,20220218,20220218,133017000,13:30:18,8873,104078,77021,4604805860,5,-4,221845
eb2203,20220218,20220218,133017500,13:30:19,8873,104082,77019,4604983320,4,-2,177460
eb2203,20220218,20220218,133018000,13:30:19,8873,104083,77019,4605027685,1,0,44365
eb2203,20220218,20220218,133018500,13:30:20,8873,104083,77019,4605027685,0,0,0
eb2203,20220218,20220218,133019000,13:30:20,8873,104086,77018,4605160785,3,-1,133100
eb2203,20220218,20220218,133019500,13:30:21,8874,104089,77016,4605293895,3,-2,133110
eb2203,20220218,20220218,133020000,13:30:21,8874,104089,77016,4605293895,0,0,0
eb2203,20220218,20220218,133020500,13:30:21,8875,104091,77016,4605382640,2,0,88745
eb2203,20220218,20220218,133021500,13:30:22,8875,104093,77014,4605471390,2,-2,88750
eb2203,20220218,20220218,133022000,13:30:38,8875,104093,77014,4605471390,0,0,0
eb2203,20220218,20220218,133022500,13:30:38,8875,104093,77014,4605471390,0,0,0
eb2203,20220218,20220218,133023000,13:30:38,8877,104098,77014,4605693305,5,0,221915
eb2203,20220218,20220218,133037500,13:30:40,8877,104098,77014,4605693305,0,0,0
eb2203,20220218,20220218,133041000,13:30:43,8877,104098,77014,4605693305,0,0,0
eb2203,20220218,20220218,133042500,13:30:44,8881,104147,77014,4607868775,49,0,2175470
eb2203,20220218,20220218,133044500,13:30:46,8881,104148,77014,4607913180,1,0,44405
eb2203,20220218,20220218,133046000,13:30:47,8881,104148,77014,4607913180,0,0,0
eb2203,20220218,20220218,133048500,13:30:49,8881,104148,77014,4607913180,0,0,0
eb2203,20220218,20220218,133049500,13:30:50,8881,104148,77014,4607913180,0,0,0
eb2203,20220218,20220218,133050000,13:30:51,8878,104153,77011,4608135155,5,-3,221975
eb2203,20220218,20220218,133050500,13:30:52,8878,104153,77011,4608135155,0,0,0
eb2203,20220218,20220218,133051000,13:30:52,8880,104154,77010,4608179555,1,-1,44400
eb2203,20220218,20220218,133051500,13:30:52,8877,104170,77014,4608889750,16,4,710195
eb2203,20220218,20220218,133052000,13:30:53,8878,104189,77010,4609733240,19,-4,843490
eb2203,20220218,20220218,133052500,13:30:54,8878,104206,77014,4610487900,17,4,754660
eb2203,20220218,20220218,133053000,13:30:54,8878,104206,77014,4610487900,0,0,0
eb2203,20220218,20220218,133054500,13:30:55,8878,104206,77014,4610487900,0,0,0
eb2203,20220218,20220218,133055000,13:30:56,8879,104224,77011,4611287010,18,-3,799110
eb2203,20220218,20220218,133055500,13:30:56,8879,104281,77035,4613817525,57,24,2530515
eb2203,20220218,20220218,133056000,13:30:57,8879,104281,77035,4613817525,0,0,0
eb2203,20220218,20220218,133056500,13:30:57,8879,104282,77036,4613861920,1,1,44395
eb2203,20220218,20220218,133057000,13:30:58,8879,104282,77036,4613861920,0,0,0
eb2203,20220218,20220218,133058000,13:30:58,8880,104283,77035,4613906320,1,-1,44400
eb2203,20220218,20220218,133058500,13:30:59,8880,104284,77035,4613950720,1,0,44400
eb2203,20220218,20220218,133059500,13:31:00,8879,104287,77037,4614083910,3,2,133190
eb2203,20220218,20220218,133100000,13:31:00,8879,104287,77037,4614083910,0,0,0
eb2203,20220218,20220218,133101000,13:31:01,8879,104294,77044,4614394675,7,7,310765
eb2203,20220218,20220218,133101500,13:31:01,8879,104294,77044,4614394675,0,0,0
eb2203,20220218,20220218,133102000,13:31:02,8880,104296,77042,4614483475,2,-2,88800
eb2203,20220218,20220218,133102500,13:31:03,8880,104296,77042,4614483475,0,0,0
eb2203,20220218,20220218,133103500,13:31:05,8879,104297,77042,4614527870,1,0,44395
eb2203,20220218,20220218,133104000,13:31:06,8881,104301,77038,4614705485,4,-4,177615
eb2203,20220218,20220218,133104500,13:31:07,8880,104309,77033,4615060750,8,-5,355265
eb2203,20220218,20220218,133105500,13:31:08,8885,104322,77035,4615638180,13,2,577430
eb2203,20220218,20220218,133106000,13:31:08,8886,104323,77036,4615682610,1,1,44430
eb2203,20220218,20220218,133107000,13:31:08,8886,104323,77036,4615682610,0,0,0
eb2203,20220218,20220218,133107500,13:31:09,8886,104323,77036,4615682610,0,0,0
eb2203,20220218,20220218,133108500,13:31:09,8886,104323,77036,4615682610,0,0,0
eb2203,20220218,20220218,133110500,13:31:11,8883,104327,77037,4615860285,4,1,177675
eb2203,20220218,20220218,133111000,13:31:12,8883,104327,77037,4615860285,0,0,0
eb2203,20220218,20220218,133111500,13:31:12,8883,104328,77037,4615904700,1,0,44415
eb2203,20220218,20220218,133112000,13:31:13,8885,104333,77035,4616126825,5,-2,222125
eb2203,20220218,20220218,133112500,13:31:13,8885,104339,77032,4616393375,6,-3,266550
eb2203,20220218,20220218,133113500,13:31:15,8884,104341,77030,4616482215,2,-2,88840
eb2203,20220218,20220218,133114000,13:31:15,8884,104341,77030,4616482215,0,0,0
eb2203,20220218,20220218,133115500,13:31:16,8887,104346,77032,4616704370,5,2,222155
eb2203,20220218,20220218,133116000,13:31:16,8887,104348,77033,4616793240,2,1,88870
eb2203,20220218,20220218,133116500,13:31:17,8887,104349,77034,4616837675,1,1,44435
eb2203,20220218,20220218,133117000,13:31:18,8887,104351,77035,4616926545,2,1,88870
eb2203,20220218,20220218,133118000,13:31:19,8885,104352,77035,4616970970,1,0,44425
eb2203,20220218,20220218,133118500,13:31:19,8885,104352,77035,4616970970,0,0,0
eb2203,20220218,20220218,133119000,13:31:20,8885,104365,77029,4617548605,13,-6,577635
eb2203,20220218,20220218,133119500,13:31:20,8885,104365,77029,4617548605,0,0,0
eb2203,20220218,20220218,133120000,13:31:20,8874,104501,76945,4623587245,136,-84,6038640
eb2203,20220218,20220218,133120500,13:31:21,8871,104584,76967,4627269805,83,22,3682560
eb2203,20220218,20220218,133121000,13:31:21,8871,104590,76972,4627535995,6,5,266190
eb2203,20220218,20220218,133121500,13:31:22,8874,104591,76971,4627580365,1,-1,44370
eb2203,20220218,20220218,133122000,13:31:23,8874,104591,76971,4627580365,0,0,0
eb2203,20220218,20220218,133122500,13:31:23,8875,104615,76970,4628645310,24,-1,1064945
eb2203,20220218,20220218,133123000,13:31:25,8876,104616,76969,4628689690,1,-1,44380
eb2203,20220218,20220218,133123500,13:31:25,8877,104617,76969,4628734075,1,0,44385
eb2203,20220218,20220218,133124500,13:31:25,8876,104621,76969,4628911580,4,0,177505
eb2203,20220218,20220218,133157500,13:31:57,8876,104623,76967,4629000335,2,-2,88755
eb2203,20220218,20220218,133158500,13:31:58,8876,104624,76967,4629044715,1,0,44380
eb2203,20220218,20220218,133159000,13:31:59,8877,104626,76968,4629133475,2,1,88760
eb2203,20220218,20220218,133159500,13:32:00,8881,104639,76970,4629710705,13,2,577230
eb2203,20220218,20220218,133200500,13:32:01,8882,104831,76999,4638236620,192,29,8525915
eb2203,20220218,20220218,133201000,13:32:01,8882,104831,76999,4638236620,0,0,0
eb2203,20220218,20220218,133201500,13:32:01,8884,104869,77033,4639924465,38,34,1687845
eb2203,20220218,20220218,133202000,13:32:03,8883,104904,77062,4641478990,35,29,1554525
eb2203,20220218,20220218,133202500,13:32:04,8883,104908,77065,4641656650,4,3,177660
eb2203,20220218,20220218,133203000,13:32:05,8883,104913,77069,4641878725,5,4,222075
eb2203,20220218,20220218,133205000,13:32:06,8883,104932,77081,4642722680,19,12,843955
eb2203,20220218,20220218,133205500,13:32:06,8882,104936,77082,4642900330,4,1,177650
eb2203,20220218,20220218,133206000,13:32:07,8883,104940,77086,4643077990,4,4,177660
eb2203,20220218,20220218,133206500,13:32:07,8883,104941,77087,4643122405,1,1,44415
eb2203,20220218,20220218,133207000,13:32:07,8883,104944,77089,4643255650,3,2,133245
eb2203,20220218,20220218,133208000,13:32:09,8883,104945,77089,4643300065,1,0,44415
eb2203,20220218,20220218,133208500,13:32:10,8882,104973,77106,4644543615,28,17,1243550
eb2203,20220218,20220218,133209000,13:32:10,8881,105037,77094,4647385745,64,-12,2842130
eb2203,20220218,20220218,133209500,13:32:10,8880,105054,77111,4648140545,17,17,754800
eb2203,20220218,20220218,133210000,13:32:12,8880,105056,77111,4648229335,2,0,88790
eb2203,20220218,20220218,133210500,13:32:13,8879,105057,77111,4648273730,1,0,44395
eb2203,20220218,20220218,133212500,13:32:15,8879,105057,77111,4648273730,0,0,0
eb2203,20220218,20220218,133214000,13:32:15,8881,105067,77105,4648717775,10,-6,444045
eb2203,20220218,20220218,133214500,13:32:16,8881,105067,77105,4648717775,0,0,0
eb2203,20220218,20220218,133215500,13:32:16,8882,105081,77105,4649339475,14,0,621700
eb2203,20220218,20220218,133216000,13:32:17,8882,105081,77105,4649339475,0,0,0
eb2203,20220218,20220218,133217000,13:32:18,8883,105088,77099,4649650365,7,-6,310890
eb2203,20220218,20220218,133217500,13:32:18,8882,105095,77096,4649961250,7,-3,310885
eb2203,20220218,20220218,133218000,13:32:18,8880,105105,77100,4650405250,10,4,444000
eb2203,20220218,20220218,133218500,13:32:19,8880,105105,77100,4650405250,0,0,0
eb2203,20220218,20220218,133220500,13:32:21,8880,105105,77100,4650405250,0,0,0
eb2203,20220218,20220218,133221000,13:32:21,8880,105105,77100,4650405250,0,0,0
eb2203,20220218,20220218,133221500,13:32:22,8882,105115,77100,4650849350,10,0,444100
eb2203,20220218,20220218,133222000,13:32:23,8883,105121,77101,4651115830,6,1,266480
eb2203,20220218,20220218,133223000,13:32:24,8883,105121,77101,4651115830,0,0,0
eb2203,20220218,20220218,133224000,13:32:24,8882,105123,77102,4651204650,2,1,88820
eb2203,20220218,20220218,133224500,13:32:25,8882,105125,77104,4651293470,2,2,88820
eb2203,20220218,20220218,133225000,13:32:25,8882,105126,77105,4651337880,1,1,44410
eb2203,20220218,20220218,133225500,13:32:26,8883,105127,77104,4651382295,1,-1,44415
eb2203,20220218,20220218,133227000,13:32:27,8882,105128,77105,4651426705,1,1,44410
eb2203,20220218,20220218,133228500,13:32:32,8884,105130,77105,4651515545,2,0,88840
eb2203,20220218,20220218,133229000,13:32:33,8882,105131,77106,4651559955,1,1,44410
eb2203,20220218,20220218,133232000,13:32:35,8882,105131,77106,4651559955,0,0,0
eb2203,20220218,20220218,133234000,13:32:35,8882,105131,77106,4651559955,0,0,0
eb2203,20220218,20220218,133235000,13:32:36,8882,105131,77106,4651559955,0,0,0
eb2203,20220218,20220218,133235500,13:32:36,8884,105227,77161,4655825245,96,55,4265290
eb2203,20220218,20220218,133236000,13:32:37,8884,105227,77161,4655825245,0,0,0
eb2203,20220218,20220218,133236500,13:32:37,8884,105227,77161,4655825245,0,0,0
eb2203,20220218,20220218,133237000,13:32:37,8885,105230,77163,4655958520,3,2,133275
eb2203,20220218,20220218,133237500,13:32:38,8885,105231,77164,4656002945,1,1,44425
eb2203,20220218,20220218,133239500,13:32:40,8885,105235,77167,4656180630,4,3,177685
eb2203,20220218,20220218,133240000,13:32:40,8885,105235,77167,4656180630,0,0,0
eb2203,20220218,20220218,133240500,13:32:41,8885,105235,77167,4656180630,0,0,0
eb2203,20220218,20220218,133241500,13:32:42,8886,105239,77170,4656358335,4,3,177705
eb2203,20220218,20220218,133242000,13:32:42,8885,105240,77171,4656402760,1,1,44425
eb2203,20220218,20220218,133242500,13:32:42,8885,105241,77172,4656447185,1,1,44425
eb2203,20220218,20220218,133243000,13:32:43,8885,105244,77173,4656580460,3,1,133275
eb2203,20220218,20220218,133243500,13:32:44,8885,105244,77173,4656580460,0,0,0
eb2203,20220218,20220218,133244000,13:32:44,8885,105244,77173,4656580460,0,0,0
eb2203,20220218,20220218,133244500,13:32:45,8885,105244,77173,4656580460,0,0,0
eb2203,20220218,20220218,133245500,13:32:45,8885,105244,77173,4656580460,0,0,0
eb2203,20220218,20220218,133246000,13:32:47,8884,105261,77180,4657335600,17,7,755140
eb2203,20220218,20220218,133246500,13:32:47,8883,105263,77180,4657424430,2,0,88830
eb2203,20220218,20220218,133247000,13:32:47,8882,105291,77182,4658667920,28,2,1243490
eb2203,20220218,20220218,133247500,13:32:48,8882,105291,77182,4658667920,0,0,0
eb2203,20220218,20220218,133248000,13:32:49,8882,105293,77182,4658756740,2,0,88820
eb2203,20220218,20220218,133248500,13:32:49,8884,105306,77180,4659334110,13,-2,577370
eb2203,20220218,20220218,133249000,13:32:49,8884,105306,77180,4659334110,0,0,0
eb2203,20220218,20220218,133251000,13:32:53,8883,105308,77180,4659422930,2,0,88820
eb2203,20220218,20220218,133251500,13:32:53,8884,105325,77175,4660178060,17,-5,755130
eb2203,20220218,20220218,133252000,13:32:53,8884,105325,77175,4660178060,0,0,0
eb2203,20220218,20220218,133253500,13:32:54,8884,105326,77174,4660222480,1,-1,44420
eb2203,20220218,20220218,133254000,13:32:54,8885,105333,77177,4660533455,7,3,310975
eb2203,20220218,20220218,133254500,13:32:55,8885,105334,77177,4660577880,1,0,44425
eb2203,20220218,20220218,133255000,13:32:55,8885,105334,77177,4660577880,0,0,0
eb2203,20220218,20220218,133256000,13:32:56,8884,105343,77179,4660977690,9,2,399810
eb2203,20220218,20220218,133257000,13:32:59,8884,105344,77180,4661022110,1,1,44420
eb2203,20220218,20220218,133257500,13:33:00,8884,105344,77180,4661022110,0,0,0
eb2203,20220218,20220218,133259500,13:33:01,8884,105344,77180,4661022110,0,0,0
eb2203,20220218,20220218,133300000,13:33:01,8884,105344,77180,4661022110,0,0,0
eb2203,20220218,20220218,133300500,13:33:01,8885,105348,77180,4661199810,4,0,177700
eb2203,20220218,20220218,133302000,13:33:03,8885,105362,77183,4661821760,14,3,621950
eb2203,20220218,20220218,133302500,13:33:03,8885,105369,77187,4662132730,7,4,310970
eb2203,20220218,20220218,133303000,13:33:04,8885,105369,77187,4662132730,0,0,0
eb2203,20220218,20220218,133304000,13:33:04,8885,105369,77187,4662132730,0,0,0
eb2203,20220218,20220218,133304500,13:33:05,8885,105380,77185,4662621365,11,-2,488635
eb2203,20220218,20220218,133305000,13:33:05,8884,105384,77186,4662799050,4,1,177685
eb2203,20220218,20220218,133305500,13:33:06,8885,105387,77188,4662932325,3,2,133275
eb2203,20220218,20220218,133306000,13:33:06,8885,105390,77189,4663065600,3,1,133275
eb2203,20220218,20220218,133306500,13:33:06,8886,105393,77190,4663198890,3,1,133290
eb2203,20220218,20220218,133307000,13:33:07,8887,105406,77192,4663776540,13,2,577650
eb2203,20220218,20220218,133307500,13:33:08,8888,105408,77190,4663865420,2,-2,88880
eb2203,20220218,20220218,133308000,13:33:08,8888,105411,77189,4663998740,3,-1,133320
eb2203,20220218,20220218,133308500,13:33:09,8888,105412,77189,4664043180,1,0,44440
eb2203,20220218,20220218,133309000,13:33:09,8888,105413,77189,4664087620,1,0,44440
eb2203,20220218,20220218,133309500,13:33:11,8886,105418,77188,4664309810,5,-1,222190
eb2203,20220218,20220218,133310000,13:33:11,8888,105420,77188,4664398690,2,0,88880
eb2203,20220218,20220218,133311000,13:33:13,8890,105524,77195,4669020490,104,7,4621800
eb2203,20220218,20220218,133311500,13:33:14,8890,105588,77184,4671865265,64,-11,2844775
eb2203,20220218,20220218,133312000,13:33:14,8890,105599,77185,4672354195,11,1,488930
eb2203,20220218,20220218,133313500,13:33:15,8889,105620,77186,4673287600,21,1,933405
eb2203,20220218,20220218,133314000,13:33:17,8890,105621,77186,4673332050,1,0,44450
eb2203,20220218,20220218,133315000,13:33:18,8888,105622,77185,4673376490,1,-1,44440
eb2203,20220218,20220218,133317000,13:33:18,8890,105631,77184,4673776535,9,-1,400045
eb2203,20220218,20220218,133318000,13:33:19,8890,105640,77184,4674176580,9,0,400045
eb2203,20220218,20220218,133319000,13:33:20,8890,105644,77184,4674354380,4,0,177800
eb2203,20220218,20220218,133319500,13:33:20,8890,105646,77183,4674443280,2,-1,88900
eb2203,20220218,20220218,133320000,13:33:21,8890,105648,77182,4674532180,2,-1,88900
eb2203,20220218,20220218,133320500,13:33:22,8890,105649,77182,4674576630,1,0,44450
eb2203,20220218,20220218,133321000,13:33:22,8890,105649,77182,4674576630,0,0,0
eb2203,20220218,20220218,133321500,13:33:22,8889,105662,77170,4675154415,13,-12,577785
eb2203,20220218,20220218,133322000,13:33:22,8890,105664,77170,4675243310,2,0,88895
eb2203,20220218,20220218,133322500,13:33:22,8890,105670,77170,4675509985,6,0,266675
eb2203,20220218,20220218,133323000,13:33:23,8890,105671,77169,4675554435,1,-1,44450
eb2203,20220218,20220218,133324000,13:33:24,8889,105676,77169,4675776660,5,0,222225
eb2203,20220218,20220218,133324500,13:33:25,8890,105710,77144,4677287835,34,-25,1511175
eb2203,20220218,20220218,133325000,13:33:26,8890,105710,77144,4677287835,0,0,0
eb2203,20220218,20220218,133325500,13:33:27,8888,105712,77143,4677376725,2,-1,88890
eb2203,20220218,20220218,133326000,13:33:28,8888,105712,77143,4677376725,0,0,0
eb2203,20220218,20220218,133327000,13:33:29,8888,105712,77143,4677376725,0,0,0
eb2203,20220218,20220218,133328500,13:33:30,8886,105726,77152,4677998755,14,9,622030
eb2203,20220218,20220218,133329000,13:33:30,8888,105748,77140,4678976300,22,-12,977545
eb2203,20220218,20220218,133329500,13:33:30,8888,105749,77140,4679020740,1,0,44440
eb2203,20220218,20220218,133330000,13:33:30,8888,105750,77140,4679065180,1,0,44440
eb2203,20220218,20220218,133330500,13:33:31,8888,105750,77140,4679065180,0,0,0
eb2203,20220218,20220218,133331000,13:33:32,8889,105759,77145,4679465185,9,5,400005
eb2203,20220218,20220218,133331500,13:33:32,8889,105762,77148,4679598520,3,3,133335
eb2203,20220218,20220218,133332000,13:33:32,8889,105768,77145,4679865190,6,-3,266670
eb2203,20220218,20220218,133332500,13:33:33,8889,105776,77147,4680220750,8,2,355560
eb2203,20220218,20220218,133333000,13:33:33,8889,105778,77146,4680309640,2,-1,88890
eb2203,20220218,20220218,133333500,13:33:34,8889,105779,77147,4680354085,1,1,44445
eb2203,20220218,20220218,133334000,13:33:34,8888,105790,77151,4680842890,11,4,488805
eb2203,20220218,20220218,133335000,13:33:35,8888,105790,77151,4680842890,0,0,0
eb2203,20220218,20220218,133335500,13:33:35,8888,105792,77152,4680931775,2,1,88885
eb2203,20220218,20220218,133336000,13:33:36,8888,105794,77152,4681020655,2,0,88880
eb2203,20220218,20220218,133337500,13:33:37,8888,105794,77152,4681020655,0,0,0
eb2203,20220218,20220218,133338000,13:33:38,8889,105799,77156,4681242865,5,4,222210
eb2203,20220218,20220218,133339000,13:33:39,8889,105800,77156,4681287310,1,0,44445
eb2203,20220218,20220218,133340000,13:33:40,8886,105808,77152,4681642750,8,-4,355440
eb2203,20220218,20220218,133340500,13:33:41,8889,105821,77140,4682220520,13,-12,577770
eb2203,20220218,20220218,133341000,13:33:41,8888,105826,77137,4682442740,5,-3,222220
eb2203,20220218,20220218,133341500,13:33:42,8888,105826,77137,4682442740,0,0,0
eb2203,20220218,20220218,133342000,13:33:42,8889,105833,77138,4682753855,7,1,311115
eb2203,20220218,20220218,133342500,13:33:42,8889,105833,77138,4682753855,0,0,0
eb2203,20220218,20220218,133343000,13:33:43,8889,105838,77138,4682976100,5,0,222245
eb2203,20220218,20220218,133344500,13:33:45,8889,105838,77138,4682976100,0,0,0
eb2203,20220218,20220218,133347000,13:33:48,8889,105838,77138,4682976100,0,0,0
eb2203,20220218,20220218,133348000,13:33:49,8890,105841,77136,4683109450,3,-2,133350
eb2203,20220218,20220218,133348500,13:33:50,8890,105842,77136,4683153900,1,0,44450
eb2203,20220218,20220218,133350000,13:33:50,8890,105848,77132,4683420600,6,-4,266700
eb2203,20220218,20220218,133350500,13:33:50,8890,105918,77087,4686532100,70,-45,3111500
eb2203,20220218,20220218,133351000,13:33:51,8892,105946,77100,4687776805,28,13,1244705
eb2203,20220218,20220218,133351500,13:33:52,8891,106004,77117,4690355435,58,17,2578630
eb2203,20220218,20220218,133352000,13:33:52,8891,106122,77101,4695601640,118,-16,5246205
eb2203,20220218,20220218,133352500,13:33:52,8892,106130,77097,4695957305,8,-4,355665
eb2203,20220218,20220218,133353000,13:33:53,8892,106146,77097,4696668730,16,0,711425
eb2203,20220218,20220218,133353500,13:33:53,8893,106161,77101,4697335695,15,4,666965
eb2203,20220218,20220218,133354000,13:33:54,8893,106201,77098,4699114295,40,-3,1778600
eb2203,20220218,20220218,133354500,13:33:55,8893,106207,77098,4699381085,6,0,266790
eb2203,20220218,20220218,133355000,13:33:56,8892,106213,77100,4699647845,6,2,266760
eb2203,20220218,20220218,133355500,13:33:56,8893,106217,77100,4699825705,4,0,177860
eb2203,20220218,20220218,133356000,13:33:57,8890,106237,77105,4700714725,20,5,889020
eb2203,20220218,20220218,133356500,13:33:57,8891,106252,77106,4701381490,15,1,666765
eb2203,20220218,20220218,133357000,13:33:58,8891,106292,77106,4703159690,40,0,1778200
eb2203,20220218,20220218,133357500,13:33:58,8891,106306,77105,4703782060,14,-1,622370
eb2203,20220218,20220218,133358000,13:33:58,8893,106319,77107,4704360075,13,2,578015
eb2203,20220218,20220218,133358500,13:33:59,8891,106322,77107,4704493460,3,0,133385
eb2203,20220218,20220218,133359000,13:33:59,8891,106322,77107,4704493460,0,0,0
eb2203,20220218,20220218,133359500,13:34:00,8891,106326,77110,4704671280,4,3,177820
eb2203,20220218,20220218,133400000,13:34:00,8891,106327,77110,4704715735,1,0,44455
eb2203,20220218,20220218,133400500,13:34:00,8890,106330,77109,4704849085,3,-1,133350
eb2203,20220218,20220218,133401000,13:34:02,8891,106332,77109,4704937995,2,0,88910
eb2203,20220218,20220218,133401500,13:34:02,8891,106333,77109,4704982450,1,0,44455
eb2203,20220218,20220218,133402000,13:34:10,8891,106335,77110,4705071360,2,1,88910
eb2203,20220218,20220218,133402500,13:34:10,8891,106340,77115,4705293635,5,5,222275
eb2203,20220218,20220218,133403000,13:34:11,8891,106354,77124,4705916005,14,9,622370
eb2203,20220218,20220218,133403500,13:34:11,8891,106354,77124,4705916005,0,0,0
eb2203,20220218,20220218,133410000,13:34:12,8891,106422,77134,4708939125,68,10,3023120
eb2203,20220218,20220218,133410500,13:34:12,8890,106425,77134,4709072485,3,0,133360
eb2203,20220218,20220218,133411500,13:34:12,8893,106438,77135,4709650485,13,1,578000
eb2203,20220218,20220218,133412000,13:34:13,8893,106440,77135,4709739415,2,0,88930
eb2203,20220218,20220218,133413000,13:34:13,8892,106441,77134,4709783875,1,-1,44460
eb2203,20220218,20220218,133414000,13:34:14,8892,106443,77134,4709872795,2,0,88920
eb2203,20220218,20220218,133415500,13:34:16,8893,106444,77134,4709917260,1,0,44465
eb2203,20220218,20220218,133416000,13:34:16,8893,106454,77125,4710361910,10,-9,444650
eb2203,20220218,20220218,133417000,13:34:17,8894,106455,77126,4710406380,1,1,44470
eb2203,20220218,20220218,133417500,13:34:17,8894,106455,77126,4710406380,0,0,0
eb2203,20220218,20220218,133418000,13:34:18,8893,106459,77127,4710584235,4,1,177855
eb2203,20220218,20220218,133418500,13:34:19,8893,106459,77127,4710584235,0,0,0
eb2203,20220218,20220218,133419000,13:34:19,8893,106459,77127,4710584235,0,0,0
eb2203,20220218,20220218,133419500,13:34:20,8894,106474,77141,4711251270,15,14,667035
eb2203,20220218,20220218,133420000,13:34:20,8894,106475,77142,4711295740,1,1,44470
eb2203,20220218,20220218,133420500,13:34:23,8893,106476,77141,4711340205,1,-1,44465
eb2203,20220218,20220218,133422500,13:34:24,8893,106476,77141,4711340205,0,0,0
eb2203,20220218,20220218,133423500,13:34:24,8893,106480,77141,4711518070,4,0,177865
eb2203,20220218,20220218,133424000,13:34:24,8894,106484,77141,4711695940,4,0,177870
eb2203,20220218,20220218,133424500,13:34:24,8893,106487,77141,4711829335,3,0,133395
eb2203,20220218,20220218,133425000,13:34:25,8892,106497,77148,4712273935,10,7,444600
eb2203,20220218,20220218,133425500,13:34:26,8892,106497,77148,4712273935,0,0,0
eb2203,20220218,20220218,133427500,13:34:27,8893,106499,77149,4712362865,2,1,88930
eb2203,20220218,20220218,133428000,13:34:28,8893,106501,77151,4712451795,2,2,88930
eb2203,20220218,20220218,133428500,13:34:29,8893,106502,77152,4712496260,1,1,44465
eb2203,20220218,20220218,133429000,13:34:29,8891,106505,77153,4712629625,3,1,133365
eb2203,20220218,20220218,133429500,13:34:29,8891,106505,77153,4712629625,0,0,0
eb2203,20220218,20220218,133430000,13:34:30,8893,106506,77153,4712674090,1,0,44465
eb2203,20220218,20220218,133430500,13:34:30,8893,106506,77153,4712674090,0,0,0
eb2203,20220218,20220218,133431500,13:34:31,8893,106506,77153,4712674090,0,0,0
eb2203,20220218,20220218,133432000,13:34:32,8891,106509,77155,4712807455,3,2,133365
eb2203,20220218,20220218,133433000,13:34:33,8892,106511,77153,4712896375,2,-2,88920
eb2203,20220218,20220218,133433500,13:34:34,8891,106512,77153,4712940830,1,0,44455
eb2203,20220218,20220218,133434000,13:34:34,8891,106513,77153,4712985285,1,0,44455
eb2203,20220218,20220218,133435500,13:34:36,8890,106520,77159,4713296435,7,6,311150
eb2203,20220218,20220218,133436000,13:34:36,8890,106520,77159,4713296435,0,0,0
eb2203,20220218,20220218,133437500,13:34:38,8891,106521,77158,4713340890,1,-1,44455
eb2203,20220218,20220218,133438000,13:34:38,8890,106528,77156,4713652040,7,-2,311150
eb2203,20220218,20220218,133438500,13:34:39,8891,106530,77155,4713740945,2,-1,88905
eb2203,20220218,20220218,133439000,13:34:39,8889,106536,77153,4714007615,6,-2,266670
eb2203,20220218,20220218,133439500,13:34:40,8889,106537,77152,4714052060,1,-1,44445
eb2203,20220218,20220218,133440500,13:34:41,8889,106538,77151,4714096505,1,-1,44445
eb2203,20220218,20220218,133441000,13:34:41,8889,106539,77150,4714140950,1,-1,44445
eb2203,20220218,20220218,133441500,13:34:43,8889,106539,77150,4714140950,0,0,0
eb2203,20220218,20220218,133442000,13:34:44,8887,106545,77154,4714407585,6,4,266635
eb2203,20220218,20220218,133442500,13:34:44,8887,106545,77154,4714407585,0,0,0
eb2203,20220218,20220218,133443000,13:34:45,8887,106546,77154,4714452020,1,0,44435
eb2203,20220218,20220218,133443500,13:34:45,8887,106546,77154,4714452020,0,0,0
eb2203,20220218,20220218,133444500,13:34:46,8887,106546,77154,4714452020,0,0,0
eb2203,20220218,20220218,133445000,13:34:46,8887,106546,77154,4714452020,0,0,0
eb2203,20220218,20220218,133445500,13:34:46,8887,106546,77154,4714452020,0,0,0
eb2203,20220218,20220218,133446000,13:34:46,8886,106564,77148,4715251765,18,-6,799745
eb2203,20220218,20220218,133446500,13:34:47,8886,106566,77147,4715340625,2,-1,88860
eb2203,20220218,20220218,133447000,13:34:47,8886,106568,77145,4715429485,2,-2,88860
eb2203,20220218,20220218,133447500,13:34:47,8885,106569,77144,4715473910,1,-1,44425
eb2203,20220218,20220218,133448000,13:34:48,8885,106572,77144,4715607195,3,0,133285
eb2203,20220218,20220218,133449500,13:34:49,8885,106572,77144,4715607195,0,0,0
eb2203,20220218,20220218,133450000,13:34:51,8886,106577,77144,4715829345,5,0,222150
eb2203,20220218,20220218,133450500,13:34:51,8886,106588,77138,4716318075,11,-6,488730
eb2203,20220218,20220218,133451000,13:34:51,8885,106589,77138,4716362500,1,0,44425
eb2203,20220218,20220218,133452000,13:34:52,8885,106593,77138,4716540220,4,0,177720
eb2203,20220218,20220218,133453000,13:34:53,8887,106597,77137,4716717940,4,-1,177720
eb2203,20220218,20220218,133453500,13:34:56,8887,106599,77137,4716806800,2,0,88860
eb2203,20220218,20220218,133454500,13:34:56,8885,106602,77135,4716940085,3,-2,133285
eb2203,20220218,20220218,133455500,13:34:56,8885,106602,77135,4716940085,0,0,0
eb2203,20220218,20220218,133456000,13:34:57,8885,106602,77135,4716940085,0,0,0
eb2203,20220218,20220218,133456500,13:34:57,8885,106602,77135,4716940085,0,0,0
eb2203,20220218,20220218,133458000,13:34:58,8885,106625,77127,4717961865,23,-8,1021780
eb2203,20220218,20220218,133459000,13:34:59,8885,106627,77127,4718050715,2,0,88850
eb2203,20220218,20220218,133459500,13:35:00,8885,106628,77126,4718095140,1,-1,44425
eb2203,20220218,20220218,133500500,13:35:00,8884,106631,77129,4718228400,3,3,133260
eb2203,20220218,20220218,133501000,13:35:04,8885,106632,77129,4718272825,1,0,44425
eb2203,20220218,20220218,133501500,13:35:05,8884,106636,77125,4718450510,4,-4,177685
eb2203,20220218,20220218,133502000,13:35:10,8885,106637,77124,4718494935,1,-1,44425
eb2203,20220218,20220218,133504500,13:35:10,8885,106637,77124,4718494935,0,0,0
eb2203,20220218,20220218,133510000,13:35:10,8885,106662,77116,4719605580,25,-8,1110645
eb2203,20220218,20220218,133511000,13:35:11,8884,106668,77110,4719872100,6,-6,266520
eb2203,20220218,20220218,133511500,13:35:12,8884,106671,77110,4720005360,3,0,133260
eb2203,20220218,20220218,133512000,13:35:13,8884,106674,77110,4720138620,3,0,133260
eb2203,20220218,20220218,133512500,13:35:13,8884,106677,77113,4720271875,3,3,133255
eb2203,20220218,20220218,133513000,13:35:13,8883,106678,77114,4720316290,1,1,44415
eb2203,20220218,20220218,133513500,13:35:14,8883,106679,77114,4720360705,1,0,44415
eb2203,20220218,20220218,133514000,13:35:14,8883,106682,77117,4720493955,3,3,133250
eb2203,20220218,20220218,133514500,13:35:15,8883,106683,77117,4720538370,1,0,44415
eb2203,20220218,20220218,133515000,13:35:15,8883,106683,77117,4720538370,0,0,0
eb2203,20220218,20220218,133515500,13:35:16,8881,106688,77113,4720760415,5,-4,222045
eb2203,20220218,20220218,133516000,13:35:16,8881,106694,77113,4721026845,6,0,266430
eb2203,20220218,20220218,133516500,13:35:17,8881,106723,77093,4722314590,29,-20,1287745
eb2203,20220218,20220218,133517000,13:35:17,8883,106731,77090,4722669910,8,-3,355320
eb2203,20220218,20220218,133519500,13:35:20,8884,106732,77090,4722714330,1,0,44420
eb2203,20220218,20220218,133520000,13:35:20,8883,106736,77086,4722891990,4,-4,177660
eb2203,20220218,20220218,133520500,13:35:21,8882,106738,77088,4722980810,2,2,88820
eb2203,20220218,20220218,133521000,13:35:21,8882,106738,77088,4722980810,0,0,0
eb2203,20220218,20220218,133521500,13:35:22,8882,106739,77089,4723025220,1,1,44410
eb2203,20220218,20220218,133522500,13:35:23,8882,106740,77089,4723069630,1,0,44410
eb2203,20220218,20220218,133523000,13:35:23,8882,106740,77089,4723069630,0,0,0
eb2203,20220218,20220218,133524000,13:35:25,8882,106740,77089,4723069630,0,0,0
eb2203,20220218,20220218,133524500,13:35:25,8882,106741,77090,4723114040,1,1,44410
eb2203,20220218,20220218,133525000,13:35:26,8882,106742,77090,4723158450,1,0,44410
eb2203,20220218,20220218,133526000,13:35:26,8883,106743,77090,4723202865,1,0,44415
eb2203,20220218,20220218,133527500,13:35:31,8883,106760,77090,4723957920,17,0,755055
eb2203,20220218,20220218,133528000,13:35:32,8881,106771,77088,4724446385,11,-2,488465
eb2203,20220218,20220218,133528500,13:35:32,8883,106773,77087,4724535215,2,-1,88830
eb2203,20220218,20220218,133531000,13:35:33,8883,106777,77085,4724712855,4,-2,177640
eb2203,20220218,20220218,133531500,13:35:41,8883,106793,77070,4725423495,16,-15,710640
eb2203,20220218,20220218,133532000,13:35:42,8883,106793,77070,4725423495,0,0,0
eb2203,20220218,20220218,133540000,13:35:43,8884,106798,77069,4725645595,5,-1,222100
eb2203,20220218,20220218,133542000,13:35:43,8885,106810,77070,4726178685,12,1,533090
eb2203,20220218,20220218,133544500,13:35:45,8885,106821,77070,4726667360,11,0,488675
eb2203,20220218,20220218,133545000,13:35:46,8885,106822,77070,4726711785,1,0,44425
eb2203,20220218,20220218,133545500,13:35:46,8887,106842,77066,4727600345,20,-4,888560
eb2203,20220218,20220218,133546000,13:35:46,8885,106851,77066,4728000150,9,0,399805
eb2203,20220218,20220218,133547500,13:35:48,8884,106854,77063,4728133420,3,-3,133270
eb2203,20220218,20220218,133548000,13:35:48,8884,106856,77061,4728222260,2,-2,88840
eb2203,20220218,20220218,133550000,13:35:50,8883,106859,77061,4728355505,3,0,133245
eb2203,20220218,20220218,133550500,13:35:51,8883,106860,77061,4728399920,1,0,44415
eb2203,20220218,20220218,133551000,13:35:51,8884,106867,77057,4728710860,7,-4,310940
eb2203,20220218,20220218,133551500,13:35:52,8885,106869,77055,4728799710,2,-2,88850
eb2203,20220218,20220218,133552000,13:35:52,8885,106869,77055,4728799710,0,0,0
eb2203,20220218,20220218,133552500,13:35:53,8885,106871,77057,4728888560,2,2,88850
eb2203,20220218,20220218,133553000,13:35:53,8885,106874,77058,4729021835,3,1,133275
eb2203,20220218,20220218,133553500,13:35:55,8885,106874,77058,4729021835,0,0,0
eb2203,20220218,20220218,133554000,13:35:55,8885,106874,77058,4729021835,0,0,0
eb2203,20220218,20220218,133558000,13:36:01,8887,106875,77058,4729066270,1,0,44435
eb2203,20220218,20220218,133558500,13:36:03,8887,106875,77058,4729066270,0,0,0
eb2203,20220218,20220218,133559500,13:36:03,8887,106876,77059,4729110705,1,1,44435
eb2203,20220218,20220218,133601500,13:36:03,8887,106876,77059,4729110705,0,0,0
eb2203,20220218,20220218,133603000,13:36:05,8885,106886,77056,4729555045,10,-3,444340
eb2203,20220218,20220218,133605000,13:36:06,8885,106886,77056,4729555045,0,0,0
eb2203,20220218,20220218,133605500,13:36:07,8885,106886,77056,4729555045,0,0,0
eb2203,20220218,20220218,133606500,13:36:07,8885,106924,77033,4731243195,38,-23,1688150
eb2203,20220218,20220218,133607000,13:36:08,8885,106937,77033,4731820720,13,0,577525
eb2203,20220218,20220218,133607500,13:36:08,8885,106951,77037,4732442670,14,4,621950
eb2203,20220218,20220218,133608000,13:36:08,8886,106952,77037,4732487100,1,0,44430
eb2203,20220218,20220218,133608500,13:36:09,8886,106954,77039,4732575960,2,2,88860
eb2203,20220218,20220218,133609000,13:36:09,8886,106954,77039,4732575960,0,0,0
eb2203,20220218,20220218,133609500,13:36:10,8885,106955,77039,4732620385,1,0,44425
eb2203,20220218,20220218,133610000,13:36:11,8887,106957,77037,4732709245,2,-2,88860
eb2203,20220218,20220218,133611000,13:36:11,8887,106960,77036,4732842550,3,-1,133305
eb2203,20220218,20220218,133611500,13:36:12,8885,106961,77035,4732886975,1,-1,44425
eb2203,20220218,20220218,133612000,13:36:12,8887,106962,77035,4732931410,1,0,44435
eb2203,20220218,20220218,133612500,13:36:12,8887,106962,77035,4732931410,0,0,0
eb2203,20220218,20220218,133613000,13:36:13,8888,106964,77036,4733020290,2,1,88880
eb2203,20220218,20220218,133613500,13:36:14,8888,106964,77036,4733020290,0,0,0
eb2203,20220218,20220218,133614000,13:36:14,8887,106969,77033,4733242465,5,-3,222175
eb2203,20220218,20220218,133614500,13:36:14,8887,106993,77033,4734308905,24,0,1066440
eb2203,20220218,20220218,133615000,13:36:15,8887,107003,77031,4734753255,10,-2,444350
eb2203,20220218,20220218,133616500,13:36:17,8888,107028,77013,4735864255,25,-18,1111000
eb2203,20220218,20220218,133617500,13:36:19,8888,107028,77013,4735864255,0,0,0
eb2203,20220218,20220218,133618000,13:36:19,8887,107032,77011,4736041995,4,-2,177740
eb2203,20220218,20220218,133618500,13:36:19,8887,107036,77011,4736219735,4,0,177740
eb2203,20220218,20220218,133619000,13:36:19,8887,107036,77011,4736219735,0,0,0
eb2203,20220218,20220218,133621000,13:36:21,8887,107038,77009,4736308605,2,-2,88870
eb2203,20220218,20220218,133621500,13:36:21,8888,107039,77009,4736353045,1,0,44440
eb2203,20220218,20220218,133622000,13:36:22,8888,107039,77009,4736353045,0,0,0
eb2203,20220218,20220218,133623000,13:36:23,8888,107040,77008,4736397485,1,-1,44440
eb2203,20220218,20220218,133624000,13:36:24,8887,107047,77005,4736708545,7,-3,311060
eb2203,20220218,20220218,133624500,13:36:24,8887,107047,77005,4736708545,0,0,0
eb2203,20220218,20220218,133625000,13:36:25,8886,107049,77005,4736797405,2,0,88860
eb2203,20220218,20220218,133625500,13:36:26,8886,107051,77005,4736886270,2,0,88865
eb2203,20220218,20220218,133626000,13:36:26,8887,107061,77005,4737330620,10,0,444350
eb2203,20220218,20220218,133626500,13:36:27,8887,107063,77003,4737419490,2,-2,88870
eb2203,20220218,20220218,133627000,13:36:28,8887,107065,77003,4737508360,2,0,88870
eb2203,20220218,20220218,133627500,13:36:28,8887,107067,77001,4737597230,2,-2,88870
eb2203,20220218,20220218,133628500,13:36:29,8889,107087,76991,4738485990,20,-10,888760
eb2203,20220218,20220218,133629000,13:36:30,8889,107106,76976,4739330445,19,-15,844455
eb2203,20220218,20220218,133629500,13:36:30,8888,107107,76976,4739374885,1,0,44440
eb2203,20220218,20220218,133630000,13:36:30,8888,107107,76976,4739374885,0,0,0
eb2203,20220218,20220218,133630500,13:36:31,8888,107117,76966,4739819285,10,-10,444400
eb2203,20220218,20220218,133631000,13:36:31,8888,107125,76966,4740174805,8,0,355520
eb2203,20220218,20220218,133631500,13:36:31,8887,107126,76967,4740219240,1,1,44435
eb2203,20220218,20220218,133632000,13:36:32,8888,107127,76967,4740263680,1,0,44440
eb2203,20220218,20220218,133632500,13:36:33,8888,107137,76957,4740708080,10,-10,444400
eb2203,20220218,20220218,133634000,13:36:34,8890,107138,76958,4740752530,1,1,44450
eb2203,20220218,20220218,133634500,13:36:35,8889,107140,76960,4740841420,2,2,88890
eb2203,20220218,20220218,133635500,13:36:36,8889,107140,76960,4740841420,0,0,0
eb2203,20220218,20220218,133636000,13:36:36,8889,107140,76960,4740841420,0,0,0
eb2203,20220218,20220218,133636500,13:36:36,8888,107156,76960,4741552525,16,0,711105
eb2203,20220218,20220218,133637000,13:36:38,8888,107156,76960,4741552525,0,0,0
eb2203,20220218,20220218,133637500,13:36:38,8888,107156,76960,4741552525,0,0,0
eb2203,20220218,20220218,133638500,13:36:39,8888,107157,76961,4741596965,1,1,44440
eb2203,20220218,20220218,133639000,13:36:39,8888,107158,76961,4741641405,1,0,44440
eb2203,20220218,20220218,133639500,13:36:39,8887,107184,76961,4742796755,26,0,1155350
eb2203,20220218,20220218,133640000,13:36:40,8887,107184,76961,4742796755,0,0,0
eb2203,20220218,20220218,133640500,13:36:40,8887,107196,76959,4743329975,12,-2,533220
eb2203,20220218,20220218,133641000,13:36:41,8887,107196,76959,4743329975,0,0,0
eb2203,20220218,20220218,133641500,13:36:42,8887,107196,76959,4743329975,0,0,0
eb2203,20220218,20220218,133642000,13:36:42,8887,107196,76959,4743329975,0,0,0
eb2203,20220218,20220218,133642500,13:36:43,8887,107196,76959,4743329975,0,0,0
eb2203,20220218,20220218,133643500,13:36:44,8887,107196,76959,4743329975,0,0,0
eb2203,20220218,20220218,133644000,13:36:44,8887,107196,76959,4743329975,0,0,0
eb2203,20220218,20220218,133644500,13:36:44,8890,107212,76972,4744041105,16,13,711130
eb2203,20220218,20220218,133648500,13:36:48,8890,107213,76973,4744085555,1,1,44450
eb2203,20220218,20220218,133649000,13:36:49,8890,107213,76973,4744085555,0,0,0
eb2203,20220218,20220218,133649500,13:36:49,8890,107214,76973,4744130005,1,0,44450
eb2203,20220218,20220218,133650000,13:36:50,8890,107214,76973,4744130005,0,0,0
eb2203,20220218,20220218,133650500,13:36:50,8892,107219,76973,4744352290,5,0,222285
eb2203,20220218,20220218,133651000,13:36:51,8892,107219,76973,4744352290,0,0,0
eb2203,20220218,20220218,133651500,13:36:52,8888,107234,76977,4745018985,15,4,666695
eb2203,20220218,20220218,133652000,13:36:52,8890,107235,76977,4745063435,1,0,44450
eb2203,20220218,20220218,133653000,13:36:53,8891,107236,76977,4745107890,1,0,44455
eb2203,20220218,20220218,133655000,13:36:55,8891,107236,76977,4745107890,0,0,0
eb2203,20220218,20220218,133658000,13:36:58,8891,107236,76977,4745107890,0,0,0
eb2203,20220218,20220218,133659000,13:36:59,8888,107251,76978,4745774515,15,1,666625
eb2203,20220218,20220218,133659500,13:37:00,8886,107254,76979,4745907810,3,1,133295
eb2203,20220218,20220218,133700000,13:37:00,8887,107255,76979,4745952245,1,0,44435
eb2203,20220218,20220218,133702000,13:37:02,8885,107259,76980,4746129955,4,1,177710
eb2203,20220218,20220218,133702500,13:37:03,8885,107259,76980,4746129955,0,0,0
eb2203,20220218,20220218,133703000,13:37:03,8885,107259,76980,4746129955,0,0,0
eb2203,20220218,20220218,133706000,13:37:08,8889,107312,76980,4748485470,53,0,2355515
eb2203,20220218,20220218,133706500,13:37:08,8889,107325,76974,4749063255,13,-6,577785
eb2203,20220218,20220218,133707500,13:37:08,8889,107325,76974,4749063255,0,0,0
eb2203,20220218,20220218,133708000,13:37:08,8888,107339,76972,4749685475,14,-2,622220
eb2203,20220218,20220218,133710000,13:37:11,8887,107341,76972,4749774350,2,0,88875
eb2203,20220218,20220218,133710500,13:37:11,8887,107354,76985,4750352005,13,13,577655
eb2203,20220218,20220218,133711000,13:37:12,8887,107354,76985,4750352005,0,0,0
eb2203,20220218,20220218,133711500,13:37:13,8887,107356,76986,4750440875,2,1,88870
eb2203,20220218,20220218,133712000,13:37:13,8887,107356,76986,4750440875,0,0,0
eb2203,20220218,20220218,133712500,13:37:13,8887,107356,76986,4750440875,0,0,0
eb2203,20220218,20220218,133713000,13:37:14,8888,107363,76985,4750751945,7,-1,311070
eb2203,20220218,20220218,133713500,13:37:14,8887,107367,76984,4750929685,4,-1,177740
eb2203,20220218,20220218,133714000,13:37:14,8887,107367,76984,4750929685,0,0,0
eb2203,20220218,20220218,133714500,13:37:15,8887,107368,76984,4750974120,1,0,44435
eb2203,20220218,20220218,133716000,13:37:16,8886,107370,76984,4751062980,2,0,88860
eb2203,20220218,20220218,133718000,13:37:19,8887,107377,76983,4751374010,7,-1,311030
eb2203,20220218,20220218,133718500,13:37:19,8887,107380,76986,4751507315,3,3,133305
eb2203,20220218,20220218,133719000,13:37:19,8888,107383,76983,4751640635,3,-3,133320
eb2203,20220218,20220218,133719500,13:37:20,8888,107384,76983,4751685075,1,0,44440
eb2203,20220218,20220218,133720000,13:37:21,8888,107386,76983,4751773955,2,0,88880
eb2203,20220218,20220218,133720500,13:37:21,8888,107387,76983,4751818395,1,0,44440
eb2203,20220218,20220218,133722500,13:37:22,8887,107395,76983,4752173875,8,0,355480
eb2203,20220218,20220218,133723000,13:37:23,8887,107395,76983,4752173875,0,0,0
eb2203,20220218,20220218,133724500,13:37:25,8887,107395,76983,4752173875,0,0,0
eb2203,20220218,20220218,133725000,13:37:25,8887,107395,76983,4752173875,0,0,0
eb2203,20220218,20220218,133725500,13:37:26,8887,107395,76983,4752173875,0,0,0
eb2203,20220218,20220218,133727500,13:37:27,8888,107396,76983,4752218315,1,0,44440
eb2203,20220218,20220218,133728500,13:37:29,8888,107405,76988,4752618250,9,5,399935
eb2203,20220218,20220218,133729000,13:37:29,8888,107405,76988,4752618250,0,0,0
eb2203,20220218,20220218,133729500,13:37:30,8888,107406,76988,4752662690,1,0,44440
eb2203,20220218,20220218,133730000,13:37:30,8888,107406,76988,4752662690,0,0,0
eb2203,20220218,20220218,133730500,13:37:31,8888,107412,76988,4752929320,6,0,266630
eb2203,20220218,20220218,133733500,13:37:33,8886,107413,76988,4752973750,1,0,44430
eb2203,20220218,20220218,133734000,13:37:34,8886,107413,76988,4752973750,0,0,0
eb2203,20220218,20220218,133737500,13:37:37,8886,107413,76988,4752973750,0,0,0
eb2203,20220218,20220218,133738000,13:37:39,8887,107415,76988,4753062625,2,0,88875
eb2203,20220218,20220218,133738500,13:37:39,8888,107417,76988,4753151505,2,0,88880
eb2203,20220218,20220218,133739000,13:37:39,8888,107417,76988,4753151505,0,0,0
eb2203,20220218,20220218,133740500,13:37:40,8888,107418,76988,4753195945,1,0,44440
eb2203,20220218,20220218,133741000,13:37:41,8888,107419,76988,4753240385,1,0,44440
eb2203,20220218,20220218,133741500,13:37:42,8888,107419,76988,4753240385,0,0,0
eb2203,20220218,20220218,133742000,13:37:42,8888,107419,76988,4753240385,0,0,0
eb2203,20220218,20220218,133746500,13:37:47,8888,107420,76988,4753284825,1,0,44440
eb2203,20220218,20220218,133747000,13:37:47,8888,107420,76988,4753284825,0,0,0
eb2203,20220218,20220218,133747500,13:37:48,8888,107420,76988,4753284825,0,0,0
eb2203,20220218,20220218,133750000,13:37:50,8888,107420,76988,4753284825,0,0,0
eb2203,20220218,20220218,133750500,13:37:51,8888,107420,76988,4753284825,0,0,0
eb2203,20220218,20220218,133753000,13:37:54,8888,107420,76988,4753284825,0,0,0
eb2203,20220218,20220218,133754500,13:37:55,8887,107423,76988,4753418130,3,0,133305
eb2203,20220218,20220218,133755000,13:37:55,8887,107424,76988,4753462565,1,0,44435
eb2203,20220218,20220218,133755500,13:37:55,8887,107428,76988,4753640305,4,0,177740
eb2203,20220218,20220218,133756000,13:37:56,8887,107428,76988,4753640305,0,0,0
eb2203,20220218,20220218,133757500,13:37:58,8887,107428,76988,4753640305,0,0,0
eb2203,20220218,20220218,133758000,13:37:58,8888,107453,76989,4754751305,25,1,1111000
eb2203,20220218,20220218,133758500,13:37:59,8888,107457,76987,4754929065,4,-2,177760
eb2203,20220218,20220218,133759000,13:38:00,8888,107457,76987,4754929065,0,0,0
eb2203,20220218,20220218,133759500,13:38:00,8888,107457,76987,4754929065,0,0,0
eb2203,20220218,20220218,133800000,13:38:02,8888,107460,76987,4755062385,3,0,133320
eb2203,20220218,20220218,133800500,13:38:02,8889,107461,76987,4755106830,1,0,44445
eb2203,20220218,20220218,133801000,13:38:03,8889,107461,76987,4755106830,0,0,0
eb2203,20220218,20220218,133802000,13:38:03,8889,107503,76968,4756973520,42,-19,1866690
eb2203,20220218,20220218,133802500,13:38:05,8888,107551,76955,4759106825,48,-13,2133305
eb2203,20220218,20220218,133804500,13:38:06,8888,107551,76955,4759106825,0,0,0
eb2203,20220218,20220218,133806000,13:38:08,8888,107554,76956,4759240155,3,1,133330
eb2203,20220218,20220218,133806500,13:38:09,8888,107554,76956,4759240155,0,0,0
eb2203,20220218,20220218,133809000,13:38:09,8888,107556,76956,4759329040,2,0,88885
eb2203,20220218,20220218,133810000,13:38:10,8888,107557,76957,4759373480,1,1,44440
eb2203,20220218,20220218,133810500,13:38:10,8888,107557,76957,4759373480,0,0,0
eb2203,20220218,20220218,133812500,13:38:14,8888,107557,76957,4759373480,0,0,0
eb2203,20220218,20220218,133814500,13:38:17,8889,107560,76957,4759506805,3,0,133325
eb2203,20220218,20220218,133815000,13:38:17,8889,107560,76957,4759506805,0,0,0
eb2203,20220218,20220218,133817000,13:38:18,8890,107566,76952,4759773495,6,-5,266690
eb2203,20220218,20220218,133818500,13:38:19,8890,107566,76952,4759773495,0,0,0
eb2203,20220218,20220218,133819000,13:38:19,8890,107567,76952,4759817945,1,0,44450
eb2203,20220218,20220218,133819500,13:38:19,8888,107575,76951,4760173465,8,-1,355520
eb2203,20220218,20220218,133821000,13:38:22,8888,107575,76951,4760173465,0,0,0
eb2203,20220218,20220218,133823000,13:38:24,8887,107576,76951,4760217900,1,0,44435
eb2203,20220218,20220218,133824000,13:38:24,8888,107605,76940,4761506660,29,-11,1288760
eb2203,20220218,20220218,133824500,13:38:41,8888,107605,76940,4761506660,0,0,0
eb2203,20220218,20220218,133825000,13:38:41,8888,107605,76940,4761506660,0,0,0
eb2203,20220218,20220218,133840500,13:38:43,8889,107674,76908,4764573275,69,-32,3066615
eb2203,20220218,20220218,133843500,13:38:44,8889,107674,76908,4764573275,0,0,0
eb2203,20220218,20220218,133844500,13:38:44,8889,107675,76908,4764617720,1,0,44445
eb2203,20220218,20220218,133846000,13:38:46,8889,107675,76908,4764617720,0,0,0
eb2203,20220218,20220218,133847000,13:38:47,8889,107675,76908,4764617720,0,0,0
eb2203,20220218,20220218,133851000,13:38:51,8891,107677,76907,4764706630,2,-1,88910
eb2203,20220218,20220218,133853500,13:38:53,8891,107681,76907,4764884450,4,0,177820
eb2203,20220218,20220218,133856500,13:38:56,8891,107684,76907,4765017815,3,0,133365
eb2203,20220218,20220218,133857000,13:38:57,8892,107686,76908,4765106735,2,1,88920
eb2203,20220218,20220218,133859500,13:38:59,8893,107687,76908,4765151200,1,0,44465
eb2203,20220218,20220218,133901500,13:39:01,8893,107689,76909,4765240130,2,1,88930
eb2203,20220218,20220218,133909000,13:39:09,8893,107690,76909,4765284595,1,0,44465
eb2203,20220218,20220218,133910500,13:39:10,8893,107691,76909,4765329060,1,0,44465
eb2203,20220218,20220218,133913500,13:39:13,8892,107696,76912,4765551370,5,3,222310
eb2203,20220218,20220218,133914000,13:39:15,8891,107708,76914,4766084880,12,2,533510
eb2203,20220218,20220218,133914500,13:39:16,8892,107718,76909,4766529470,10,-5,444590
eb2203,20220218,20220218,133919000,13:39:19,8892,107719,76909,4766573930,1,0,44460
eb2203,20220218,20220218,133920500,13:39:20,8892,107719,76909,4766573930,0,0,0
eb2203,20220218,20220218,133923500,13:39:23,8892,107721,76909,4766662850,2,0,88920
eb2203,20220218,20220218,133924000,13:39:24,8892,107721,76909,4766662850,0,0,0
eb2203,20220218,20220218,133925000,13:39:25,8891,107722,76909,4766707305,1,0,44455
eb2203,20220218,20220218,133925500,13:39:26,8891,107722,76909,4766707305,0,0,0
eb2203,20220218,20220218,133927500,13:39:27,8892,107723,76909,4766751765,1,0,44460
eb2203,20220218,20220218,133929000,13:39:29,8890,107726,76909,4766885115,3,0,133350
eb2203,20220218,20220218,133930500,13:39:30,8890,107726,76909,4766885115,0,0,0
eb2203,20220218,20220218,133934500,13:39:34,8890,107728,76909,4766974015,2,0,88900
eb2203,20220218,20220218,133935500,13:39:35,8889,107741,76915,4767551820,13,6,577805
eb2203,20220218,20220218,133937000,13:39:37,8888,107742,76915,4767596260,1,0,44440
eb2203,20220218,20220218,133937500,13:39:37,8888,107743,76915,4767640700,1,0,44440
eb2203,20220218,20220218,133938500,13:39:38,8890,107747,76916,4767818495,4,1,177795
eb2203,20220218,20220218,133939500,13:39:39,8890,107747,76916,4767818495,0,0,0
eb2203,20220218,20220218,133940000,13:39:41,8889,107752,76918,4768040735,5,2,222240
eb2203,20220218,20220218,133941000,13:39:41,8888,107760,76912,4768396280,8,-6,355545
eb2203,20220218,20220218,133945000,13:39:46,8889,107765,76909,4768618505,5,-3,222225
eb2203,20220218,20220218,133945500,13:39:46,8890,107769,76910,4768796305,4,1,177800
eb2203,20220218,20220218,133946000,13:39:47,8888,107802,76907,4770262900,33,-3,1466595
eb2203,20220218,20220218,133949500,13:39:50,8887,107805,76908,4770396205,3,1,133305
eb2203,20220218,20220218,133950000,13:39:50,8889,107819,76916,4771018350,14,8,622145
eb2203,20220218,20220218,133950500,13:39:50,8889,107819,76916,4771018350,0,0,0
eb2203,20220218,20220218,133951000,13:39:51,8889,107820,76915,4771062795,1,-1,44445
eb2203,20220218,20220218,133951500,13:39:51,8888,107821,76915,4771107235,1,0,44440
eb2203,20220218,20220218,133956000,13:39:56,8889,107825,76912,4771285015,4,-3,177780
eb2203,20220218,20220218,133956500,13:39:57,8890,107826,76913,4771329465,1,1,44450
eb2203,20220218,20220218,133957000,13:39:59,8889,107828,76913,4771418360,2,0,88895
eb2203,20220218,20220218,133957500,13:40:13,8890,107831,76916,4771551710,3,3,133350
eb2203,20220218,20220218,133958000,13:40:13,8890,107831,76916,4771551710,0,0,0
eb2203,20220218,20220218,133958500,13:40:13,8889,107835,76915,4771729495,4,-1,177785
eb2203,20220218,20220218,134012000,13:40:13,8883,107902,76915,4774706075,67,0,2976580
eb2203,20220218,20220218,134013000,13:40:13,8884,107903,76915,4774750495,1,0,44420
eb2203,20220218,20220218,134013500,13:40:14,8884,107904,76914,4774794915,1,-1,44420
eb2203,20220218,20220218,134014000,13:40:14,8882,107906,76912,4774883735,2,-2,88820
eb2203,20220218,20220218,134014500,13:40:16,8882,107909,76911,4775016975,3,-1,133240
eb2203,20220218,20220218,134015000,13:40:16,8882,107910,76911,4775061385,1,0,44410
eb2203,20220218,20220218,134015500,13:40:16,8882,107910,76911,4775061385,0,0,0
eb2203,20220218,20220218,134016000,13:40:16,8882,107913,76909,4775194615,3,-2,133230
eb2203,20220218,20220218,134016500,13:40:17,8882,107916,76907,4775327850,3,-2,133235
eb2203,20220218,20220218,134017000,13:40:17,8882,107916,76907,4775327850,0,0,0
eb2203,20220218,20220218,134018000,13:40:19,8882,107916,76907,4775327850,0,0,0
eb2203,20220218,20220218,134018500,13:40:19,8882,107921,76907,4775549900,5,0,222050
eb2203,20220218,20220218,134020000,13:40:20,8882,107921,76907,4775549900,0,0,0
eb2203,20220218,20220218,134020500,13:40:21,8884,107922,76908,4775594320,1,1,44420
eb2203,20220218,20220218,134021000,13:40:22,8884,107922,76908,4775594320,0,0,0
eb2203,20220218,20220218,134022000,13:40:22,8883,107924,76906,4775683150,2,-2,88830
eb2203,20220218,20220218,134022500,13:40:23,8883,107924,76906,4775683150,0,0,0
eb2203,20220218,20220218,134023000,13:40:23,8883,107925,76905,4775727565,1,-1,44415
eb2203,20220218,20220218,134023500,13:40:24,8883,107925,76905,4775727565,0,0,0
eb2203,20220218,20220218,134025500,13:40:26,8883,107925,76905,4775727565,0,0,0
eb2203,20220218,20220218,134026000,13:40:26,8882,107931,76902,4775994025,6,-3,266460
eb2203,20220218,20220218,134026500,13:40:27,8882,107932,76901,4776038435,1,-1,44410
eb2203,20220218,20220218,134027000,13:40:27,8882,107933,76901,4776082845,1,0,44410
eb2203,20220218,20220218,134028000,13:40:28,8882,107933,76901,4776082845,0,0,0
eb2203,20220218,20220218,134028500,13:40:29,8882,107933,76901,4776082845,0,0,0
eb2203,20220218,20220218,134029000,13:40:30,8882,107933,76901,4776082845,0,0,0
eb2203,20220218,20220218,134029500,13:40:30,8882,107933,76901,4776082845,0,0,0
eb2203,20220218,20220218,134030500,13:40:31,8882,107933,76901,4776082845,0,0,0
eb2203,20220218,20220218,134031500,13:40:32,8881,107934,76901,4776127250,1,0,44405
eb2203,20220218,20220218,134032000,13:40:32,8881,107934,76901,4776127250,0,0,0
eb2203,20220218,20220218,134033500,13:40:34,8883,107935,76901,4776171665,1,0,44415
eb2203,20220218,20220218,134034000,13:40:35,8883,107935,76901,4776171665,0,0,0
eb2203,20220218,20220218,134038500,13:40:39,8883,107942,76903,4776482570,7,2,310905
eb2203,20220218,20220218,134039000,13:40:39,8883,107942,76903,4776482570,0,0,0
eb2203,20220218,20220218,134039500,13:40:40,8883,107944,76903,4776571400,2,0,88830
eb2203,20220218,20220218,134040000,13:40:41,8881,107946,76903,4776660220,2,0,88820
eb2203,20220218,20220218,134040500,13:40:42,8881,107946,76903,4776660220,0,0,0
eb2203,20220218,20220218,134041000,13:40:42,8881,107947,76903,4776704625,1,0,44405
eb2203,20220218,20220218,134041500,13:40:42,8881,107947,76903,4776704625,0,0,0
eb2203,20220218,20220218,134043000,13:40:44,8883,107948,76904,4776749040,1,1,44415
eb2203,20220218,20220218,134043500,13:40:44,8883,107948,76904,4776749040,0,0,0
eb2203,20220218,20220218,134044000,13:40:44,8884,107950,76904,4776837875,2,0,88835
eb2203,20220218,20220218,134044500,13:40:44,8884,107951,76904,4776882295,1,0,44420
eb2203,20220218,20220218,134046500,13:40:46,8884,107951,76904,4776882295,0,0,0
eb2203,20220218,20220218,134047000,13:40:47,8884,107951,76904,4776882295,0,0,0
eb2203,20220218,20220218,134047500,13:40:47,8884,107951,76904,4776882295,0,0,0
eb2203,20220218,20220218,134048500,13:40:48,8884,107951,76904,4776882295,0,0,0
eb2203,20220218,20220218,134050500,13:40:50,8884,107951,76904,4776882295,0,0,0
eb2203,20220218,20220218,134052500,13:40:55,8884,107951,76904,4776882295,0,0,0
eb2203,20220218,20220218,134055000,13:40:55,8883,107952,76904,4776926710,1,0,44415
eb2203,20220218,20220218,134057500,13:40:58,8883,107953,76905,4776971125,1,1,44415
eb2203,20220218,20220218,134100000,13:41:00,8882,107959,76910,4777237605,6,5,266480
eb2203,20220218,20220218,134100500,13:41:01,8882,107959,76910,4777237605,0,0,0
eb2203,20220218,20220218,134101000,13:41:01,8882,107959,76910,4777237605,0,0,0
eb2203,20220218,20220218,134101500,13:41:01,8882,107959,76910,4777237605,0,0,0
eb2203,20220218,20220218,134103500,13:41:05,8882,107959,76910,4777237605,0,0,0
eb2203,20220218,20220218,134104000,13:41:05,8883,107966,76907,4777548480,7,-3,310875
eb2203,20220218,20220218,134105000,13:41:06,8883,107966,76907,4777548480,0,0,0
eb2203,20220218,20220218,134105500,13:41:06,8883,107967,76907,4777592895,1,0,44415
eb2203,20220218,20220218,134106000,13:41:07,8883,107967,76907,4777592895,0,0,0
eb2203,20220218,20220218,134106500,13:41:07,8886,107970,76907,4777726175,3,0,133280
eb2203,20220218,20220218,134107000,13:41:09,8886,107970,76907,4777726175,0,0,0
eb2203,20220218,20220218,134107500,13:41:09,8886,107971,76906,4777770605,1,-1,44430
eb2203,20220218,20220218,134109000,13:41:10,8886,107973,76907,4777859470,2,1,88865
eb2203,20220218,20220218,134109500,13:41:10,8885,107982,76911,4778259325,9,4,399855
eb2203,20220218,20220218,134110000,13:41:10,8885,107982,76911,4778259325,0,0,0
eb2203,20220218,20220218,134110500,13:41:10,8885,107982,76911,4778259325,0,0,0
eb2203,20220218,20220218,134112000,13:41:12,8885,107982,76911,4778259325,0,0,0
eb2203,20220218,20220218,134112500,13:41:12,8888,107984,76912,4778348205,2,1,88880
eb2203,20220218,20220218,134114000,13:41:15,8889,107988,76909,4778525975,4,-3,177770
eb2203,20220218,20220218,134114500,13:41:16,8889,107988,76909,4778525975,0,0,0
eb2203,20220218,20220218,134116500,13:41:17,8886,107993,76908,4778748130,5,-1,222155
eb2203,20220218,20220218,134117000,13:41:17,8887,107995,76908,4778837005,2,0,88875
eb2203,20220218,20220218,134119000,13:41:19,8887,107995,76908,4778837005,0,0,0
eb2203,20220218,20220218,134120500,13:41:23,8886,107997,76909,4778925865,2,1,88860
eb2203,20220218,20220218,134121000,13:41:23,8887,107998,76908,4778970300,1,-1,44435
eb2203,20220218,20220218,134121500,13:41:24,8887,107999,76907,4779014735,1,-1,44435
eb2203,20220218,20220218,134124500,13:41:26,8887,107999,76907,4779014735,0,0,0
eb2203,20220218,20220218,134125000,13:41:27,8887,107999,76907,4779014735,0,0,0
eb2203,20220218,20220218,134125500,13:41:27,8887,107999,76907,4779014735,0,0,0
eb2203,20220218,20220218,134128500,13:41:28,8888,108001,76908,4779103615,2,1,88880
eb2203,20220218,20220218,134129000,13:41:29,8888,108002,76907,4779148055,1,-1,44440
eb2203,20220218,20220218,134130000,13:41:30,8888,108002,76907,4779148055,0,0,0
eb2203,20220218,20220218,134130500,13:41:31,8889,108015,76894,4779725840,13,-13,577785
eb2203,20220218,20220218,134131000,13:41:31,8888,108019,76893,4779903610,4,-1,177770
eb2203,20220218,20220218,134131500,13:41:32,8889,108020,76892,4779948055,1,-1,44445
eb2203,20220218,20220218,134132500,13:41:33,8889,108020,76892,4779948055,0,0,0
eb2203,20220218,20220218,134133000,13:41:33,8889,108020,76892,4779948055,0,0,0
eb2203,20220218,20220218,134134000,13:41:34,8890,108021,76893,4779992505,1,1,44450
eb2203,20220218,20220218,134135500,13:41:39,8890,108021,76893,4779992505,0,0,0
eb2203,20220218,20220218,134136000,13:41:39,8890,108021,76893,4779992505,0,0,0
eb2203,20220218,20220218,134136500,13:41:39,8890,108022,76894,4780036955,1,1,44450
eb2203,20220218,20220218,134138500,13:41:42,8889,108033,76886,4780525850,11,-8,488895
eb2203,20220218,20220218,134140000,13:41:42,8889,108033,76886,4780525850,0,0,0
eb2203,20220218,20220218,134143500,13:41:44,8889,108036,76884,4780659180,3,-2,133330
eb2203,20220218,20220218,134144000,13:41:44,8890,108047,76890,4781148130,11,6,488950
eb2203,20220218,20220218,134144500,13:41:44,8890,108050,76890,4781281480,3,0,133350
eb2203,20220218,20220218,134145000,13:41:45,8890,108080,76887,4782614975,30,-3,1333495
eb2203,20220218,20220218,134145500,13:41:45,8890,108080,76887,4782614975,0,0,0
eb2203,20220218,20220218,134146500,13:41:47,8891,108082,76885,4782703885,2,-2,88910
eb2203,20220218,20220218,134147500,13:41:48,8891,108083,76884,4782748340,1,-1,44455
eb2203,20220218,20220218,134148000,13:41:48,8892,108086,76881,4782881715,3,-3,133375
eb2203,20220218,20220218,134148500,13:41:49,8892,108087,76880,4782926175,1,-1,44460
eb2203,20220218,20220218,134149500,13:41:50,8893,108091,76880,4783104035,4,0,177860
eb2203,20220218,20220218,134150000,13:41:50,8892,108092,76879,4783148495,1,-1,44460
eb2203,20220218,20220218,134150500,13:41:51,8892,108093,76878,4783192955,1,-1,44460
eb2203,20220218,20220218,134151000,13:41:51,8892,108094,76878,4783237415,1,0,44460
eb2203,20220218,20220218,134151500,13:41:52,8892,108094,76878,4783237415,0,0,0
eb2203,20220218,20220218,134152000,13:41:52,8892,108094,76878,4783237415,0,0,0
eb2203,20220218,20220218,134152500,13:41:53,8892,108107,76871,4783815395,13,-7,577980
eb2203,20220218,20220218,134153000,13:41:54,8892,108121,76866,4784437835,14,-5,622440
eb2203,20220218,20220218,134153500,13:42:01,8892,108121,76866,4784437835,0,0,0
eb2203,20220218,20220218,134154000,13:42:02,8892,108123,76866,4784526755,2,0,88920
eb2203,20220218,20220218,134154500,13:42:02,8892,108124,76866,4784571215,1,0,44460
eb2203,20220218,20220218,134201500,13:42:10,8892,108141,76864,4785326995,17,-2,755780
eb2203,20220218,20220218,134202500,13:42:11,8892,108141,76864,4785326995,0,0,0
eb2203,20220218,20220218,134210000,13:42:12,8892,108148,76861,4785638220,7,-3,311225
eb2203,20220218,20220218,134211000,13:42:12,8892,108148,76861,4785638220,0,0,0
eb2203,20220218,20220218,134212000,13:42:13,8892,108148,76861,4785638220,0,0,0
eb2203,20220218,20220218,134214500,13:42:15,8892,108148,76861,4785638220,0,0,0
eb2203,20220218,20220218,134215500,13:42:16,8892,108165,76865,4786394100,17,4,755880
eb2203,20220218,20220218,134216000,13:42:16,8891,108166,76865,4786438555,1,0,44455
eb2203,20220218,20220218,134216500,13:42:17,8891,108166,76865,4786438555,0,0,0
eb2203,20220218,20220218,134217000,13:42:19,8892,108167,76864,4786483015,1,-1,44460
eb2203,20220218,20220218,134218000,13:42:20,8892,108167,76864,4786483015,0,0,0
eb2203,20220218,20220218,134219500,13:42:20,8891,108190,76871,4787505480,23,7,1022465
eb2203,20220218,20220218,134220000,13:42:21,8889,108192,76870,4787594375,2,-1,88895
eb2203,20220218,20220218,134220500,13:42:21,8890,108193,76869,4787638825,1,-1,44450
eb2203,20220218,20220218,134221000,13:42:21,8890,108193,76869,4787638825,0,0,0
eb2203,20220218,20220218,134222500,13:42:22,8889,108198,76865,4787861050,5,-4,222225
eb2203,20220218,20220218,134223000,13:42:24,8889,108222,76860,4788927735,24,-5,1066685
eb2203,20220218,20220218,134223500,13:42:24,8889,108225,76859,4789061070,3,-1,133335
eb2203,20220218,20220218,134224500,13:42:25,8890,108228,76861,4789194415,3,2,133345
eb2203,20220218,20220218,134225000,13:42:25,8890,108228,76861,4789194415,0,0,0
eb2203,20220218,20220218,134227000,13:42:28,8890,108228,76861,4789194415,0,0,0
eb2203,20220218,20220218,134227500,13:42:29,8890,108228,76861,4789194415,0,0,0
eb2203,20220218,20220218,134228000,13:42:29,8890,108229,76862,4789238865,1,1,44450
eb2203,20220218,20220218,134228500,13:42:29,8888,108232,76862,4789372190,3,0,133325
eb2203,20220218,20220218,134239500,13:42:39,8888,108232,76862,4789372190,0,0,0
eb2203,20220218,20220218,134244000,13:42:44,8888,108232,76862,4789372190,0,0,0
eb2203,20220218,20220218,134247000,13:42:47,8888,108232,76862,4789372190,0,0,0
eb2203,20220218,20220218,134255500,13:42:56,8889,108233,76862,4789416635,1,0,44445
eb2203,20220218,20220218,134256500,13:42:57,8889,108234,76862,4789461080,1,0,44445
eb2203,20220218,20220218,134257000,13:42:59,8889,108274,76889,4791238770,40,27,1777690
eb2203,20220218,20220218,134259000,13:42:59,8889,108274,76889,4791238770,0,0,0
eb2203,20220218,20220218,134300500,13:43:02,8889,108274,76889,4791238770,0,0,0
eb2203,20220218,20220218,134301500,13:43:02,8890,108289,76891,4791905520,15,2,666750
eb2203,20220218,20220218,134302000,13:43:02,8890,108289,76891,4791905520,0,0,0
eb2203,20220218,20220218,134302500,13:43:04,8888,108294,76893,4792127720,5,2,222200
eb2203,20220218,20220218,134303000,13:43:10,8888,108296,76894,4792216600,2,1,88880
eb2203,20220218,20220218,134304000,13:43:11,8887,108301,76899,4792438775,5,5,222175
eb2203,20220218,20220218,134305000,13:43:12,8888,108304,76901,4792572095,3,2,133320
eb2203,20220218,20220218,134307500,13:43:12,8889,108314,76902,4793016580,10,1,444485
eb2203,20220218,20220218,134312000,13:43:14,8890,108327,76905,4793594430,13,3,577850
eb2203,20220218,20220218,134312500,13:43:14,8889,108328,76904,4793638875,1,-1,44445
eb2203,20220218,20220218,134313500,13:43:14,8889,108328,76904,4793638875,0,0,0
eb2203,20220218,20220218,134314500,13:43:15,8889,108328,76904,4793638875,0,0,0
eb2203,20220218,20220218,134315000,13:43:15,8889,108328,76904,4793638875,0,0,0
eb2203,20220218,20220218,134315500,13:43:15,8889,108328,76904,4793638875,0,0,0
eb2203,20220218,20220218,134316000,13:43:16,8889,108328,76904,4793638875,0,0,0
eb2203,20220218,20220218,134317500,13:43:17,8890,108332,76907,4793816675,4,3,177800
eb2203,20220218,20220218,134318000,13:43:18,8890,108335,76907,4793950025,3,0,133350
eb2203,20220218,20220218,134318500,13:43:18,8888,108338,76905,4794083345,3,-2,133320
eb2203,20220218,20220218,134319000,13:43:19,8888,108338,76905,4794083345,0,0,0
eb2203,20220218,20220218,134320500,13:43:21,8888,108338,76905,4794083345,0,0,0
eb2203,20220218,20220218,134321000,13:43:21,8888,108341,76905,4794216665,3,0,133320
eb2203,20220218,20220218,134321500,13:43:21,8888,108341,76905,4794216665,0,0,0
eb2203,20220218,20220218,134324000,13:43:24,8889,108342,76905,4794261110,1,0,44445
eb2203,20220218,20220218,134324500,13:43:25,8889,108342,76905,4794261110,0,0,0
eb2203,20220218,20220218,134326000,13:43:26,8889,108344,76905,4794350000,2,0,88890
eb2203,20220218,20220218,134326500,13:43:27,8888,108346,76907,4794438885,2,2,88885
eb2203,20220218,20220218,134327000,13:43:27,8889,108347,76908,4794483330,1,1,44445
eb2203,20220218,20220218,134328000,13:43:29,8889,108348,76909,4794527775,1,1,44445
eb2203,20220218,20220218,134329000,13:43:29,8889,108349,76909,4794572220,1,0,44445
eb2203,20220218,20220218,134333000,13:43:33,8890,108352,76909,4794705570,3,0,133350
eb2203,20220218,20220218,134333500,13:43:34,8890,108352,76909,4794705570,0,0,0
eb2203,20220218,20220218,134334000,13:43:34,8891,108357,76914,4794927845,5,5,222275
eb2203,20220218,20220218,134335500,13:43:35,8891,108358,76915,4794972300,1,1,44455
eb2203,20220218,20220218,134336000,13:43:36,8890,108364,76921,4795239025,6,6,266725
eb2203,20220218,20220218,134336500,13:43:37,8890,108367,76921,4795372375,3,0,133350
eb2203,20220218,20220218,134337000,13:43:37,8890,108367,76921,4795372375,0,0,0
eb2203,20220218,20220218,134338000,13:43:38,8890,108371,76922,4795550175,4,1,177800
eb2203,20220218,20220218,134338500,13:43:39,8890,108371,76922,4795550175,0,0,0
eb2203,20220218,20220218,134339000,13:43:47,8891,108372,76922,4795594630,1,0,44455
eb2203,20220218,20220218,134339500,13:43:57,8891,108372,76922,4795594630,0,0,0
eb2203,20220218,20220218,134340000,13:43:57,8891,108377,76921,4795816900,5,-1,222270
eb2203,20220218,20220218,134340500,13:43:57,8891,108377,76921,4795816900,0,0,0
eb2203,20220218,20220218,134354500,13:44:04,8897,108647,76838,4807826605,270,-83,12009705
eb2203,20220218,20220218,134356500,13:44:04,8900,108769,76845,4813254820,122,7,5428215
eb2203,20220218,20220218,134403500,13:44:04,8899,109101,76776,4828029645,332,-69,14774825
eb2203,20220218,20220218,134404000,13:44:04,8899,109101,76776,4828029645,0,0,0
eb2203,20220218,20220218,134404500,13:44:05,8900,109104,76776,4828163135,3,0,133490
eb2203,20220218,20220218,134405000,13:44:05,8900,109104,76776,4828163135,0,0,0
eb2203,20220218,20220218,134405500,13:44:06,8896,109119,76775,4828830455,15,-1,667320
eb2203,20220218,20220218,134406000,13:44:06,8898,109132,76775,4829408715,13,0,578260
eb2203,20220218,20220218,134406500,13:44:07,8900,109134,76775,4829497710,2,0,88995
eb2203,20220218,20220218,134407000,13:44:07,8898,109135,76775,4829542200,1,0,44490
eb2203,20220218,20220218,134407500,13:44:08,8898,109135,76775,4829542200,0,0,0
eb2203,20220218,20220218,134408000,13:44:08,8898,109136,76774,4829586690,1,-1,44490
eb2203,20220218,20220218,134408500,13:44:09,8898,109137,76774,4829631180,1,0,44490
eb2203,20220218,20220218,134410000,13:44:17,8898,109142,76774,4829853630,5,0,222450
eb2203,20220218,20220218,134410500,13:44:17,8898,109142,76774,4829853630,0,0,0
eb2203,20220218,20220218,134417000,13:44:17,8899,109157,76773,4830521095,15,-1,667465
eb2203,20220218,20220218,134417500,13:44:18,8900,109158,76772,4830565595,1,-1,44500
eb2203,20220218,20220218,134418000,13:44:18,8899,109159,76771,4830610090,1,-1,44495
eb2203,20220218,20220218,134418500,13:44:19,8900,109160,76771,4830654590,1,0,44500
eb2203,20220218,20220218,134419000,13:44:23,8900,109166,76770,4830921590,6,-1,267000
eb2203,20220218,20220218,134419500,13:44:23,8900,109167,76770,4830966090,1,0,44500
eb2203,20220218,20220218,134420000,13:44:23,8900,109167,76770,4830966090,0,0,0
eb2203,20220218,20220218,134420500,13:44:23,8902,109183,76768,4831678125,16,-2,712035
eb2203,20220218,20220218,134423000,13:44:23,8903,109199,76780,4832390300,16,12,712175
eb2203,20220218,20220218,134423500,13:44:24,8903,109231,76761,4833814795,32,-19,1424495
eb2203,20220218,20220218,134424000,13:44:24,8902,109234,76759,4833948325,3,-2,133530
eb2203,20220218,20220218,134424500,13:44:25,8901,109241,76763,4834259860,7,4,311535
eb2203,20220218,20220218,134425000,13:44:25,8901,109242,76763,4834304365,1,0,44505
eb2203,20220218,20220218,134425500,13:44:25,8899,109249,76763,4834615835,7,0,311470
eb2203,20220218,20220218,134426000,13:44:26,8899,109266,76763,4835372250,17,0,756415
eb2203,20220218,20220218,134426500,13:44:26,8899,109266,76763,4835372250,0,0,0
eb2203,20220218,20220218,134427000,13:44:27,8901,109268,76763,4835461250,2,0,89000
eb2203,20220218,20220218,134427500,13:44:28,8900,109272,76763,4835639250,4,0,178000
eb2203,20220218,20220218,134428000,13:44:29,8900,109272,76763,4835639250,0,0,0
eb2203,20220218,20220218,134428500,13:44:29,8901,109273,76762,4835683755,1,-1,44505
eb2203,20220218,20220218,134429500,13:44:37,8901,109276,76762,4835817270,3,0,133515
eb2203,20220218,20220218,134430000,13:44:37,8901,109276,76762,4835817270,0,0,0
eb2203,20220218,20220218,134430500,13:44:37,8900,109279,76761,4835950780,3,-1,133510
eb2203,20220218,20220218,134437000,13:44:37,8900,109279,76761,4835950780,0,0,0
eb2203,20220218,20220218,134437500,13:44:38,8900,109285,76763,4836217800,6,2,267020
eb2203,20220218,20220218,134438000,13:44:38,8901,109286,76764,4836262305,1,1,44505
eb2203,20220218,20220218,134438500,13:44:39,8901,109286,76764,4836262305,0,0,0
eb2203,20220218,20220218,134439000,13:44:39,8901,109287,76765,4836306810,1,1,44505
eb2203,20220218,20220218,134440000,13:44:40,8901,109289,76767,4836395820,2,2,89010
eb2203,20220218,20220218,134440500,13:44:40,8901,109289,76767,4836395820,0,0,0
eb2203,20220218,20220218,134441000,13:44:41,8901,109290,76767,4836440325,1,0,44505
eb2203,20220218,20220218,134441500,13:44:42,8901,109290,76767,4836440325,0,0,0
eb2203,20220218,20220218,134442000,13:44:42,8901,109290,76767,4836440325,0,0,0
eb2203,20220218,20220218,134443000,13:44:43,8902,109292,76765,4836529345,2,-2,89020
eb2203,20220218,20220218,134443500,13:44:44,8902,109295,76767,4836662875,3,2,133530
eb2203,20220218,20220218,134444000,13:44:44,8902,109297,76768,4836751895,2,1,89020
eb2203,20220218,20220218,134444500,13:44:45,8902,109298,76768,4836796405,1,0,44510
