eb2202,20220218,20220218,112002000,11:20:05,8839,3,1600,132575,3,-3,132575
eb2202,20220218,20220218,112008000,11:20:10,8839,3,1600,132575,0,0,0
eb2202,20220218,20220218,112008500,11:20:10,8839,3,1600,132575,0,0,0
eb2202,20220218,20220218,112012500,11:20:12,8839,3,1600,132575,0,0,0
eb2202,20220218,20220218,112015500,11:20:16,8839,3,1600,132575,0,0,0
eb2202,20220218,20220218,112016000,11:20:16,8839,3,1600,132575,0,0,0
eb2202,20220218,20220218,112016500,11:20:16,8839,3,1600,132575,0,0,0
eb2202,20220218,20220218,112017000,11:20:17,8839,3,1600,132575,0,0,0
eb2202,20220218,20220218,112017500,11:20:17,8839,3,1600,132575,0,0,0
eb2202,20220218,20220218,112022000,11:20:22,8839,3,1600,132575,0,0,0
eb2202,20220218,20220218,112026000,11:20:26,8839,3,1600,132575,0,0,0
eb2202,20220218,20220218,112027000,11:20:27,8839,3,1600,132575,0,0,0
eb2202,20220218,20220218,112027500,11:20:28,8839,3,1600,132575,0,0,0
eb2202,20220218,20220218,112030500,11:20:31,8839,3,1600,132575,0,0,0
eb2202,20220218,20220218,112033000,11:20:33,8839,3,1600,132575,0,0,0
eb2202,20220218,20220218,112038000,11:20:38,8839,3,1600,132575,0,0,0
eb2202,20220218,20220218,112038500,11:20:38,8839,3,1600,132575,0,0,0
eb2202,20220218,20220218,112043500,11:20:44,8839,3,1600,132575,0,0,0
eb2202,20220218,20220218,112044000,11:20:44,8839,3,1600,132575,0,0,0
eb2202,20220218,20220218,112044500,11:20:44,8839,3,1600,132575,0,0,0
eb2202,20220218,20220218,112045500,11:20:46,8839,3,1600,132575,0,0,0
eb2202,20220218,20220218,112052000,11:20:53,8839,3,1600,132575,0,0,0
eb2202,20220218,20220218,112052500,11:20:53,8839,3,1600,132575,0,0,0
eb2202,20220218,20220218,112054500,11:20:55,8839,3,1600,132575,0,0,0
eb2202,20220218,20220218,112057500,11:20:58,8839,3,1600,132575,0,0,0
eb2202,20220218,20220218,112103000,11:21:03,8839,3,1600,132575,0,0,0
eb2202,20220218,20220218,112103500,11:21:03,8839,3,1600,132575,0,0,0
eb2202,20220218,20220218,112104000,11:21:04,8839,3,1600,132575,0,0,0
eb2202,20220218,20220218,112104500,11:21:05,8839,3,1600,132575,0,0,0
eb2202,20220218,20220218,112105000,11:21:05,8839,3,1600,132575,0,0,0
eb2202,20220218,20220218,112105500,11:21:06,8839,3,1600,132575,0,0,0
eb2202,20220218,20220218,112108000,11:21:10,8839,3,1600,132575,0,0,0
eb2202,20220218,20220218,112108500,11:21:10,8839,3,1600,132575,0,0,0
eb2202,20220218,20220218,112110000,11:21:10,8839,3,1600,132575,0,0,0
eb2202,20220218,20220218,112110500,11:21:11,8839,3,1600,132575,0,0,0
eb2202,20220218,20220218,112111000,11:21:11,8839,3,1600,132575,0,0,0
eb2202,20220218,20220218,112111500,11:21:12,8839,3,1600,132575,0,0,0
eb2202,20220218,20220218,112114500,11:21:14,8839,3,1600,132575,0,0,0
eb2202,20220218,20220218,112115000,11:21:15,8839,3,1600,132575,0,0,0
eb2202,20220218,20220218,112117500,11:21:18,8839,3,1600,132575,0,0,0
eb2202,20220218,20220218,112118000,11:21:18,8839,3,1600,132575,0,0,0
eb2202,20220218,20220218,112119500,11:21:19,8839,3,1600,132575,0,0,0
eb2202,20220218,20220218,112120000,11:21:20,8839,3,1600,132575,0,0,0
eb2202,20220218,20220218,112122000,11:21:22,8839,3,1600,132575,0,0,0
eb2202,20220218,20220218,112123000,11:21:23,8839,3,1600,132575,0,0,0
eb2202,20220218,20220218,112123500,11:21:24,8839,3,1600,132575,0,0,0
eb2202,20220218,20220218,112124000,11:21:24,8839,3,1600,132575,0,0,0
eb2202,20220218,20220218,112124500,11:21:25,8839,3,1600,132575,0,0,0
eb2202,20220218,20220218,112125000,11:21:29,8839,3,1600,132575,0,0,0
eb2202,20220218,20220218,112126000,11:23:33,8839,3,1600,132575,0,0,0
eb2202,20220218,20220218,112330500,11:23:33,8839,3,1600,132575,0,0,0
eb2202,20220218,20220218,112334500,11:23:34,8839,3,1600,132575,0,0,0
eb2202,20220218,20220218,112344000,11:23:45,8839,3,1600,132575,0,0,0
eb2202,20220218,20220218,112344500,11:23:48,8839,3,1600,132575,0,0,0
eb2202,20220218,20220218,112345000,11:23:48,8839,3,1600,132575,0,0,0
eb2202,20220218,20220218,112345500,11:23:48,8839,3,1600,132575,0,0,0
eb2202,20220218,20220218,112346000,11:23:48,8839,3,1600,132575,0,0,0
eb2202,20220218,20220218,112346500,11:23:48,8839,3,1600,132575,0,0,0
eb2202,20220218,20220218,112349000,11:23:49,8839,3,1600,132575,0,0,0
eb2202,20220218,20220218,112350000,11:23:50,8839,3,1600,132575,0,0,0
eb2202,20220218,20220218,112352500,11:23:52,8839,3,1600,132575,0,0,0
eb2202,20220218,20220218,112358000,11:23:58,8839,3,1600,132575,0,0,0
eb2202,20220218,20220218,112400000,11:24:00,8839,3,1600,132575,0,0,0
eb2202,20220218,20220218,112400500,11:24:00,8839,3,1600,132575,0,0,0
eb2202,20220218,20220218,112401000,11:24:01,8839,3,1600,132575,0,0,0
eb2202,20220218,20220218,112404000,11:24:04,8839,3,1600,132575,0,0,0
eb2202,20220218,20220218,112404500,11:24:04,8839,3,1600,132575,0,0,0
eb2202,20220218,20220218,112407000,11:24:07,8839,3,1600,132575,0,0,0
eb2202,20220218,20220218,112408500,11:24:08,8839,3,1600,132575,0,0,0
eb2202,20220218,20220218,112415000,11:24:15,8839,3,1600,132575,0,0,0
eb2202,20220218,20220218,112415500,11:24:15,8839,3,1600,132575,0,0,0
eb2202,20220218,20220218,112417500,11:24:18,8839,3,1600,132575,0,0,0
eb2202,20220218,20220218,112420000,11:24:20,8839,3,1600,132575,0,0,0
eb2202,20220218,20220218,112420500,11:24:20,8839,3,1600,132575,0,0,0
eb2202,20220218,20220218,112425500,11:24:25,8839,3,1600,132575,0,0,0
eb2202,20220218,20220218,112426000,11:24:26,8839,3,1600,132575,0,0,0
eb2202,20220218,20220218,112434500,11:24:34,8839,3,1600,132575,0,0,0
eb2202,20220218,20220218,112435000,11:24:35,8839,3,1600,132575,0,0,0
eb2202,20220218,20220218,112435500,11:24:35,8839,3,1600,132575,0,0,0
eb2202,20220218,20220218,112448500,11:24:48,8839,3,1600,132575,0,0,0
eb2202,20220218,20220218,112449000,11:24:49,8839,3,1600,132575,0,0,0
eb2202,20220218,20220218,112456000,11:24:56,8839,3,1600,132575,0,0,0
eb2202,20220218,20220218,112500500,11:25:01,8839,3,1600,132575,0,0,0
eb2202,20220218,20220218,112502500,11:25:06,8839,3,1600,132575,0,0,0
eb2202,20220218,20220218,112503000,11:25:06,8839,3,1600,132575,0,0,0
eb2202,20220218,20220218,112504000,11:25:06,8839,3,1600,132575,0,0,0
eb2202,20220218,20220218,112506000,11:25:06,8839,3,1600,132575,0,0,0
eb2202,20220218,20220218,112506500,11:25:07,8839,3,1600,132575,0,0,0
eb2202,20220218,20220218,112507500,11:25:07,8839,3,1600,132575,0,0,0
eb2202,20220218,20220218,112508000,11:25:08,8839,3,1600,132575,0,0,0
eb2202,20220218,20220218,112508500,11:25:08,8839,3,1600,132575,0,0,0
eb2202,20220218,20220218,112509500,11:25:09,8839,3,1600,132575,0,0,0
eb2202,20220218,20220218,112510000,11:25:10,8839,3,1600,132575,0,0,0
eb2202,20220218,20220218,112510500,11:25:10,8839,3,1600,132575,0,0,0
eb2202,20220218,20220218,112511500,11:25:11,8839,3,1600,132575,0,0,0
eb2202,20220218,20220218,112514000,11:25:15,8839,3,1600,132575,0,0,0
eb2202,20220218,20220218,112514500,11:25:15,8839,3,1600,132575,0,0,0
eb2202,20220218,20220218,112517500,11:25:18,8839,3,1600,132575,0,0,0
eb2202,20220218,20220218,112518000,11:25:18,8839,3,1600,132575,0,0,0
eb2202,20220218,20220218,112520500,11:25:21,8839,3,1600,132575,0,0,0
eb2202,20220218,20220218,112521000,11:25:21,8839,3,1600,132575,0,0,0
eb2202,20220218,20220218,112521500,11:25:22,8839,3,1600,132575,0,0,0
eb2202,20220218,20220218,112522000,11:25:22,8839,3,1600,132575,0,0,0
eb2202,20220218,20220218,112522500,11:25:22,8839,3,1600,132575,0,0,0
eb2202,20220218,20220218,112529500,11:25:30,8839,3,1600,132575,0,0,0
eb2202,20220218,20220218,112530000,11:25:30,8839,3,1600,132575,0,0,0
eb2202,20220218,20220218,112530500,11:25:31,8839,3,1600,132575,0,0,0
eb2202,20220218,20220218,112531000,11:25:31,8839,3,1600,132575,0,0,0
eb2202,20220218,20220218,112531500,11:25:32,8839,3,1600,132575,0,0,0
eb2202,20220218,20220218,112532000,11:25:32,8839,3,1600,132575,0,0,0
eb2202,20220218,20220218,112532500,11:25:33,8839,3,1600,132575,0,0,0
eb2202,20220218,20220218,112533000,11:25:33,8839,3,1600,132575,0,0,0
eb2202,20220218,20220218,112535000,11:25:36,8839,3,1600,132575,0,0,0
eb2202,20220218,20220218,112536000,11:25:37,8839,3,1600,132575,0,0,0
eb2202,20220218,20220218,112540000,11:25:40,8839,3,1600,132575,0,0,0
eb2202,20220218,20220218,112540500,11:25:40,8839,3,1600,132575,0,0,0
eb2202,20220218,20220218,112543000,11:25:43,8839,3,1600,132575,0,0,0
eb2202,20220218,20220218,112544000,11:25:44,8839,3,1600,132575,0,0,0
eb2202,20220218,20220218,112544500,11:25:44,8839,3,1600,132575,0,0,0
eb2202,20220218,20220218,112545000,11:25:45,8839,3,1600,132575,0,0,0
eb2202,20220218,20220218,112546500,11:25:47,8839,3,1600,132575,0,0,0
eb2202,20220218,20220218,112547500,11:25:48,8839,3,1600,132575,0,0,0
eb2202,20220218,20220218,112554000,11:25:54,8839,3,1600,132575,0,0,0
eb2202,20220218,20220218,112554500,11:25:54,8839,3,1600,132575,0,0,0
eb2202,20220218,20220218,112555000,11:25:55,8839,3,1600,132575,0,0,0
eb2202,20220218,20220218,112601500,11:26:01,8839,3,1600,132575,0,0,0
eb2202,20220218,20220218,112602000,11:26:03,8839,3,1600,132575,0,0,0
eb2202,20220218,20220218,112602500,11:26:03,8839,3,1600,132575,0,0,0
eb2202,20220218,20220218,112604000,11:26:04,8839,3,1600,132575,0,0,0
eb2202,20220218,20220218,112604500,11:26:05,8839,3,1600,132575,0,0,0
eb2202,20220218,20220218,112605500,11:26:05,8839,3,1600,132575,0,0,0
eb2202,20220218,20220218,112606000,11:26:06,8839,3,1600,132575,0,0,0
eb2202,20220218,20220218,112606500,11:26:06,8839,3,1600,132575,0,0,0
eb2202,20220218,20220218,112607000,11:26:09,8839,3,1600,132575,0,0,0
eb2202,20220218,20220218,112607500,11:26:09,8839,3,1600,132575,0,0,0
eb2202,20220218,20220218,112612000,11:26:14,8839,3,1600,132575,0,0,0
eb2202,20220218,20220218,112612500,11:26:14,8839,3,1600,132575,0,0,0
eb2202,20220218,20220218,112613000,11:26:15,8839,3,1600,132575,0,0,0
eb2202,20220218,20220218,112614500,11:26:15,8839,3,1600,132575,0,0,0
eb2202,20220218,20220218,112615000,11:26:16,8839,3,1600,132575,0,0,0
eb2202,20220218,20220218,112616000,11:26:16,8839,3,1600,132575,0,0,0
eb2202,20220218,20220218,112619500,11:26:20,8839,3,1600,132575,0,0,0
eb2202,20220218,20220218,112621000,11:26:21,8839,3,1600,132575,0,0,0
eb2202,20220218,20220218,112622000,11:26:22,8839,3,1600,132575,0,0,0
eb2202,20220218,20220218,112624000,11:26:24,8839,3,1600,132575,0,0,0
eb2202,20220218,20220218,112624500,11:26:24,8839,3,1600,132575,0,0,0
eb2202,20220218,20220218,112625000,11:26:25,8839,3,1600,132575,0,0,0
eb2202,20220218,20220218,112625500,11:26:25,8839,3,1600,132575,0,0,0
eb2202,20220218,20220218,112629500,11:26:30,8839,3,1600,132575,0,0,0
eb2202,20220218,20220218,112630500,11:26:31,8839,3,1600,132575,0,0,0
eb2202,20220218,20220218,112652500,11:27:10,8839,3,1600,132575,0,0,0
eb2202,20220218,20220218,112654000,11:27:12,8839,3,1600,132575,0,0,0
eb2202,20220218,20220218,112710000,11:27:12,8839,3,1600,132575,0,0,0
eb2202,20220218,20220218,112715500,11:27:16,8839,3,1600,132575,0,0,0
eb2202,20220218,20220218,112717000,11:27:17,8839,3,1600,132575,0,0,0
eb2202,20220218,20220218,112717500,11:27:17,8839,3,1600,132575,0,0,0
eb2202,20220218,20220218,112718500,11:27:19,8839,3,1600,132575,0,0,0
eb2202,20220218,20220218,112719500,11:27:20,8839,3,1600,132575,0,0,0
eb2202,20220218,20220218,112725000,11:27:27,8839,3,1600,132575,0,0,0
eb2202,20220218,20220218,112727500,11:27:27,8839,3,1600,132575,0,0,0
eb2202,20220218,20220218,112728000,11:27:28,8839,3,1600,132575,0,0,0
eb2202,20220218,20220218,112728500,11:27:28,8839,3,1600,132575,0,0,0
eb2202,20220218,20220218,112729000,11:27:29,8839,3,1600,132575,0,0,0
eb2202,20220218,20220218,112729500,11:27:29,8839,3,1600,132575,0,0,0
eb2202,20220218,20220218,112730000,11:27:30,8839,3,1600,132575,0,0,0
eb2202,20220218,20220218,112731000,11:27:32,8839,3,1600,132575,0,0,0
eb2202,20220218,20220218,112732000,11:27:35,8839,3,1600,132575,0,0,0
eb2202,20220218,20220218,112732500,11:27:36,8839,3,1600,132575,0,0,0
eb2202,20220218,20220218,112735500,11:27:36,8839,3,1600,132575,0,0,0
eb2202,20220218,20220218,112736500,11:27:38,8839,3,1600,132575,0,0,0
eb2202,20220218,20220218,112738000,11:27:38,8839,3,1600,132575,0,0,0
eb2202,20220218,20220218,112740500,11:27:40,8839,3,1600,132575,0,0,0
eb2202,20220218,20220218,112744000,11:27:44,8839,3,1600,132575,0,0,0
eb2202,20220218,20220218,112744500,11:27:45,8839,3,1600,132575,0,0,0
eb2202,20220218,20220218,112748500,11:27:54,8839,3,1600,132575,0,0,0
eb2202,20220218,20220218,112751000,11:27:54,8839,3,1600,132575,0,0,0
eb2202,20220218,20220218,112759500,11:27:59,8839,3,1600,132575,0,0,0
eb2202,20220218,20220218,112800500,11:28:01,8839,3,1600,132575,0,0,0
eb2202,20220218,20220218,112801000,11:28:01,8839,3,1600,132575,0,0,0
eb2202,20220218,20220218,112802000,11:28:03,8839,3,1600,132575,0,0,0
eb2202,20220218,20220218,112802500,11:28:03,8839,3,1600,132575,0,0,0
eb2202,20220218,20220218,112803000,11:28:04,8839,3,1600,132575,0,0,0
eb2202,20220218,20220218,112803500,11:28:04,8839,3,1600,132575,0,0,0
eb2202,20220218,20220218,112804000,11:28:04,8839,3,1600,132575,0,0,0
eb2202,20220218,20220218,112804500,11:28:05,8839,3,1600,132575,0,0,0
eb2202,20220218,20220218,112805000,11:28:06,8839,3,1600,132575,0,0,0
eb2202,20220218,20220218,112806500,11:28:10,8839,3,1600,132575,0,0,0
eb2202,20220218,20220218,112807500,11:28:11,8839,3,1600,132575,0,0,0
eb2202,20220218,20220218,112810000,11:28:11,8839,3,1600,132575,0,0,0
eb2202,20220218,20220218,112812000,11:28:12,8839,3,1600,132575,0,0,0
eb2202,20220218,20220218,112815000,11:28:15,8839,3,1600,132575,0,0,0
eb2202,20220218,20220218,112818000,11:28:18,8839,3,1600,132575,0,0,0
eb2202,20220218,20220218,112818500,11:28:18,8839,3,1600,132575,0,0,0
eb2202,20220218,20220218,112821000,11:28:21,8839,3,1600,132575,0,0,0
eb2202,20220218,20220218,112821500,11:28:22,8839,3,1600,132575,0,0,0
eb2202,20220218,20220218,112822000,11:28:22,8839,3,1600,132575,0,0,0
eb2202,20220218,20220218,112822500,11:28:22,8839,3,1600,132575,0,0,0
eb2202,20220218,20220218,112825000,11:28:25,8839,3,1600,132575,0,0,0
eb2202,20220218,20220218,112827000,11:28:27,8839,3,1600,132575,0,0,0
eb2202,20220218,20220218,112828000,11:28:28,8839,3,1600,132575,0,0,0
eb2202,20220218,20220218,112829500,11:28:29,8839,3,1600,132575,0,0,0
eb2202,20220218,20220218,112830500,11:28:31,8839,3,1600,132575,0,0,0
eb2202,20220218,20220218,112831000,11:28:31,8839,3,1600,132575,0,0,0
eb2202,20220218,20220218,112831500,11:28:31,8839,3,1600,132575,0,0,0
eb2202,20220218,20220218,112834000,11:28:34,8839,3,1600,132575,0,0,0
eb2202,20220218,20220218,112837000,11:28:37,8839,3,1600,132575,0,0,0
eb2202,20220218,20220218,112842000,11:28:42,8839,3,1600,132575,0,0,0
eb2202,20220218,20220218,112842500,11:28:42,8839,3,1600,132575,0,0,0
eb2202,20220218,20220218,112847000,11:28:47,8839,3,1600,132575,0,0,0
eb2202,20220218,20220218,112854500,11:28:54,8839,3,1600,132575,0,0,0
eb2202,20220218,20220218,112857500,11:28:58,8839,3,1600,132575,0,0,0
eb2202,20220218,20220218,112859500,11:29:00,8839,3,1600,132575,0,0,0
eb2202,20220218,20220218,112900000,11:29:00,8839,3,1600,132575,0,0,0
eb2202,20220218,20220218,112901500,11:29:01,8839,3,1600,132575,0,0,0
eb2202,20220218,20220218,112902000,11:29:02,8839,3,1600,132575,0,0,0
eb2202,20220218,20220218,112902500,11:29:03,8839,3,1600,132575,0,0,0
eb2202,20220218,20220218,112904000,11:29:04,8839,3,1600,132575,0,0,0
eb2202,20220218,20220218,112905000,11:29:05,8839,3,1600,132575,0,0,0
eb2202,20220218,20220218,112908500,11:29:08,8839,3,1600,132575,0,0,0
eb2202,20220218,20220218,112909000,11:29:09,8839,3,1600,132575,0,0,0
eb2202,20220218,20220218,112910000,11:29:10,8839,3,1600,132575,0,0,0
eb2202,20220218,20220218,112910500,11:29:10,8839,3,1600,132575,0,0,0
eb2202,20220218,20220218,112911000,11:29:11,8839,3,1600,132575,0,0,0
eb2202,20220218,20220218,112912000,11:29:12,8839,3,1600,132575,0,0,0
eb2202,20220218,20220218,112915000,11:29:15,8839,3,1600,132575,0,0,0
eb2202,20220218,20220218,112920000,11:29:21,8839,3,1600,132575,0,0,0
eb2202,20220218,20220218,112921000,11:29:22,8839,3,1600,132575,0,0,0
eb2202,20220218,20220218,112923000,11:29:24,8839,3,1600,132575,0,0,0
eb2202,20220218,20220218,112929500,11:29:29,8839,3,1600,132575,0,0,0
eb2202,20220218,20220218,112932500,11:29:36,8839,3,1600,132575,0,0,0
eb2202,20220218,20220218,112933000,11:29:37,8839,3,1600,132575,0,0,0
eb2202,20220218,20220218,112938500,11:29:39,8839,3,1600,132575,0,0,0
eb2202,20220218,20220218,112939000,11:29:39,8839,3,1600,132575,0,0,0
eb2202,20220218,20220218,112941500,11:29:42,8839,3,1600,132575,0,0,0
eb2202,20220218,20220218,112951500,11:29:52,8839,3,1600,132575,0,0,0
eb2202,20220218,20220218,112952000,11:29:52,8839,3,1600,132575,0,0,0
eb2202,20220218,20220218,112952500,11:29:53,8839,3,1600,132575,0,0,0
eb2202,20220218,20220218,112953000,11:29:53,8839,3,1600,132575,0,0,0
eb2202,20220218,20220218,112954000,11:29:54,8839,3,1600,132575,0,0,0
eb2202,20220218,20220218,112954500,11:29:54,8839,3,1600,132575,0,0,0
eb2202,20220218,20220218,112956000,11:29:56,8839,3,1600,132575,0,0,0
eb2202,20220218,20220218,112957000,11:30:00,8839,3,1600,132575,0,0,0
eb2202,20220218,20220218,112957500,11:30:02,8839,3,1600,132575,0,0,0
eb2202,20220218,20220218,112959500,11:30:02,8839,3,1600,132575,0,0,0
eb2202,20220218,20220218,113001000,11:30:03,8839,3,1600,132575,0,0,0
eb2202,20220218,20220218,113001500,11:30:03,8839,3,1600,132575,0,0,0
eb2202,20220218,20220218,133001500,13:30:02,8839,3,1600,132575,0,0,0
eb2202,20220218,20220218,133002000,13:30:08,8839,3,1600,132575,0,0,0
eb2202,20220218,20220218,133002500,13:30:09,8839,3,1600,132575,0,0,0
eb2202,20220218,20220218,133008500,13:30:10,8839,3,1600,132575,0,0,0
eb2202,20220218,20220218,133009500,13:30:10,8839,3,1600,132575,0,0,0
eb2202,20220218,20220218,133010000,13:30:11,8839,3,1600,132575,0,0,0
eb2202,20220218,20220218,133010500,13:30:12,8839,3,1600,132575,0,0,0
eb2202,20220218,20220218,133011000,13:30:12,8839,3,1600,132575,0,0,0
eb2202,20220218,20220218,133011500,13:30:13,8839,3,1600,132575,0,0,0
eb2202,20220218,20220218,133012500,13:30:13,8839,3,1600,132575,0,0,0
eb2202,20220218,20220218,133013000,13:30:13,8839,3,1600,132575,0,0,0
eb2202,20220218,20220218,133013500,13:30:14,8839,3,1600,132575,0,0,0
eb2202,20220218,20220218,133014500,13:30:17,8839,3,1600,132575,0,0,0
eb2202,20220218,20220218,133015000,13:30:17,8839,3,1600,132575,0,0,0
eb2202,20220218,20220218,133016000,13:30:18,8839,3,1600,132575,0,0,0
eb2202,20220218,20220218,133017000,13:30:18,8839,3,1600,132575,0,0,0
eb2202,20220218,20220218,133017500,13:30:19,8839,3,1600,132575,0,0,0
eb2202,20220218,20220218,133019000,13:30:20,8839,3,1600,132575,0,0,0
eb2202,20220218,20220218,133019500,13:30:20,8839,3,1600,132575,0,0,0
eb2202,20220218,20220218,133020000,13:30:21,8839,3,1600,132575,0,0,0
eb2202,20220218,20220218,133020500,13:30:21,8839,3,1600,132575,0,0,0
eb2202,20220218,20220218,133021500,13:30:22,8839,3,1600,132575,0,0,0
eb2202,20220218,20220218,133022000,13:30:38,8839,3,1600,132575,0,0,0
eb2202,20220218,20220218,133023000,13:30:38,8839,3,1600,132575,0,0,0
eb2202,20220218,20220218,133037500,13:30:40,8839,3,1600,132575,0,0,0
eb2202,20220218,20220218,133042500,13:30:44,8839,3,1600,132575,0,0,0
eb2202,20220218,20220218,133044500,13:30:46,8839,3,1600,132575,0,0,0
eb2202,20220218,20220218,133046000,13:30:47,8839,3,1600,132575,0,0,0
eb2202,20220218,20220218,133048500,13:30:49,8839,3,1600,132575,0,0,0
eb2202,20220218,20220218,133050500,13:30:51,8839,3,1600,132575,0,0,0
eb2202,20220218,20220218,133051000,13:30:52,8839,3,1600,132575,0,0,0
eb2202,20220218,20220218,133051500,13:30:52,8839,3,1600,132575,0,0,0
eb2202,20220218,20220218,133052000,13:30:53,8839,3,1600,132575,0,0,0
eb2202,20220218,20220218,133052500,13:30:53,8839,3,1600,132575,0,0,0
eb2202,20220218,20220218,133055500,13:30:56,8839,3,1600,132575,0,0,0
eb2202,20220218,20220218,133057000,13:30:58,8839,3,1600,132575,0,0,0
eb2202,20220218,20220218,133058000,13:30:58,8839,3,1600,132575,0,0,0
eb2202,20220218,20220218,133058500,13:30:59,8839,3,1600,132575,0,0,0
eb2202,20220218,20220218,133059500,13:31:00,8839,3,1600,132575,0,0,0
eb2202,20220218,20220218,133101000,13:31:01,8839,3,1600,132575,0,0,0
eb2202,20220218,20220218,133101500,13:31:01,8839,3,1600,132575,0,0,0
eb2202,20220218,20220218,133102000,13:31:02,8839,3,1600,132575,0,0,0
eb2202,20220218,20220218,133104000,13:31:06,8839,3,1600,132575,0,0,0
eb2202,20220218,20220218,133104500,13:31:07,8839,3,1600,132575,0,0,0
eb2202,20220218,20220218,133105500,13:31:08,8839,3,1600,132575,0,0,0
eb2202,20220218,20220218,133106000,13:31:08,8839,3,1600,132575,0,0,0
eb2202,20220218,20220218,133107000,13:31:08,8839,3,1600,132575,0,0,0
eb2202,20220218,20220218,133108500,13:31:09,8839,3,1600,132575,0,0,0
eb2202,20220218,20220218,133112000,13:31:12,8839,3,1600,132575,0,0,0
eb2202,20220218,20220218,133112500,13:31:13,8839,3,1600,132575,0,0,0
eb2202,20220218,20220218,133115500,13:31:16,8839,3,1600,132575,0,0,0
eb2202,20220218,20220218,133116000,13:31:16,8839,3,1600,132575,0,0,0
eb2202,20220218,20220218,133116500,13:31:17,8839,3,1600,132575,0,0,0
eb2202,20220218,20220218,133117000,13:31:17,8839,3,1600,132575,0,0,0
eb2202,20220218,20220218,133119000,13:31:19,8839,3,1600,132575,0,0,0
eb2202,20220218,20220218,133119500,13:31:20,8839,3,1600,132575,0,0,0
eb2202,20220218,20220218,133120000,13:31:20,8839,3,1600,132575,0,0,0
eb2202,20220218,20220218,133120500,13:31:21,8839,3,1600,132575,0,0,0
eb2202,20220218,20220218,133121000,13:31:21,8839,3,1600,132575,0,0,0
eb2202,20220218,20220218,133121500,13:31:22,8839,3,1600,132575,0,0,0
eb2202,20220218,20220218,133122000,13:31:22,8839,3,1600,132575,0,0,0
eb2202,20220218,20220218,133122500,13:31:23,8839,3,1600,132575,0,0,0
eb2202,20220218,20220218,133123000,13:31:25,8839,3,1600,132575,0,0,0
eb2202,20220218,20220218,133123500,13:31:25,8839,3,1600,132575,0,0,0
eb2202,20220218,20220218,133124500,13:31:25,8839,3,1600,132575,0,0,0
eb2202,20220218,20220218,133157500,13:31:57,8839,3,1600,132575,0,0,0
eb2202,20220218,20220218,133159000,13:31:59,8839,3,1600,132575,0,0,0
eb2202,20220218,20220218,133159500,13:32:00,8839,3,1600,132575,0,0,0
eb2202,20220218,20220218,133200500,13:32:01,8839,3,1600,132575,0,0,0
eb2202,20220218,20220218,133201000,13:32:01,8839,3,1600,132575,0,0,0
eb2202,20220218,20220218,133201500,13:32:01,8839,3,1600,132575,0,0,0
eb2202,20220218,20220218,133202000,13:32:03,8839,3,1600,132575,0,0,0
eb2202,20220218,20220218,133202500,13:32:03,8839,3,1600,132575,0,0,0
eb2202,20220218,20220218,133203000,13:32:04,8839,3,1600,132575,0,0,0
eb2202,20220218,20220218,133204000,13:32:05,8839,3,1600,132575,0,0,0
eb2202,20220218,20220218,133205000,13:32:06,8839,3,1600,132575,0,0,0
eb2202,20220218,20220218,133205500,13:32:06,8839,3,1600,132575,0,0,0
eb2202,20220218,20220218,133206000,13:32:06,8839,3,1600,132575,0,0,0
eb2202,20220218,20220218,133208500,13:32:10,8839,3,1600,132575,0,0,0
eb2202,20220218,20220218,133209000,13:32:10,8839,3,1600,132575,0,0,0
eb2202,20220218,20220218,133209500,13:32:10,8839,3,1600,132575,0,0,0
eb2202,20220218,20220218,133210000,13:32:10,8839,3,1600,132575,0,0,0
eb2202,20220218,20220218,133210500,13:32:13,8839,3,1600,132575,0,0,0
eb2202,20220218,20220218,133214000,13:32:15,8839,3,1600,132575,0,0,0
eb2202,20220218,20220218,133214500,13:32:16,8839,3,1600,132575,0,0,0
eb2202,20220218,20220218,133215500,13:32:16,8839,3,1600,132575,0,0,0
eb2202,20220218,20220218,133217000,13:32:17,8839,3,1600,132575,0,0,0
eb2202,20220218,20220218,133217500,13:32:18,8839,3,1600,132575,0,0,0
eb2202,20220218,20220218,133218000,13:32:18,8839,3,1600,132575,0,0,0
eb2202,20220218,20220218,133220500,13:32:21,8839,3,1600,132575,0,0,0
eb2202,20220218,20220218,133221000,13:32:21,8839,3,1600,132575,0,0,0
eb2202,20220218,20220218,133221500,13:32:22,8839,3,1600,132575,0,0,0
eb2202,20220218,20220218,133222000,13:32:22,8839,3,1600,132575,0,0,0
eb2202,20220218,20220218,133224500,13:32:24,8839,3,1600,132575,0,0,0
eb2202,20220218,20220218,133225500,13:32:25,8839,3,1600,132575,0,0,0
eb2202,20220218,20220218,133228500,13:32:32,8839,3,1600,132575,0,0,0
eb2202,20220218,20220218,133232000,13:32:35,8839,3,1600,132575,0,0,0
eb2202,20220218,20220218,133234000,13:32:35,8839,3,1600,132575,0,0,0
eb2202,20220218,20220218,133235500,13:32:36,8839,3,1600,132575,0,0,0
eb2202,20220218,20220218,133237000,13:32:37,8839,3,1600,132575,0,0,0
eb2202,20220218,20220218,133237500,13:32:38,8839,3,1600,132575,0,0,0
eb2202,20220218,20220218,133239500,13:32:40,8839,3,1600,132575,0,0,0
eb2202,20220218,20220218,133240000,13:32:40,8839,3,1600,132575,0,0,0
eb2202,20220218,20220218,133240500,13:32:40,8839,3,1600,132575,0,0,0
eb2202,20220218,20220218,133241500,13:32:42,8839,3,1600,132575,0,0,0
eb2202,20220218,20220218,133243000,13:32:43,8839,3,1600,132575,0,0,0
eb2202,20220218,20220218,133243500,13:32:43,8839,3,1600,132575,0,0,0
eb2202,20220218,20220218,133244000,13:32:44,8839,3,1600,132575,0,0,0
eb2202,20220218,20220218,133244500,13:32:45,8839,3,1600,132575,0,0,0
eb2202,20220218,20220218,133245500,13:32:45,8839,3,1600,132575,0,0,0
eb2202,20220218,20220218,133246500,13:32:47,8839,3,1600,132575,0,0,0
eb2202,20220218,20220218,133247000,13:32:47,8839,3,1600,132575,0,0,0
eb2202,20220218,20220218,133247500,13:32:48,8839,3,1600,132575,0,0,0
eb2202,20220218,20220218,133248000,13:32:48,8839,3,1600,132575,0,0,0
eb2202,20220218,20220218,133248500,13:32:49,8839,3,1600,132575,0,0,0
eb2202,20220218,20220218,133249000,13:32:49,8839,3,1600,132575,0,0,0
eb2202,20220218,20220218,133251000,13:32:52,8839,3,1600,132575,0,0,0
eb2202,20220218,20220218,133251500,13:32:53,8839,3,1600,132575,0,0,0
eb2202,20220218,20220218,133254000,13:32:54,8839,3,1600,132575,0,0,0
eb2202,20220218,20220218,133254500,13:32:55,8839,3,1600,132575,0,0,0
eb2202,20220218,20220218,133256000,13:32:56,8839,3,1600,132575,0,0,0
eb2202,20220218,20220218,133257500,13:33:00,8839,3,1600,132575,0,0,0
eb2202,20220218,20220218,133259500,13:33:01,8839,3,1600,132575,0,0,0
eb2202,20220218,20220218,133300000,13:33:01,8839,3,1600,132575,0,0,0
eb2202,20220218,20220218,133300500,13:33:01,8839,3,1600,132575,0,0,0
eb2202,20220218,20220218,133302000,13:33:02,8839,3,1600,132575,0,0,0
eb2202,20220218,20220218,133302500,13:33:03,8839,3,1600,132575,0,0,0
eb2202,20220218,20220218,133303000,13:33:03,8839,3,1600,132575,0,0,0
eb2202,20220218,20220218,133304000,13:33:04,8839,3,1600,132575,0,0,0
eb2202,20220218,20220218,133304500,13:33:05,8839,3,1600,132575,0,0,0
eb2202,20220218,20220218,133305000,13:33:05,8839,3,1600,132575,0,0,0
eb2202,20220218,20220218,133305500,13:33:05,8839,3,1600,132575,0,0,0
eb2202,20220218,20220218,133306500,13:33:06,8839,3,1600,132575,0,0,0
eb2202,20220218,20220218,133307000,13:33:07,8839,3,1600,132575,0,0,0
eb2202,20220218,20220218,133310500,13:33:12,8839,3,1600,132575,0,0,0
eb2202,20220218,20220218,133311000,13:33:13,8839,3,1600,132575,0,0,0
eb2202,20220218,20220218,133313500,13:33:15,8839,3,1600,132575,0,0,0
eb2202,20220218,20220218,133316000,13:33:18,8839,3,1600,132575,0,0,0
eb2202,20220218,20220218,133321500,13:33:22,8839,3,1600,132575,0,0,0
eb2202,20220218,20220218,133322000,13:33:22,8839,3,1600,132575,0,0,0
eb2202,20220218,20220218,133324000,13:33:24,8839,3,1600,132575,0,0,0
eb2202,20220218,20220218,133324500,13:33:25,8839,3,1600,132575,0,0,0
eb2202,20220218,20220218,133325000,13:33:26,8839,3,1600,132575,0,0,0
eb2202,20220218,20220218,133325500,13:33:26,8839,3,1600,132575,0,0,0
eb2202,20220218,20220218,133326000,13:33:28,8839,3,1600,132575,0,0,0
eb2202,20220218,20220218,133327000,13:33:29,8839,3,1600,132575,0,0,0
eb2202,20220218,20220218,133327500,13:33:30,8839,3,1600,132575,0,0,0
eb2202,20220218,20220218,133328500,13:33:30,8839,3,1600,132575,0,0,0
eb2202,20220218,20220218,133329000,13:33:30,8839,3,1600,132575,0,0,0
eb2202,20220218,20220218,133329500,13:33:30,8839,3,1600,132575,0,0,0
eb2202,20220218,20220218,133330000,13:33:30,8839,3,1600,132575,0,0,0
eb2202,20220218,20220218,133330500,13:33:31,8839,3,1600,132575,0,0,0
eb2202,20220218,20220218,133331000,13:33:32,8839,3,1600,132575,0,0,0
eb2202,20220218,20220218,133331500,13:33:32,8839,3,1600,132575,0,0,0
eb2202,20220218,20220218,133332000,13:33:32,8839,3,1600,132575,0,0,0
eb2202,20220218,20220218,133332500,13:33:32,8839,3,1600,132575,0,0,0
eb2202,20220218,20220218,133333000,13:33:33,8839,3,1600,132575,0,0,0
eb2202,20220218,20220218,133333500,13:33:33,8839,3,1600,132575,0,0,0
eb2202,20220218,20220218,133334000,13:33:34,8839,3,1600,132575,0,0,0
eb2202,20220218,20220218,133335500,13:33:35,8839,3,1600,132575,0,0,0
eb2202,20220218,20220218,133336000,13:33:36,8839,3,1600,132575,0,0,0
eb2202,20220218,20220218,133337500,13:33:37,8839,3,1600,132575,0,0,0
eb2202,20220218,20220218,133338000,13:33:38,8839,3,1600,132575,0,0,0
eb2202,20220218,20220218,133340000,13:33:40,8839,3,1600,132575,0,0,0
eb2202,20220218,20220218,133340500,13:33:41,8839,3,1600,132575,0,0,0
eb2202,20220218,20220218,133341000,13:33:41,8839,3,1600,132575,0,0,0
eb2202,20220218,20220218,133342000,13:33:42,8839,3,1600,132575,0,0,0
eb2202,20220218,20220218,133350500,13:33:50,8839,3,1600,132575,0,0,0
eb2202,20220218,20220218,133351000,13:33:51,8839,3,1600,132575,0,0,0
eb2202,20220218,20220218,133351500,13:33:52,8839,3,1600,132575,0,0,0
eb2202,20220218,20220218,133352000,13:33:52,8839,3,1600,132575,0,0,0
eb2202,20220218,20220218,133352500,13:33:52,8839,3,1600,132575,0,0,0
eb2202,20220218,20220218,133353000,13:33:53,8839,3,1600,132575,0,0,0
eb2202,20220218,20220218,133353500,13:33:53,8839,3,1600,132575,0,0,0
eb2202,20220218,20220218,133354000,13:33:54,8839,3,1600,132575,0,0,0
eb2202,20220218,20220218,133354500,13:33:54,8839,3,1600,132575,0,0,0
eb2202,20220218,20220218,133355000,13:33:56,8839,3,1600,132575,0,0,0
eb2202,20220218,20220218,133355500,13:33:56,8839,3,1600,132575,0,0,0
eb2202,20220218,20220218,133356000,13:33:56,8839,3,1600,132575,0,0,0
eb2202,20220218,20220218,133357000,13:33:57,8839,3,1600,132575,0,0,0
eb2202,20220218,20220218,133357500,13:33:58,8839,3,1600,132575,0,0,0
eb2202,20220218,20220218,133358000,13:33:58,8839,3,1600,132575,0,0,0
eb2202,20220218,20220218,133358500,13:33:58,8839,3,1600,132575,0,0,0
eb2202,20220218,20220218,133359000,13:33:59,8839,3,1600,132575,0,0,0
eb2202,20220218,20220218,133359500,13:33:59,8839,3,1600,132575,0,0,0
eb2202,20220218,20220218,133400000,13:34:00,8839,3,1600,132575,0,0,0
eb2202,20220218,20220218,133401000,13:34:01,8839,3,1600,132575,0,0,0
eb2202,20220218,20220218,133401500,13:34:02,8839,3,1600,132575,0,0,0
eb2202,20220218,20220218,133402000,13:34:02,8839,3,1600,132575,0,0,0
eb2202,20220218,20220218,133402500,13:34:10,8839,3,1600,132575,0,0,0
eb2202,20220218,20220218,133403000,13:34:10,8839,3,1600,132575,0,0,0
eb2202,20220218,20220218,133410000,13:34:12,8839,3,1600,132575,0,0,0
eb2202,20220218,20220218,133410500,13:34:12,8839,3,1600,132575,0,0,0
eb2202,20220218,20220218,133411000,13:34:12,8839,3,1600,132575,0,0,0
eb2202,20220218,20220218,133411500,13:34:12,8839,3,1600,132575,0,0,0
eb2202,20220218,20220218,133412000,13:34:12,8839,3,1600,132575,0,0,0
eb2202,20220218,20220218,133413000,13:34:13,8839,3,1600,132575,0,0,0
eb2202,20220218,20220218,133415500,13:34:16,8839,3,1600,132575,0,0,0
eb2202,20220218,20220218,133416000,13:34:16,8839,3,1600,132575,0,0,0
eb2202,20220218,20220218,133417000,13:34:17,8839,3,1600,132575,0,0,0
eb2202,20220218,20220218,133417500,13:34:17,8839,3,1600,132575,0,0,0
eb2202,20220218,20220218,133418000,13:34:18,8839,3,1600,132575,0,0,0
eb2202,20220218,20220218,133418500,13:34:19,8839,3,1600,132575,0,0,0
eb2202,20220218,20220218,133419000,13:34:19,8839,3,1600,132575,0,0,0
eb2202,20220218,20220218,133419500,13:34:20,8839,3,1600,132575,0,0,0
eb2202,20220218,20220218,133424000,13:34:24,8839,3,1600,132575,0,0,0
eb2202,20220218,20220218,133424500,13:34:24,8839,3,1600,132575,0,0,0
eb2202,20220218,20220218,133425000,13:34:25,8839,3,1600,132575,0,0,0
eb2202,20220218,20220218,133425500,13:34:25,8839,3,1600,132575,0,0,0
eb2202,20220218,20220218,133427500,13:34:27,8839,3,1600,132575,0,0,0
eb2202,20220218,20220218,133428000,13:34:28,8839,3,1600,132575,0,0,0
eb2202,20220218,20220218,133431500,13:34:31,8839,3,1600,132575,0,0,0
eb2202,20220218,20220218,133432000,13:34:32,8839,3,1600,132575,0,0,0
eb2202,20220218,20220218,133433000,13:34:33,8839,3,1600,132575,0,0,0
eb2202,20220218,20220218,133433500,13:34:34,8839,3,1600,132575,0,0,0
eb2202,20220218,20220218,133434000,13:34:34,8839,3,1600,132575,0,0,0
eb2202,20220218,20220218,133437500,13:34:38,8839,3,1600,132575,0,0,0
eb2202,20220218,20220218,133438000,13:34:38,8839,3,1600,132575,0,0,0
eb2202,20220218,20220218,133438500,13:34:38,8839,3,1600,132575,0,0,0
eb2202,20220218,20220218,133439000,13:34:39,8839,3,1600,132575,0,0,0
eb2202,20220218,20220218,133439500,13:34:39,8839,3,1600,132575,0,0,0
eb2202,20220218,20220218,133440500,13:34:41,8839,3,1600,132575,0,0,0
eb2202,20220218,20220218,133441000,13:34:41,8839,3,1600,132575,0,0,0
eb2202,20220218,20220218,133441500,13:34:42,8839,3,1600,132575,0,0,0
eb2202,20220218,20220218,133442000,13:34:43,8839,3,1600,132575,0,0,0
eb2202,20220218,20220218,133442500,13:34:44,8839,3,1600,132575,0,0,0
eb2202,20220218,20220218,133443000,13:34:45,8839,3,1600,132575,0,0,0
eb2202,20220218,20220218,133443500,13:34:45,8839,3,1600,132575,0,0,0
eb2202,20220218,20220218,133444500,13:34:46,8839,3,1600,132575,0,0,0
eb2202,20220218,20220218,133445500,13:34:46,8839,3,1600,132575,0,0,0
eb2202,20220218,20220218,133446000,13:34:46,8839,3,1600,132575,0,0,0
eb2202,20220218,20220218,133447000,13:34:47,8839,3,1600,132575,0,0,0
eb2202,20220218,20220218,133448000,13:34:48,8839,3,1600,132575,0,0,0
eb2202,20220218,20220218,133450000,13:34:51,8839,3,1600,132575,0,0,0
eb2202,20220218,20220218,133450500,13:34:51,8839,3,1600,132575,0,0,0
eb2202,20220218,20220218,133452000,13:34:52,8839,3,1600,132575,0,0,0
eb2202,20220218,20220218,133453000,13:34:53,8839,3,1600,132575,0,0,0
eb2202,20220218,20220218,133453500,13:34:55,8839,3,1600,132575,0,0,0
eb2202,20220218,20220218,133454500,13:34:56,8839,3,1600,132575,0,0,0
eb2202,20220218,20220218,133455000,13:34:56,8839,3,1600,132575,0,0,0
eb2202,20220218,20220218,133458000,13:34:58,8839,3,1600,132575,0,0,0
eb2202,20220218,20220218,133459000,13:34:59,8839,3,1600,132575,0,0,0
eb2202,20220218,20220218,133459500,13:35:00,8839,3,1600,132575,0,0,0
eb2202,20220218,20220218,133501000,13:35:04,8839,3,1600,132575,0,0,0
eb2202,20220218,20220218,133501500,13:35:04,8839,3,1600,132575,0,0,0
eb2202,20220218,20220218,133502000,13:35:10,8839,3,1600,132575,0,0,0
eb2202,20220218,20220218,133503500,13:35:10,8839,3,1600,132575,0,0,0
eb2202,20220218,20220218,133508500,13:35:10,8839,3,1600,132575,0,0,0
eb2202,20220218,20220218,133511000,13:35:11,8839,3,1600,132575,0,0,0
eb2202,20220218,20220218,133511500,13:35:12,8839,3,1600,132575,0,0,0
eb2202,20220218,20220218,133512000,13:35:12,8839,3,1600,132575,0,0,0
eb2202,20220218,20220218,133512500,13:35:13,8839,3,1600,132575,0,0,0
eb2202,20220218,20220218,133514000,13:35:14,8839,3,1600,132575,0,0,0
eb2202,20220218,20220218,133514500,13:35:15,8839,3,1600,132575,0,0,0
eb2202,20220218,20220218,133515000,13:35:15,8839,3,1600,132575,0,0,0
eb2202,20220218,20220218,133515500,13:35:16,8839,3,1600,132575,0,0,0
eb2202,20220218,20220218,133516500,13:35:16,8839,3,1600,132575,0,0,0
eb2202,20220218,20220218,133517000,13:35:17,8839,3,1600,132575,0,0,0
eb2202,20220218,20220218,133519500,13:35:20,8839,3,1600,132575,0,0,0
eb2202,20220218,20220218,133520000,13:35:20,8839,3,1600,132575,0,0,0
eb2202,20220218,20220218,133520500,13:35:21,8839,3,1600,132575,0,0,0
eb2202,20220218,20220218,133521500,13:35:22,8839,3,1600,132575,0,0,0
eb2202,20220218,20220218,133522500,13:35:23,8839,3,1600,132575,0,0,0
eb2202,20220218,20220218,133523000,13:35:23,8839,3,1600,132575,0,0,0
eb2202,20220218,20220218,133524500,13:35:25,8839,3,1600,132575,0,0,0
eb2202,20220218,20220218,133525000,13:35:25,8839,3,1600,132575,0,0,0
eb2202,20220218,20220218,133528000,13:35:32,8839,3,1600,132575,0,0,0
eb2202,20220218,20220218,133528500,13:35:32,8839,3,1600,132575,0,0,0
eb2202,20220218,20220218,133531000,13:35:33,8839,3,1600,132575,0,0,0
eb2202,20220218,20220218,133531500,13:35:41,8839,3,1600,132575,0,0,0
eb2202,20220218,20220218,133532000,13:35:41,8839,3,1600,132575,0,0,0
eb2202,20220218,20220218,133539500,13:35:43,8839,3,1600,132575,0,0,0
eb2202,20220218,20220218,133544500,13:35:45,8839,3,1600,132575,0,0,0
eb2202,20220218,20220218,133545000,13:35:46,8839,3,1600,132575,0,0,0
eb2202,20220218,20220218,133545500,13:35:46,8839,3,1600,132575,0,0,0
eb2202,20220218,20220218,133546000,13:35:46,8839,3,1600,132575,0,0,0
eb2202,20220218,20220218,133547500,13:35:48,8839,3,1600,132575,0,0,0
eb2202,20220218,20220218,133548000,13:35:48,8839,3,1600,132575,0,0,0
eb2202,20220218,20220218,133550000,13:35:50,8839,3,1600,132575,0,0,0
eb2202,20220218,20220218,133550500,13:35:50,8839,3,1600,132575,0,0,0
eb2202,20220218,20220218,133551000,13:35:51,8839,3,1600,132575,0,0,0
eb2202,20220218,20220218,133551500,13:35:51,8839,3,1600,132575,0,0,0
eb2202,20220218,20220218,133552500,13:35:52,8839,3,1600,132575,0,0,0
eb2202,20220218,20220218,133553000,13:35:53,8839,3,1600,132575,0,0,0
eb2202,20220218,20220218,133554000,13:35:55,8839,3,1600,132575,0,0,0
eb2202,20220218,20220218,133558000,13:36:01,8839,3,1600,132575,0,0,0
eb2202,20220218,20220218,133558500,13:36:03,8839,3,1600,132575,0,0,0
eb2202,20220218,20220218,133559500,13:36:03,8839,3,1600,132575,0,0,0
eb2202,20220218,20220218,133601000,13:36:03,8839,3,1600,132575,0,0,0
eb2202,20220218,20220218,133603000,13:36:05,8839,3,1600,132575,0,0,0
eb2202,20220218,20220218,133604000,13:36:06,8839,3,1600,132575,0,0,0
eb2202,20220218,20220218,133604500,13:36:06,8839,3,1600,132575,0,0,0
eb2202,20220218,20220218,133606500,13:36:07,8839,3,1600,132575,0,0,0
eb2202,20220218,20220218,133607000,13:36:07,8839,3,1600,132575,0,0,0
eb2202,20220218,20220218,133607500,13:36:08,8839,3,1600,132575,0,0,0
eb2202,20220218,20220218,133608000,13:36:08,8839,3,1600,132575,0,0,0
eb2202,20220218,20220218,133608500,13:36:08,8839,3,1600,132575,0,0,0
eb2202,20220218,20220218,133609000,13:36:09,8839,3,1600,132575,0,0,0
eb2202,20220218,20220218,133609500,13:36:10,8839,3,1600,132575,0,0,0
eb2202,20220218,20220218,133610000,13:36:10,8839,3,1600,132575,0,0,0
eb2202,20220218,20220218,133611000,13:36:11,8839,3,1600,132575,0,0,0
eb2202,20220218,20220218,133611500,13:36:12,8839,3,1600,132575,0,0,0
eb2202,20220218,20220218,133612000,13:36:12,8839,3,1600,132575,0,0,0
eb2202,20220218,20220218,133614000,13:36:14,8839,3,1600,132575,0,0,0
eb2202,20220218,20220218,133614500,13:36:14,8839,3,1600,132575,0,0,0
eb2202,20220218,20220218,133615000,13:36:15,8839,3,1600,132575,0,0,0
eb2202,20220218,20220218,133616500,13:36:17,8839,3,1600,132575,0,0,0
eb2202,20220218,20220218,133618000,13:36:19,8839,3,1600,132575,0,0,0
eb2202,20220218,20220218,133618500,13:36:19,8839,3,1600,132575,0,0,0
eb2202,20220218,20220218,133621000,13:36:21,8839,3,1600,132575,0,0,0
eb2202,20220218,20220218,133621500,13:36:21,8839,3,1600,132575,0,0,0
eb2202,20220218,20220218,133622000,13:36:22,8839,3,1600,132575,0,0,0
eb2202,20220218,20220218,133623000,13:36:23,8839,3,1600,132575,0,0,0
eb2202,20220218,20220218,133624000,13:36:24,8839,3,1600,132575,0,0,0
eb2202,20220218,20220218,133626500,13:36:27,8839,3,1600,132575,0,0,0
eb2202,20220218,20220218,133627000,13:36:28,8839,3,1600,132575,0,0,0
eb2202,20220218,20220218,133627500,13:36:28,8839,3,1600,132575,0,0,0
eb2202,20220218,20220218,133628500,13:36:29,8839,3,1600,132575,0,0,0
eb2202,20220218,20220218,133629000,13:36:29,8839,3,1600,132575,0,0,0
eb2202,20220218,20220218,133630500,13:36:31,8839,3,1600,132575,0,0,0
eb2202,20220218,20220218,133631000,13:36:31,8839,3,1600,132575,0,0,0
eb2202,20220218,20220218,133632000,13:36:32,8839,3,1600,132575,0,0,0
eb2202,20220218,20220218,133632500,13:36:32,8839,3,1600,132575,0,0,0
eb2202,20220218,20220218,133634000,13:36:34,8839,3,1600,132575,0,0,0
eb2202,20220218,20220218,133635500,13:36:36,8839,3,1600,132575,0,0,0
eb2202,20220218,20220218,133636500,13:36:36,8839,3,1600,132575,0,0,0
eb2202,20220218,20220218,133637000,13:36:38,8839,3,1600,132575,0,0,0
eb2202,20220218,20220218,133638500,13:36:39,8839,3,1600,132575,0,0,0
eb2202,20220218,20220218,133639500,13:36:39,8839,3,1600,132575,0,0,0
eb2202,20220218,20220218,133640500,13:36:40,8839,3,1600,132575,0,0,0
eb2202,20220218,20220218,133641500,13:36:41,8839,3,1600,132575,0,0,0
eb2202,20220218,20220218,133642500,13:36:42,8839,3,1600,132575,0,0,0
eb2202,20220218,20220218,133643500,13:36:44,8839,3,1600,132575,0,0,0
eb2202,20220218,20220218,133644500,13:36:44,8839,3,1600,132575,0,0,0
eb2202,20220218,20220218,133648500,13:36:48,8839,3,1600,132575,0,0,0
eb2202,20220218,20220218,133650000,13:36:50,8839,3,1600,132575,0,0,0
eb2202,20220218,20220218,133650500,13:36:50,8839,3,1600,132575,0,0,0
eb2202,20220218,20220218,133651500,13:36:51,8839,3,1600,132575,0,0,0
eb2202,20220218,20220218,133652000,13:36:52,8839,3,1600,132575,0,0,0
eb2202,20220218,20220218,133653000,13:36:53,8839,3,1600,132575,0,0,0
eb2202,20220218,20220218,133658000,13:36:58,8839,3,1600,132575,0,0,0
eb2202,20220218,20220218,133659000,13:36:59,8839,3,1600,132575,0,0,0
eb2202,20220218,20220218,133659500,13:36:59,8839,3,1600,132575,0,0,0
eb2202,20220218,20220218,133700000,13:37:00,8839,3,1600,132575,0,0,0
eb2202,20220218,20220218,133702000,13:37:02,8839,3,1600,132575,0,0,0
eb2202,20220218,20220218,133702500,13:37:03,8839,3,1600,132575,0,0,0
eb2202,20220218,20220218,133706000,13:37:08,8839,3,1600,132575,0,0,0
eb2202,20220218,20220218,133710000,13:37:11,8839,3,1600,132575,0,0,0
eb2202,20220218,20220218,133710500,13:37:11,8839,3,1600,132575,0,0,0
eb2202,20220218,20220218,133711000,13:37:11,8839,3,1600,132575,0,0,0
eb2202,20220218,20220218,133711500,13:37:13,8839,3,1600,132575,0,0,0
eb2202,20220218,20220218,133713500,13:37:14,8839,3,1600,132575,0,0,0
eb2202,20220218,20220218,133714500,13:37:15,8839,3,1600,132575,0,0,0
eb2202,20220218,20220218,133718000,13:37:18,8839,3,1600,132575,0,0,0
eb2202,20220218,20220218,133728500,13:37:28,8839,3,1600,132575,0,0,0
eb2202,20220218,20220218,133729500,13:37:30,8839,3,1600,132575,0,0,0
eb2202,20220218,20220218,133730000,13:37:30,8839,3,1600,132575,0,0,0
eb2202,20220218,20220218,133730500,13:37:31,8839,3,1600,132575,0,0,0
eb2202,20220218,20220218,133737500,13:37:37,8839,3,1600,132575,0,0,0
eb2202,20220218,20220218,133738000,13:37:38,8839,3,1600,132575,0,0,0
eb2202,20220218,20220218,133738500,13:37:39,8839,3,1600,132575,0,0,0
eb2202,20220218,20220218,133739000,13:37:39,8839,3,1600,132575,0,0,0
eb2202,20220218,20220218,133740500,13:37:40,8839,3,1600,132575,0,0,0
eb2202,20220218,20220218,133741000,13:37:41,8839,3,1600,132575,0,0,0
eb2202,20220218,20220218,133741500,13:37:41,8839,3,1600,132575,0,0,0
eb2202,20220218,20220218,133755500,13:37:55,8839,3,1600,132575,0,0,0
eb2202,20220218,20220218,133758000,13:37:58,8839,3,1600,132575,0,0,0
eb2202,20220218,20220218,133758500,13:37:59,8839,3,1600,132575,0,0,0
eb2202,20220218,20220218,133800000,13:38:02,8839,3,1600,132575,0,0,0
eb2202,20220218,20220218,133802000,13:38:03,8839,3,1600,132575,0,0,0
eb2202,20220218,20220218,133802500,13:38:05,8839,3,1600,132575,0,0,0
eb2202,20220218,20220218,133803500,13:38:06,8839,3,1600,132575,0,0,0
eb2202,20220218,20220218,133810500,13:38:10,8839,3,1600,132575,0,0,0
eb2202,20220218,20220218,133814500,13:38:17,8839,3,1600,132575,0,0,0
eb2202,20220218,20220218,133817000,13:38:18,8839,3,1600,132575,0,0,0
eb2202,20220218,20220218,133819000,13:38:19,8839,3,1600,132575,0,0,0
eb2202,20220218,20220218,133819500,13:38:19,8839,3,1600,132575,0,0,0
eb2202,20220218,20220218,133824000,13:38:24,8839,3,1600,132575,0,0,0
eb2202,20220218,20220218,133840500,13:38:43,8839,3,1600,132575,0,0,0
eb2202,20220218,20220218,133851000,13:38:51,8839,3,1600,132575,0,0,0
eb2202,20220218,20220218,133853500,13:38:53,8839,3,1600,132575,0,0,0
eb2202,20220218,20220218,133857000,13:38:57,8839,3,1600,132575,0,0,0
eb2202,20220218,20220218,133859500,13:38:59,8839,3,1600,132575,0,0,0
eb2202,20220218,20220218,133901500,13:39:01,8839,3,1600,132575,0,0,0
eb2202,20220218,20220218,133909000,13:39:09,8839,3,1600,132575,0,0,0
eb2202,20220218,20220218,133910500,13:39:10,8839,3,1600,132575,0,0,0
eb2202,20220218,20220218,133913500,13:39:13,8839,3,1600,132575,0,0,0
eb2202,20220218,20220218,133914000,13:39:15,8839,3,1600,132575,0,0,0
eb2202,20220218,20220218,133914500,13:39:16,8839,3,1600,132575,0,0,0
eb2202,20220218,20220218,133919000,13:39:19,8839,3,1600,132575,0,0,0
eb2202,20220218,20220218,133920500,13:39:20,8839,3,1600,132575,0,0,0
eb2202,20220218,20220218,133923500,13:39:23,8839,3,1600,132575,0,0,0
eb2202,20220218,20220218,133924000,13:39:24,8839,3,1600,132575,0,0,0
eb2202,20220218,20220218,133925000,13:39:25,8839,3,1600,132575,0,0,0
eb2202,20220218,20220218,133927500,13:39:27,8839,3,1600,132575,0,0,0
eb2202,20220218,20220218,133930500,13:39:30,8839,3,1600,132575,0,0,0
eb2202,20220218,20220218,133935500,13:39:35,8839,3,1600,132575,0,0,0
eb2202,20220218,20220218,133937000,13:39:37,8839,3,1600,132575,0,0,0
eb2202,20220218,20220218,133937500,13:39:37,8839,3,1600,132575,0,0,0
eb2202,20220218,20220218,133938500,13:39:38,8839,3,1600,132575,0,0,0
eb2202,20220218,20220218,133940000,13:39:40,8839,3,1600,132575,0,0,0
eb2202,20220218,20220218,133941000,13:39:41,8839,3,1600,132575,0,0,0
eb2202,20220218,20220218,133945000,13:39:45,8839,3,1600,132575,0,0,0
eb2202,20220218,20220218,133945500,13:39:46,8839,3,1600,132575,0,0,0
eb2202,20220218,20220218,133946000,13:39:47,8839,3,1600,132575,0,0,0
eb2202,20220218,20220218,133950000,13:39:50,8839,3,1600,132575,0,0,0
eb2202,20220218,20220218,133951000,13:39:51,8839,3,1600,132575,0,0,0
eb2202,20220218,20220218,133956000,13:39:56,8839,3,1600,132575,0,0,0
eb2202,20220218,20220218,133958500,13:40:13,8839,3,1600,132575,0,0,0
eb2202,20220218,20220218,134012000,13:40:13,8839,3,1600,132575,0,0,0
eb2202,20220218,20220218,134013000,13:40:13,8839,3,1600,132575,0,0,0
eb2202,20220218,20220218,134013500,13:40:13,8839,3,1600,132575,0,0,0
eb2202,20220218,20220218,134014000,13:40:14,8839,3,1600,132575,0,0,0
eb2202,20220218,20220218,134014500,13:40:15,8839,3,1600,132575,0,0,0
eb2202,20220218,20220218,134015000,13:40:16,8839,3,1600,132575,0,0,0
eb2202,20220218,20220218,134015500,13:40:16,8839,3,1600,132575,0,0,0
eb2202,20220218,20220218,134016000,13:40:16,8839,3,1600,132575,0,0,0
eb2202,20220218,20220218,134016500,13:40:16,8839,3,1600,132575,0,0,0
eb2202,20220218,20220218,134020000,13:40:20,8839,3,1600,132575,0,0,0
eb2202,20220218,20220218,134020500,13:40:21,8839,3,1600,132575,0,0,0
eb2202,20220218,20220218,134021000,13:40:21,8839,3,1600,132575,0,0,0
eb2202,20220218,20220218,134023000,13:40:23,8839,3,1600,132575,0,0,0
eb2202,20220218,20220218,134025500,13:40:26,8839,3,1600,132575,0,0,0
eb2202,20220218,20220218,134026000,13:40:26,8839,3,1600,132575,0,0,0
eb2202,20220218,20220218,134028500,13:40:29,8839,3,1600,132575,0,0,0
eb2202,20220218,20220218,134030500,13:40:31,8839,3,1600,132575,0,0,0
eb2202,20220218,20220218,134033500,13:40:34,8839,3,1600,132575,0,0,0
eb2202,20220218,20220218,134034000,13:40:34,8839,3,1600,132575,0,0,0
eb2202,20220218,20220218,134038500,13:40:39,8839,3,1600,132575,0,0,0
eb2202,20220218,20220218,134040000,13:40:41,8839,3,1600,132575,0,0,0
eb2202,20220218,20220218,134043000,13:40:43,8839,3,1600,132575,0,0,0
eb2202,20220218,20220218,134044000,13:40:44,8839,3,1600,132575,0,0,0
eb2202,20220218,20220218,134044500,13:40:44,8839,3,1600,132575,0,0,0
eb2202,20220218,20220218,134100000,13:41:00,8839,3,1600,132575,0,0,0
eb2202,20220218,20220218,134103500,13:41:05,8839,3,1600,132575,0,0,0
eb2202,20220218,20220218,134104000,13:41:05,8839,3,1600,132575,0,0,0
eb2202,20220218,20220218,134105500,13:41:06,8839,3,1600,132575,0,0,0
eb2202,20220218,20220218,134106500,13:41:07,8839,3,1600,132575,0,0,0
eb2202,20220218,20220218,134107000,13:41:07,8839,3,1600,132575,0,0,0
eb2202,20220218,20220218,134107500,13:41:09,8839,3,1600,132575,0,0,0
eb2202,20220218,20220218,134108500,13:41:10,8839,3,1600,132575,0,0,0
eb2202,20220218,20220218,134109000,13:41:10,8839,3,1600,132575,0,0,0
eb2202,20220218,20220218,134110000,13:41:10,8839,3,1600,132575,0,0,0
eb2202,20220218,20220218,134110500,13:41:10,8839,3,1600,132575,0,0,0
eb2202,20220218,20220218,134112500,13:41:12,8839,3,1600,132575,0,0,0
eb2202,20220218,20220218,134114000,13:41:14,8839,3,1600,132575,0,0,0
eb2202,20220218,20220218,134116500,13:41:17,8839,3,1600,132575,0,0,0
eb2202,20220218,20220218,134117000,13:41:17,8839,3,1600,132575,0,0,0
eb2202,20220218,20220218,134120500,13:41:23,8839,3,1600,132575,0,0,0
eb2202,20220218,20220218,134121000,13:41:23,8839,3,1600,132575,0,0,0
eb2202,20220218,20220218,134121500,13:41:23,8839,3,1600,132575,0,0,0
eb2202,20220218,20220218,134125500,13:41:27,8839,3,1600,132575,0,0,0
eb2202,20220218,20220218,134128500,13:41:28,8839,3,1600,132575,0,0,0
eb2202,20220218,20220218,134129000,13:41:29,8839,3,1600,132575,0,0,0
eb2202,20220218,20220218,134130500,13:41:31,8839,3,1600,132575,0,0,0
eb2202,20220218,20220218,134131000,13:41:31,8839,3,1600,132575,0,0,0
eb2202,20220218,20220218,134131500,13:41:32,8839,3,1600,132575,0,0,0
eb2202,20220218,20220218,134138500,13:41:42,8839,3,1600,132575,0,0,0
eb2202,20220218,20220218,134140000,13:41:42,8839,3,1600,132575,0,0,0
eb2202,20220218,20220218,134143500,13:41:44,8839,3,1600,132575,0,0,0
eb2202,20220218,20220218,134145000,13:41:45,8839,3,1600,132575,0,0,0
eb2202,20220218,20220218,134146500,13:41:47,8839,3,1600,132575,0,0,0
eb2202,20220218,20220218,134148000,13:41:48,8839,3,1600,132575,0,0,0
eb2202,20220218,20220218,134149500,13:41:50,8839,3,1600,132575,0,0,0
eb2202,20220218,20220218,134152000,13:41:52,8839,3,1600,132575,0,0,0
eb2202,20220218,20220218,134153000,13:41:53,8839,3,1600,132575,0,0,0
eb2202,20220218,20220218,134154000,13:42:02,8839,3,1600,132575,0,0,0
eb2202,20220218,20220218,134154500,13:42:02,8839,3,1600,132575,0,0,0
eb2202,20220218,20220218,134201500,13:42:10,8839,3,1600,132575,0,0,0
eb2202,20220218,20220218,134204500,13:42:12,8839,3,1600,132575,0,0,0
eb2202,20220218,20220218,134210500,13:42:12,8839,3,1600,132575,0,0,0
eb2202,20220218,20220218,134211000,13:42:12,8839,3,1600,132575,0,0,0
eb2202,20220218,20220218,134212000,13:42:13,8839,3,1600,132575,0,0,0
eb2202,20220218,20220218,134216000,13:42:16,8839,3,1600,132575,0,0,0
eb2202,20220218,20220218,134216500,13:42:17,8839,3,1600,132575,0,0,0
eb2202,20220218,20220218,134217000,13:42:19,8839,3,1600,132575,0,0,0
eb2202,20220218,20220218,134218000,13:42:20,8839,3,1600,132575,0,0,0
eb2202,20220218,20220218,134219500,13:42:20,8839,3,1600,132575,0,0,0
eb2202,20220218,20220218,134220000,13:42:20,8839,3,1600,132575,0,0,0
eb2202,20220218,20220218,134220500,13:42:21,8839,3,1600,132575,0,0,0
eb2202,20220218,20220218,134221000,13:42:21,8839,3,1600,132575,0,0,0
eb2202,20220218,20220218,134223000,13:42:23,8839,3,1600,132575,0,0,0
eb2202,20220218,20220218,134223500,13:42:24,8839,3,1600,132575,0,0,0
eb2202,20220218,20220218,134224500,13:42:25,8839,3,1600,132575,0,0,0
eb2202,20220218,20220218,134225000,13:42:25,8839,3,1600,132575,0,0,0
eb2202,20220218,20220218,134228000,13:42:29,8839,3,1600,132575,0,0,0
eb2202,20220218,20220218,134228500,13:42:29,8839,3,1600,132575,0,0,0
eb2202,20220218,20220218,134239500,13:42:39,8839,3,1600,132575,0,0,0
eb2202,20220218,20220218,134255500,13:42:55,8839,3,1600,132575,0,0,0
eb2202,20220218,20220218,134256500,13:42:57,8839,3,1600,132575,0,0,0
eb2202,20220218,20220218,134257000,13:42:59,8839,3,1600,132575,0,0,0
eb2202,20220218,20220218,134300500,13:43:02,8839,3,1600,132575,0,0,0
eb2202,20220218,20220218,134301500,13:43:02,8839,3,1600,132575,0,0,0
eb2202,20220218,20220218,134302000,13:43:02,8839,3,1600,132575,0,0,0
eb2202,20220218,20220218,134302500,13:43:03,8839,3,1600,132575,0,0,0
eb2202,20220218,20220218,134303000,13:43:05,8839,3,1600,132575,0,0,0
eb2202,20220218,20220218,134305000,13:43:11,8839,3,1600,132575,0,0,0
eb2202,20220218,20220218,134307500,13:43:12,8839,3,1600,132575,0,0,0
eb2202,20220218,20220218,134312500,13:43:14,8839,3,1600,132575,0,0,0
eb2202,20220218,20220218,134313500,13:43:14,8839,3,1600,132575,0,0,0
eb2202,20220218,20220218,134317500,13:43:17,8839,3,1600,132575,0,0,0
eb2202,20220218,20220218,134318000,13:43:18,8839,3,1600,132575,0,0,0
eb2202,20220218,20220218,134318500,13:43:18,8839,3,1600,132575,0,0,0
eb2202,20220218,20220218,134320500,13:43:21,8839,3,1600,132575,0,0,0
eb2202,20220218,20220218,134321000,13:43:21,8839,3,1600,132575,0,0,0
eb2202,20220218,20220218,134321500,13:43:21,8839,3,1600,132575,0,0,0
eb2202,20220218,20220218,134324000,13:43:24,8839,3,1600,132575,0,0,0
eb2202,20220218,20220218,134324500,13:43:24,8839,3,1600,132575,0,0,0
eb2202,20220218,20220218,134326500,13:43:27,8839,3,1600,132575,0,0,0
eb2202,20220218,20220218,134327000,13:43:27,8839,3,1600,132575,0,0,0
eb2202,20220218,20220218,134333000,13:43:33,8839,3,1600,132575,0,0,0
eb2202,20220218,20220218,134334000,13:43:34,8839,3,1600,132575,0,0,0
eb2202,20220218,20220218,134335500,13:43:35,8839,3,1600,132575,0,0,0
eb2202,20220218,20220218,134336000,13:43:36,8839,3,1600,132575,0,0,0
eb2202,20220218,20220218,134336500,13:43:37,8839,3,1600,132575,0,0,0
eb2202,20220218,20220218,134337000,13:43:37,8839,3,1600,132575,0,0,0
eb2202,20220218,20220218,134338000,13:43:38,8839,3,1600,132575,0,0,0
eb2202,20220218,20220218,134339000,13:43:47,8839,3,1600,132575,0,0,0
eb2202,20220218,20220218,134340000,13:43:57,8839,3,1600,132575,0,0,0
eb2202,20220218,20220218,134353500,13:44:04,8839,3,1600,132575,0,0,0
eb2202,20220218,20220218,134357000,13:44:04,8839,3,1600,132575,0,0,0
eb2202,20220218,20220218,134402500,13:44:04,8839,3,1600,132575,0,0,0
eb2202,20220218,20220218,134404000,13:44:04,8839,3,1600,132575,0,0,0
eb2202,20220218,20220218,134404500,13:44:05,8839,3,1600,132575,0,0,0
eb2202,20220218,20220218,134405000,13:44:05,8839,3,1600,132575,0,0,0
eb2202,20220218,20220218,134405500,13:44:06,8839,3,1600,132575,0,0,0
eb2202,20220218,20220218,134406000,13:44:06,8839,3,1600,132575,0,0,0
eb2202,20220218,20220218,134406500,13:44:06,8839,3,1600,132575,0,0,0
eb2202,20220218,20220218,134407500,13:44:08,8839,3,1600,132575,0,0,0
eb2202,20220218,20220218,134408000,13:44:08,8839,3,1600,132575,0,0,0
eb2202,20220218,20220218,134408500,13:44:09,8839,3,1600,132575,0,0,0
eb2202,20220218,20220218,134410000,13:44:17,8839,3,1600,132575,0,0,0
eb2202,20220218,20220218,134415000,13:44:17,8839,3,1600,132575,0,0,0
eb2202,20220218,20220218,134417500,13:44:18,8839,3,1600,132575,0,0,0
eb2202,20220218,20220218,134418500,13:44:19,8839,3,1600,132575,0,0,0
eb2202,20220218,20220218,134419000,13:44:23,8839,3,1600,132575,0,0,0
eb2202,20220218,20220218,134419500,13:44:23,8839,3,1600,132575,0,0,0
eb2202,20220218,20220218,134420500,13:44:23,8839,3,1600,132575,0,0,0
eb2202,20220218,20220218,134423000,13:44:23,8839,3,1600,132575,0,0,0
eb2202,20220218,20220218,134423500,13:44:24,8839,3,1600,132575,0,0,0
eb2202,20220218,20220218,134424000,13:44:24,8839,3,1600,132575,0,0,0
eb2202,20220218,20220218,134424500,13:44:24,8839,3,1600,132575,0,0,0
eb2202,20220218,20220218,134425000,13:44:25,8839,3,1600,132575,0,0,0
eb2202,20220218,20220218,134425500,13:44:25,8839,3,1600,132575,0,0,0
eb2202,20220218,20220218,134426000,13:44:26,8839,3,1600,132575,0,0,0
eb2202,20220218,20220218,134426500,13:44:26,8839,3,1600,132575,0,0,0
eb2202,20220218,20220218,134427000,13:44:27,8839,3,1600,132575,0,0,0
eb2202,20220218,20220218,134427500,13:44:28,8839,3,1600,132575,0,0,0
eb2202,20220218,20220218,134428500,13:44:29,8839,3,1600,132575,0,0,0
eb2202,20220218,20220218,134435500,13:44:37,8839,3,1600,132575,0,0,0
eb2202,20220218,20220218,134438000,13:44:38,8839,3,1600,132575,0,0,0
eb2202,20220218,20220218,134438500,13:44:38,8839,3,1600,132575,0,0,0
eb2202,20220218,20220218,134439000,13:44:39,8839,3,1600,132575,0,0,0
eb2202,20220218,20220218,134441000,13:44:41,8839,3,1600,132575,0,0,0
eb2202,20220218,20220218,134443000,13:44:43,8839,3,1600,132575,0,0,0
eb2202,20220218,20220218,134443500,13:44:44,8839,3,1600,132575,0,0,0
eb2202,20220218,20220218,134444000,13:44:44,8839,3,1600,132575,0,0,0
eb2202,20220218,20220218,134444500,13:44:45,8839,3,1600,132575,0,0,0
eb2202,20220218,20220218,134446500,13:44:46,8839,3,1600,132575,0,0,0
eb2202,20220218,20220218,134449000,13:44:49,8839,3,1600,132575,0,0,0
eb2202,20220218,20220218,134449500,13:44:50,8839,3,1600,132575,0,0,0
eb2202,20220218,20220218,134450000,13:44:50,8839,3,1600,132575,0,0,0
eb2202,20220218,20220218,134450500,13:44:50,8839,3,1600,132575,0,0,0
eb2202,20220218,20220218,134451000,13:44:51,8839,3,1600,132575,0,0,0
eb2202,20220218,20220218,134451500,13:44:52,8839,3,1600,132575,0,0,0
eb2202,20220218,20220218,134452000,13:44:53,8839,3,1600,132575,0,0,0
eb2202,20220218,20220218,134454500,13:44:55,8839,3,1600,132575,0,0,0
eb2202,20220218,20220218,134456500,13:44:56,8839,3,1600,132575,0,0,0
eb2202,20220218,20220218,134457000,13:44:57,8839,3,1600,132575,0,0,0
eb2202,20220218,20220218,134457500,13:44:57,8839,3,1600,132575,0,0,0
eb2202,20220218,20220218,134458000,13:44:58,8839,3,1600,132575,0,0,0
eb2202,20220218,20220218,134458500,13:44:59,8839,3,1600,132575,0,0,0
eb2202,20220218,20220218,134500500,13:45:01,8839,3,1600,132575,0,0,0
eb2202,20220218,20220218,134501000,13:45:01,8839,3,1600,132575,0,0,0
eb2202,20220218,20220218,134501500,13:45:01,8839,3,1600,132575,0,0,0
eb2202,20220218,20220218,134502000,13:45:02,8839,3,1600,132575,0,0,0
eb2202,20220218,20220218,134502500,13:45:03,8839,3,1600,132575,0,0,0
eb2202,20220218,20220218,134505000,13:45:09,8839,3,1600,132575,0,0,0
eb2202,20220218,20220218,134507500,13:45:09,8839,3,1600,132575,0,0,0
eb2202,20220218,20220218,134508500,13:45:09,8839,3,1600,132575,0,0,0
eb2202,20220218,20220218,134509000,13:45:10,8839,3,1600,132575,0,0,0
eb2202,20220218,20220218,134510000,13:45:10,8839,3,1600,132575,0,0,0
eb2202,20220218,20220218,134510500,13:45:10,8839,3,1600,132575,0,0,0
eb2202,20220218,20220218,134511000,13:45:11,8839,3,1600,132575,0,0,0
eb2202,20220218,20220218,134511500,13:45:11,8839,3,1600,132575,0,0,0
eb2202,20220218,20220218,134512000,13:45:12,8839,3,1600,132575,0,0,0
eb2202,20220218,20220218,134512500,13:45:13,8839,3,1600,132575,0,0,0
eb2202,20220218,20220218,134513000,13:45:13,8839,3,1600,132575,0,0,0
eb2202,20220218,20220218,134513500,13:45:14,8839,3,1600,132575,0,0,0
eb2202,20220218,20220218,134514000,13:45:15,8839,3,1600,132575,0,0,0
eb2202,20220218,20220218,134514500,13:45:16,8839,3,1600,132575,0,0,0
eb2202,20220218,20220218,134515000,13:45:16,8839,3,1600,132575,0,0,0
eb2202,20220218,20220218,134515500,13:45:17,8839,3,1600,132575,0,0,0
eb2202,20220218,20220218,134516000,13:45:17,8839,3,1600,132575,0,0,0
eb2202,20220218,20220218,134516500,13:45:17,8839,3,1600,132575,0,0,0
eb2202,20220218,20220218,134517000,13:45:19,8839,3,1600,132575,0,0,0
eb2202,20220218,20220218,134517500,13:45:20,8839,3,1600,132575,0,0,0
eb2202,20220218,20220218,134518000,13:45:21,8839,3,1600,132575,0,0,0
eb2202,20220218,20220218,134518500,13:45:22,8839,3,1600,132575,0,0,0
eb2202,20220218,20220218,134520500,13:45:23,8839,3,1600,132575,0,0,0
eb2202,20220218,20220218,134521000,13:45:23,8839,3,1600,132575,0,0,0
eb2202,20220218,20220218,134521500,13:45:23,8839,3,1600,132575,0,0,0
eb2202,20220218,20220218,134523000,13:45:24,8839,3,1600,132575,0,0,0
eb2202,20220218,20220218,134523500,13:45:24,8839,3,1600,132575,0,0,0
eb2202,20220218,20220218,134524000,13:45:24,8839,3,1600,132575,0,0,0
eb2202,20220218,20220218,134524500,13:45:25,8839,3,1600,132575,0,0,0
eb2202,20220218,20220218,134525000,13:45:26,8839,3,1600,132575,0,0,0
eb2202,20220218,20220218,134525500,13:45:27,8839,3,1600,132575,0,0,0
eb2202,20220218,20220218,134526000,13:45:27,8839,3,1600,132575,0,0,0
eb2202,20220218,20220218,134526500,13:45:28,8839,3,1600,132575,0,0,0
eb2202,20220218,20220218,134527500,13:45:30,8839,3,1600,132575,0,0,0
eb2202,20220218,20220218,134529000,13:45:30,8839,3,1600,132575,0,0,0
eb2202,20220218,20220218,134530500,13:45:31,8839,3,1600,132575,0,0,0
eb2202,20220218,20220218,134531000,13:45:31,8839,3,1600,132575,0,0,0
eb2202,20220218,20220218,134531500,13:45:32,8839,3,1600,132575,0,0,0
eb2202,20220218,20220218,134535500,13:45:35,8839,3,1600,132575,0,0,0
eb2202,20220218,20220218,134536500,13:45:37,8839,3,1600,132575,0,0,0
eb2202,20220218,20220218,134537000,13:45:37,8839,3,1600,132575,0,0,0
eb2202,20220218,20220218,134537500,13:45:38,8839,3,1600,132575,0,0,0
eb2202,20220218,20220218,134539000,13:45:39,8839,3,1600,132575,0,0,0
eb2202,20220218,20220218,134539500,13:45:40,8839,3,1600,132575,0,0,0
eb2202,20220218,20220218,134540000,13:45:40,8839,3,1600,132575,0,0,0
eb2202,20220218,20220218,134540500,13:45:40,8839,3,1600,132575,0,0,0
eb2202,20220218,20220218,134541500,13:45:41,8839,3,1600,132575,0,0,0
eb2202,20220218,20220218,134542000,13:45:45,8839,3,1600,132575,0,0,0
eb2202,20220218,20220218,134545000,13:45:46,8839,3,1600,132575,0,0,0
eb2202,20220218,20220218,134546000,13:45:47,8839,3,1600,132575,0,0,0
eb2202,20220218,20220218,134547500,13:45:47,8839,3,1600,132575,0,0,0
eb2202,20220218,20220218,134548000,13:45:48,8839,3,1600,132575,0,0,0
eb2202,20220218,20220218,134548500,13:45:48,8839,3,1600,132575,0,0,0
eb2202,20220218,20220218,134551000,13:45:54,8839,3,1600,132575,0,0,0
eb2202,20220218,20220218,134553500,13:45:54,8839,3,1600,132575,0,0,0
eb2202,20220218,20220218,134554000,13:45:55,8839,3,1600,132575,0,0,0
eb2202,20220218,20220218,134554500,13:45:55,8839,3,1600,132575,0,0,0
eb2202,20220218,20220218,134555000,13:45:55,8839,3,1600,132575,0,0,0
eb2202,20220218,20220218,134555500,13:45:56,8839,3,1600,132575,0,0,0
eb2202,20220218,20220218,134557000,13:46:00,8839,3,1600,132575,0,0,0
eb2202,20220218,20220218,134558000,13:46:01,8839,3,1600,132575,0,0,0
eb2202,20220218,20220218,134602500,13:46:04,8839,3,1600,132575,0,0,0
eb2202,20220218,20220218,134603000,13:46:04,8839,3,1600,132575,0,0,0
eb2202,20220218,20220218,134603500,13:46:04,8839,3,1600,132575,0,0,0
eb2202,20220218,20220218,134604000,13:46:05,8839,3,1600,132575,0,0,0
eb2202,20220218,20220218,134604500,13:46:05,8839,3,1600,132575,0,0,0
eb2202,20220218,20220218,134605000,13:46:05,8839,3,1600,132575,0,0,0
eb2202,20220218,20220218,134605500,13:46:05,8839,3,1600,132575,0,0,0
eb2202,20220218,20220218,134606500,13:46:07,8839,3,1600,132575,0,0,0
eb2202,20220218,20220218,134607000,13:46:07,8839,3,1600,132575,0,0,0
eb2202,20220218,20220218,134613500,13:46:14,8839,3,1600,132575,0,0,0
eb2202,20220218,20220218,134617000,13:46:18,8839,3,1600,132575,0,0,0
eb2202,20220218,20220218,134618000,13:46:18,8839,3,1600,132575,0,0,0
eb2202,20220218,20220218,134618500,13:46:19,8839,3,1600,132575,0,0,0
eb2202,20220218,20220218,134619000,13:46:19,8839,3,1600,132575,0,0,0
eb2202,20220218,20220218,134620000,13:46:20,8839,3,1600,132575,0,0,0
eb2202,20220218,20220218,134620500,13:46:21,8839,3,1600,132575,0,0,0
eb2202,20220218,20220218,134621000,13:46:21,8839,3,1600,132575,0,0,0
eb2202,20220218,20220218,134621500,13:46:21,8839,3,1600,132575,0,0,0
eb2202,20220218,20220218,134623000,13:46:30,8839,3,1600,132575,0,0,0
eb2202,20220218,20220218,134630000,13:46:31,8839,3,1600,132575,0,0,0
eb2202,20220218,20220218,134631000,13:46:31,8839,3,1600,132575,0,0,0
eb2202,20220218,20220218,134631500,13:46:32,8839,3,1600,132575,0,0,0
eb2202,20220218,20220218,134632000,13:46:32,8839,3,1600,132575,0,0,0
eb2202,20220218,20220218,134632500,13:46:32,8839,3,1600,132575,0,0,0
eb2202,20220218,20220218,134633000,13:46:33,8839,3,1600,132575,0,0,0
eb2202,20220218,20220218,134633500,13:46:33,8839,3,1600,132575,0,0,0
eb2202,20220218,20220218,134634000,13:46:34,8839,3,1600,132575,0,0,0
eb2202,20220218,20220218,134635000,13:46:35,8839,3,1600,132575,0,0,0
eb2202,20220218,20220218,134637000,13:46:37,8839,3,1600,132575,0,0,0
eb2202,20220218,20220218,134638000,13:46:38,8839,3,1600,132575,0,0,0
eb2202,20220218,20220218,134639500,13:46:40,8839,3,1600,132575,0,0,0
eb2202,20220218,20220218,134640000,13:46:41,8839,3,1600,132575,0,0,0
eb2202,20220218,20220218,134641000,13:46:42,8839,3,1600,132575,0,0,0
eb2202,20220218,20220218,134643500,13:46:44,8839,3,1600,132575,0,0,0
eb2202,20220218,20220218,134644000,13:46:46,8839,3,1600,132575,0,0,0
eb2202,20220218,20220218,134644500,13:46:47,8839,3,1600,132575,0,0,0
eb2202,20220218,20220218,134645000,13:46:47,8839,3,1600,132575,0,0,0
eb2202,20220218,20220218,134647000,13:46:47,8839,3,1600,132575,0,0,0
eb2202,20220218,20220218,134649000,13:46:49,8839,3,1600,132575,0,0,0
eb2202,20220218,20220218,134654000,13:46:55,8839,3,1600,132575,0,0,0
eb2202,20220218,20220218,134655000,13:46:55,8839,3,1600,132575,0,0,0
eb2202,20220218,20220218,134656000,13:46:56,8839,3,1600,132575,0,0,0
eb2202,20220218,20220218,134656500,13:46:56,8839,3,1600,132575,0,0,0
eb2202,20220218,20220218,134657000,13:46:57,8839,3,1600,132575,0,0,0
eb2202,20220218,20220218,134658000,13:46:58,8839,3,1600,132575,0,0,0
eb2202,20220218,20220218,134659500,13:46:59,8839,3,1600,132575,0,0,0
eb2202,20220218,20220218,134701000,13:47:01,8839,3,1600,132575,0,0,0
eb2202,20220218,20220218,134702000,13:47:02,8839,3,1600,132575,0,0,0
eb2202,20220218,20220218,134702500,13:47:02,8839,3,1600,132575,0,0,0
eb2202,20220218,20220218,134703000,13:47:03,8839,3,1600,132575,0,0,0
eb2202,20220218,20220218,134703500,13:47:04,8839,3,1600,132575,0,0,0
eb2202,20220218,20220218,134704000,13:47:04,8839,3,1600,132575,0,0,0
eb2202,20220218,20220218,134704500,13:47:05,8839,3,1600,132575,0,0,0
eb2202,20220218,20220218,134705000,13:47:05,8839,3,1600,132575,0,0,0
eb2202,20220218,20220218,134707000,13:47:10,8839,3,1600,132575,0,0,0
eb2202,20220218,20220218,134707500,13:47:11,8839,3,1600,132575,0,0,0
eb2202,20220218,20220218,134709500,13:47:11,8839,3,1600,132575,0,0,0
eb2202,20220218,20220218,134710000,13:47:11,8839,3,1600,132575,0,0,0
eb2202,20220218,20220218,134710500,13:47:12,8839,3,1600,132575,0,0,0
eb2202,20220218,20220218,134711000,13:47:14,8839,3,1600,132575,0,0,0
eb2202,20220218,20220218,134711500,13:47:16,8839,3,1600,132575,0,0,0
eb2202,20220218,20220218,134712000,13:47:16,8839,3,1600,132575,0,0,0
eb2202,20220218,20220218,134716500,13:47:17,8839,3,1600,132575,0,0,0
eb2202,20220218,20220218,134717000,13:47:17,8839,3,1600,132575,0,0,0
eb2202,20220218,20220218,134719500,13:47:19,8839,3,1600,132575,0,0,0
eb2202,20220218,20220218,134723500,13:47:27,8839,3,1600,132575,0,0,0
eb2202,20220218,20220218,134725500,13:47:27,8839,3,1600,132575,0,0,0
eb2202,20220218,20220218,134727000,13:47:27,8839,3,1600,132575,0,0,0
eb2202,20220218,20220218,134727500,13:47:28,8839,3,1600,132575,0,0,0
eb2202,20220218,20220218,134728000,13:47:28,8839,3,1600,132575,0,0,0
eb2202,20220218,20220218,134729500,13:47:29,8839,3,1600,132575,0,0,0
eb2202,20220218,20220218,134731000,13:47:31,8839,3,1600,132575,0,0,0
eb2202,20220218,20220218,134731500,13:47:31,8839,3,1600,132575,0,0,0
eb2202,20220218,20220218,134732000,13:47:32,8839,3,1600,132575,0,0,0
eb2202,20220218,20220218,134732500,13:47:33,8839,3,1600,132575,0,0,0
eb2202,20220218,20220218,134733000,13:47:34,8839,3,1600,132575,0,0,0
eb2202,20220218,20220218,134734000,13:47:34,8839,3,1600,132575,0,0,0
eb2202,20220218,20220218,134735000,13:47:36,8839,3,1600,132575,0,0,0
eb2202,20220218,20220218,134735500,13:47:36,8839,3,1600,132575,0,0,0
eb2202,20220218,20220218,134736500,13:47:36,8839,3,1600,132575,0,0,0
eb2202,20220218,20220218,134739500,13:47:40,8839,3,1600,132575,0,0,0
eb2202,20220218,20220218,134741000,13:47:41,8839,3,1600,132575,0,0,0
eb2202,20220218,20220218,134743000,13:47:43,8839,3,1600,132575,0,0,0
eb2202,20220218,20220218,134743500,13:47:44,8839,3,1600,132575,0,0,0
eb2202,20220218,20220218,134745000,13:47:45,8839,3,1600,132575,0,0,0
eb2202,20220218,20220218,134745500,13:47:46,8839,3,1600,132575,0,0,0
eb2202,20220218,20220218,134746000,13:47:47,8839,3,1600,132575,0,0,0
eb2202,20220218,20220218,134746500,13:47:47,8839,3,1600,132575,0,0,0
eb2202,20220218,20220218,134754000,13:47:54,8839,3,1600,132575,0,0,0
eb2202,20220218,20220218,134756000,13:47:56,8839,3,1600,132575,0,0,0
eb2202,20220218,20220218,134757000,13:47:57,8839,3,1600,132575,0,0,0
eb2202,20220218,20220218,134758500,13:47:58,8839,3,1600,132575,0,0,0
eb2202,20220218,20220218,134800000,13:48:00,8839,3,1600,132575,0,0,0
eb2202,20220218,20220218,134801500,13:48:01,8839,3,1600,132575,0,0,0
eb2202,20220218,20220218,134808500,13:48:08,8839,3,1600,132575,0,0,0
eb2202,20220218,20220218,134810000,13:48:10,8839,3,1600,132575,0,0,0
eb2202,20220218,20220218,134811000,13:48:11,8839,3,1600,132575,0,0,0
eb2202,20220218,20220218,134814500,13:48:14,8839,3,1600,132575,0,0,0
eb2202,20220218,20220218,134817000,13:48:17,8839,3,1600,132575,0,0,0
eb2202,20220218,20220218,134817500,13:48:18,8839,3,1600,132575,0,0,0
eb2202,20220218,20220218,134818000,13:48:19,8839,3,1600,132575,0,0,0
eb2202,20220218,20220218,134818500,13:48:20,8839,3,1600,132575,0,0,0
eb2202,20220218,20220218,134819500,13:48:20,8839,3,1600,132575,0,0,0
eb2202,20220218,20220218,134821500,13:48:22,8839,3,1600,132575,0,0,0
eb2202,20220218,20220218,134823000,13:48:23,8839,3,1600,132575,0,0,0
eb2202,20220218,20220218,134823500,13:48:24,8839,3,1600,132575,0,0,0
eb2202,20220218,20220218,134824000,13:48:24,8839,3,1600,132575,0,0,0
eb2202,20220218,20220218,134825500,13:48:27,8839,3,1600,132575,0,0,0
eb2202,20220218,20220218,134826500,13:48:27,8839,3,1600,132575,0,0,0
eb2202,20220218,20220218,134837000,13:48:37,8839,3,1600,132575,0,0,0
eb2202,20220218,20220218,134838000,13:48:38,8839,3,1600,132575,0,0,0
eb2202,20220218,20220218,134848500,13:48:48,8839,3,1600,132575,0,0,0
eb2202,20220218,20220218,134851500,13:48:51,8839,3,1600,132575,0,0,0
eb2202,20220218,20220218,134854000,13:48:55,8839,3,1600,132575,0,0,0
eb2202,20220218,20220218,134856000,13:48:56,8839,3,1600,132575,0,0,0
eb2202,20220218,20220218,134856500,13:48:57,8839,3,1600,132575,0,0,0
eb2202,20220218,20220218,134859500,13:49:00,8839,3,1600,132575,0,0,0
eb2202,20220218,20220218,134901000,13:49:01,8839,3,1600,132575,0,0,0
eb2202,20220218,20220218,134901500,13:49:02,8839,3,1600,132575,0,0,0
eb2202,20220218,20220218,134902000,13:49:02,8839,3,1600,132575,0,0,0
eb2202,20220218,20220218,134903000,13:49:03,8839,3,1600,132575,0,0,0
eb2202,20220218,20220218,134906500,13:49:06,8839,3,1600,132575,0,0,0
eb2202,20220218,20220218,134907000,13:49:07,8839,3,1600,132575,0,0,0
eb2202,20220218,20220218,134908000,13:49:08,8839,3,1600,132575,0,0,0
eb2202,20220218,20220218,134908500,13:49:08,8839,3,1600,132575,0,0,0
eb2202,20220218,20220218,134909000,13:49:09,8839,3,1600,132575,0,0,0
eb2202,20220218,20220218,134911000,13:49:11,8839,3,1600,132575,0,0,0
eb2202,20220218,20220218,134913500,13:49:13,8839,3,1600,132575,0,0,0
eb2202,20220218,20220218,134915000,13:49:15,8839,3,1600,132575,0,0,0
eb2202,20220218,20220218,134915500,13:49:15,8839,3,1600,132575,0,0,0
eb2202,20220218,20220218,134916000,13:49:16,8839,3,1600,132575,0,0,0
eb2202,20220218,20220218,134918500,13:49:18,8839,3,1600,132575,0,0,0
eb2202,20220218,20220218,134919500,13:49:20,8839,3,1600,132575,0,0,0
eb2202,20220218,20220218,134920000,13:49:20,8839,3,1600,132575,0,0,0
eb2202,20220218,20220218,134920500,13:49:20,8839,3,1600,132575,0,0,0
eb2202,20220218,20220218,134923000,13:49:23,8839,3,1600,132575,0,0,0
eb2202,20220218,20220218,134925500,13:49:25,8839,3,1600,132575,0,0,0
eb2202,20220218,20220218,134926500,13:49:27,8839,3,1600,132575,0,0,0
eb2202,20220218,20220218,134933500,13:49:34,8839,3,1600,132575,0,0,0
eb2202,20220218,20220218,134934000,13:49:34,8839,3,1600,132575,0,0,0
eb2202,20220218,20220218,134934500,13:49:35,8839,3,1600,132575,0,0,0
eb2202,20220218,20220218,134937500,13:49:37,8839,3,1600,132575,0,0,0
eb2202,20220218,20220218,134938500,13:49:38,8839,3,1600,132575,0,0,0
eb2202,20220218,20220218,134942500,13:49:42,8839,3,1600,132575,0,0,0
eb2202,20220218,20220218,134944000,13:49:44,8839,3,1600,132575,0,0,0
eb2202,20220218,20220218,134948000,13:49:48,8839,3,1600,132575,0,0,0
eb2202,20220218,20220218,134948500,13:49:48,8839,3,1600,132575,0,0,0
eb2202,20220218,20220218,134951000,13:49:51,8839,3,1600,132575,0,0,0
eb2202,20220218,20220218,134952500,13:49:54,8839,3,1600,132575,0,0,0
eb2202,20220218,20220218,134953500,13:49:55,8839,3,1600,132575,0,0,0
eb2202,20220218,20220218,134954000,13:49:55,8839,3,1600,132575,0,0,0
eb2202,20220218,20220218,134955500,13:49:56,8839,3,1600,132575,0,0,0
eb2202,20220218,20220218,134956000,13:49:56,8839,3,1600,132575,0,0,0
eb2202,20220218,20220218,134956500,13:49:57,8839,3,1600,132575,0,0,0
eb2202,20220218,20220218,134957500,13:49:57,8839,3,1600,132575,0,0,0
eb2202,20220218,20220218,135000000,13:50:00,8839,3,1600,132575,0,0,0
eb2202,20220218,20220218,135000500,13:50:00,8839,3,1600,132575,0,0,0
eb2202,20220218,20220218,135001000,13:50:01,8839,3,1600,132575,0,0,0
eb2202,20220218,20220218,135002000,13:50:02,8839,3,1600,132575,0,0,0
eb2202,20220218,20220218,135003000,13:50:03,8839,3,1600,132575,0,0,0
eb2202,20220218,20220218,135003500,13:50:03,8839,3,1600,132575,0,0,0
eb2202,20220218,20220218,135004000,13:50:04,8839,3,1600,132575,0,0,0
eb2202,20220218,20220218,135005000,13:50:05,8839,3,1600,132575,0,0,0
eb2202,20220218,20220218,135006000,13:50:06,8839,3,1600,132575,0,0,0
eb2202,20220218,20220218,135006500,13:50:07,8839,3,1600,132575,0,0,0
eb2202,20220218,20220218,135007500,13:50:09,8839,3,1600,132575,0,0,0
eb2202,20220218,20220218,135008000,13:50:10,8839,3,1600,132575,0,0,0
eb2202,20220218,20220218,135008500,13:50:25,8839,3,1600,132575,0,0,0
eb2202,20220218,20220218,135009500,13:50:26,8839,3,1600,132575,0,0,0
eb2202,20220218,20220218,135025500,13:50:27,8839,3,1600,132575,0,0,0
eb2202,20220218,20220218,135026000,13:50:29,8839,3,1600,132575,0,0,0
eb2202,20220218,20220218,135028500,13:50:35,8839,3,1600,132575,0,0,0
eb2202,20220218,20220218,135035000,13:50:37,8839,3,1600,132575,0,0,0
eb2202,20220218,20220218,135035500,13:50:37,8839,3,1600,132575,0,0,0
eb2202,20220218,20220218,135037000,13:50:38,8839,3,1600,132575,0,0,0
eb2202,20220218,20220218,135037500,13:50:38,8839,3,1600,132575,0,0,0
eb2202,20220218,20220218,135038000,13:50:39,8839,3,1600,132575,0,0,0
eb2202,20220218,20220218,135042500,13:50:43,8839,3,1600,132575,0,0,0
eb2202,20220218,20220218,135043000,13:50:43,8839,3,1600,132575,0,0,0
eb2202,20220218,20220218,135044500,13:50:45,8839,3,1600,132575,0,0,0
eb2202,20220218,20220218,135045500,13:50:46,8839,3,1600,132575,0,0,0
eb2202,20220218,20220218,135046000,13:50:47,8839,3,1600,132575,0,0,0
eb2202,20220218,20220218,135048000,13:50:48,8839,3,1600,132575,0,0,0
eb2202,20220218,20220218,135048500,13:50:48,8839,3,1600,132575,0,0,0
eb2202,20220218,20220218,135049000,13:50:49,8839,3,1600,132575,0,0,0
eb2202,20220218,20220218,135050500,13:50:51,8839,3,1600,132575,0,0,0
eb2202,20220218,20220218,135053500,13:50:54,8839,3,1600,132575,0,0,0
eb2202,20220218,20220218,135054000,13:50:54,8839,3,1600,132575,0,0,0
eb2202,20220218,20220218,135056000,13:50:56,8839,3,1600,132575,0,0,0
eb2202,20220218,20220218,135057000,13:50:57,8839,3,1600,132575,0,0,0
eb2202,20220218,20220218,135057500,13:50:58,8839,3,1600,132575,0,0,0
eb2202,20220218,20220218,135100500,13:51:01,8839,3,1600,132575,0,0,0
eb2202,20220218,20220218,135101000,13:51:01,8839,3,1600,132575,0,0,0
eb2202,20220218,20220218,135101500,13:51:01,8839,3,1600,132575,0,0,0
eb2202,20220218,20220218,135102000,13:51:02,8839,3,1600,132575,0,0,0
eb2202,20220218,20220218,135102500,13:51:02,8839,3,1600,132575,0,0,0
eb2202,20220218,20220218,135103000,13:51:03,8839,3,1600,132575,0,0,0
eb2202,20220218,20220218,135103500,13:51:03,8839,3,1600,132575,0,0,0
eb2202,20220218,20220218,135104000,13:51:04,8839,3,1600,132575,0,0,0
eb2202,20220218,20220218,135104500,13:51:04,8839,3,1600,132575,0,0,0
eb2202,20220218,20220218,135105000,13:51:05,8839,3,1600,132575,0,0,0
eb2202,20220218,20220218,135105500,13:51:06,8839,3,1600,132575,0,0,0
eb2202,20220218,20220218,135107000,13:51:20,8839,3,1600,132575,0,0,0
eb2202,20220218,20220218,135107500,13:51:21,8839,3,1600,132575,0,0,0
eb2202,20220218,20220218,135118000,13:51:21,8839,3,1600,132575,0,0,0
eb2202,20220218,20220218,135122000,13:51:22,8839,3,1600,132575,0,0,0
eb2202,20220218,20220218,135122500,13:51:23,8839,3,1600,132575,0,0,0
eb2202,20220218,20220218,135123000,13:51:23,8839,3,1600,132575,0,0,0
eb2202,20220218,20220218,135123500,13:51:23,8839,3,1600,132575,0,0,0
eb2202,20220218,20220218,135124000,13:51:24,8839,3,1600,132575,0,0,0
eb2202,20220218,20220218,135124500,13:51:24,8839,3,1600,132575,0,0,0
eb2202,20220218,20220218,135125000,13:51:25,8839,3,1600,132575,0,0,0
eb2202,20220218,20220218,135125500,13:51:26,8839,3,1600,132575,0,0,0
eb2202,20220218,20220218,135126000,13:51:27,8839,3,1600,132575,0,0,0
eb2202,20220218,20220218,135126500,13:51:27,8839,3,1600,132575,0,0,0
eb2202,20220218,20220218,135127000,13:51:27,8839,3,1600,132575,0,0,0
eb2202,20220218,20220218,135127500,13:51:27,8839,3,1600,132575,0,0,0
eb2202,20220218,20220218,135128000,13:51:28,8839,3,1600,132575,0,0,0
eb2202,20220218,20220218,135129000,13:51:29,8839,3,1600,132575,0,0,0
eb2202,20220218,20220218,135130000,13:51:30,8839,3,1600,132575,0,0,0
eb2202,20220218,20220218,135130500,13:51:31,8839,3,1600,132575,0,0,0
eb2202,20220218,20220218,135134000,13:51:34,8839,3,1600,132575,0,0,0
eb2202,20220218,20220218,135147500,13:51:48,8839,3,1600,132575,0,0,0
eb2202,20220218,20220218,135150500,13:51:50,8839,3,1600,132575,0,0,0
eb2202,20220218,20220218,135200000,13:52:00,8839,3,1600,132575,0,0,0
eb2202,20220218,20220218,135201500,13:52:02,8839,3,1600,132575,0,0,0
eb2202,20220218,20220218,135202000,13:52:03,8839,3,1600,132575,0,0,0
eb2202,20220218,20220218,135202500,13:52:03,8839,3,1600,132575,0,0,0
eb2202,20220218,20220218,135203000,13:52:03,8839,3,1600,132575,0,0,0
eb2202,20220218,20220218,135203500,13:52:04,8839,3,1600,132575,0,0,0
eb2202,20220218,20220218,135204000,13:52:05,8839,3,1600,132575,0,0,0
eb2202,20220218,20220218,135204500,13:52:05,8839,3,1600,132575,0,0,0
eb2202,20220218,20220218,135205000,13:52:05,8839,3,1600,132575,0,0,0
eb2202,20220218,20220218,135207500,13:52:10,8839,3,1600,132575,0,0,0
eb2202,20220218,20220218,135208000,13:52:10,8839,3,1600,132575,0,0,0
eb2202,20220218,20220218,135208500,13:52:11,8839,3,1600,132575,0,0,0
eb2202,20220218,20220218,135209500,13:52:11,8839,3,1600,132575,0,0,0
eb2202,20220218,20220218,135210000,13:52:11,8839,3,1600,132575,0,0,0
eb2202,20220218,20220218,135211500,13:52:12,8839,3,1600,132575,0,0,0
eb2202,20220218,20220218,135212000,13:52:12,8839,3,1600,132575,0,0,0
eb2202,20220218,20220218,135214500,13:52:15,8839,3,1600,132575,0,0,0
eb2202,20220218,20220218,135215000,13:52:15,8839,3,1600,132575,0,0,0
eb2202,20220218,20220218,135215500,13:52:15,8839,3,1600,132575,0,0,0
eb2202,20220218,20220218,135216000,13:52:16,8839,3,1600,132575,0,0,0
eb2202,20220218,20220218,135216500,13:52:17,8839,3,1600,132575,0,0,0
eb2202,20220218,20220218,135218000,13:52:19,8839,3,1600,132575,0,0,0
eb2202,20220218,20220218,135218500,13:52:19,8839,3,1600,132575,0,0,0
eb2202,20220218,20220218,135219500,13:52:24,8839,3,1600,132575,0,0,0
eb2202,20220218,20220218,135220000,13:52:24,8839,3,1600,132575,0,0,0
eb2202,20220218,20220218,135220500,13:52:24,8839,3,1600,132575,0,0,0
eb2202,20220218,20220218,135221000,13:52:24,8839,3,1600,132575,0,0,0
eb2202,20220218,20220218,135223500,13:52:24,8839,3,1600,132575,0,0,0
eb2202,20220218,20220218,135225500,13:52:25,8839,3,1600,132575,0,0,0
eb2202,20220218,20220218,135226000,13:52:26,8839,3,1600,132575,0,0,0
eb2202,20220218,20220218,135226500,13:52:27,8839,3,1600,132575,0,0,0
eb2202,20220218,20220218,135227000,13:52:27,8839,3,1600,132575,0,0,0
eb2202,20220218,20220218,135227500,13:52:27,8839,3,1600,132575,0,0,0
eb2202,20220218,20220218,135231000,13:52:32,8839,3,1600,132575,0,0,0
eb2202,20220218,20220218,135233000,13:52:33,8839,3,1600,132575,0,0,0
eb2202,20220218,20220218,135233500,13:52:33,8839,3,1600,132575,0,0,0
eb2202,20220218,20220218,135235500,13:52:36,8839,3,1600,132575,0,0,0
eb2202,20220218,20220218,135237000,13:52:44,8839,3,1600,132575,0,0,0
eb2202,20220218,20220218,135237500,13:52:44,8839,3,1600,132575,0,0,0
eb2202,20220218,20220218,135243500,13:52:45,8839,3,1600,132575,0,0,0
eb2202,20220218,20220218,135246000,13:52:48,8839,3,1600,132575,0,0,0
eb2202,20220218,20220218,135249500,13:52:50,8839,3,1600,132575,0,0,0
eb2202,20220218,20220218,135250500,13:52:51,8839,3,1600,132575,0,0,0
eb2202,20220218,20220218,135251000,13:52:51,8839,3,1600,132575,0,0,0
eb2202,20220218,20220218,135252500,13:52:53,8839,3,1600,132575,0,0,0
eb2202,20220218,20220218,135256500,13:52:57,8839,3,1600,132575,0,0,0
eb2202,20220218,20220218,135257000,13:52:57,8839,3,1600,132575,0,0,0
eb2202,20220218,20220218,135300500,13:53:01,8839,3,1600,132575,0,0,0
eb2202,20220218,20220218,135301000,13:53:01,8839,3,1600,132575,0,0,0
eb2202,20220218,20220218,135301500,13:53:02,8839,3,1600,132575,0,0,0
eb2202,20220218,20220218,135302000,13:53:02,8839,3,1600,132575,0,0,0
eb2202,20220218,20220218,135302500,13:53:03,8839,3,1600,132575,0,0,0
eb2202,20220218,20220218,135303000,13:53:03,8839,3,1600,132575,0,0,0
eb2202,20220218,20220218,135303500,13:53:04,8839,3,1600,132575,0,0,0
eb2202,20220218,20220218,135304000,13:53:05,8839,3,1600,132575,0,0,0
eb2202,20220218,20220218,135304500,13:53:06,8839,3,1600,132575,0,0,0
eb2202,20220218,20220218,135305500,13:53:08,8839,3,1600,132575,0,0,0
eb2202,20220218,20220218,135306000,13:53:08,8839,3,1600,132575,0,0,0
eb2202,20220218,20220218,135306500,13:53:09,8839,3,1600,132575,0,0,0
eb2202,20220218,20220218,135307000,13:53:09,8839,3,1600,132575,0,0,0
eb2202,20220218,20220218,135308000,13:53:09,8839,3,1600,132575,0,0,0
eb2202,20220218,20220218,135309500,13:53:09,8839,3,1600,132575,0,0,0
eb2202,20220218,20220218,135310000,13:53:10,8839,3,1600,132575,0,0,0
eb2202,20220218,20220218,135311000,13:53:11,8839,3,1600,132575,0,0,0
eb2202,20220218,20220218,135313000,13:53:13,8839,3,1600,132575,0,0,0
eb2202,20220218,20220218,135313500,13:53:13,8839,3,1600,132575,0,0,0
eb2202,20220218,20220218,135314000,13:53:14,8839,3,1600,132575,0,0,0
eb2202,20220218,20220218,135314500,13:53:15,8839,3,1600,132575,0,0,0
eb2202,20220218,20220218,135315000,13:53:15,8839,3,1600,132575,0,0,0
eb2202,20220218,20220218,135320000,13:53:20,8839,3,1600,132575,0,0,0
eb2202,20220218,20220218,135321000,13:53:21,8839,3,1600,132575,0,0,0
eb2202,20220218,20220218,135322000,13:53:22,8839,3,1600,132575,0,0,0
eb2202,20220218,20220218,135324000,13:53:24,8839,3,1600,132575,0,0,0
eb2202,20220218,20220218,135324500,13:53:26,8839,3,1600,132575,0,0,0
eb2202,20220218,20220218,135325000,13:53:26,8839,3,1600,132575,0,0,0
eb2202,20220218,20220218,135330000,13:53:30,8839,3,1600,132575,0,0,0
eb2202,20220218,20220218,135333500,13:53:33,8839,3,1600,132575,0,0,0
eb2202,20220218,20220218,135334000,13:53:34,8839,3,1600,132575,0,0,0
eb2202,20220218,20220218,135336000,13:53:44,8839,3,1600,132575,0,0,0
eb2202,20220218,20220218,135336500,13:53:44,8839,3,1600,132575,0,0,0
eb2202,20220218,20220218,135342000,13:53:45,8839,3,1600,132575,0,0,0
eb2202,20220218,20220218,135346000,13:53:47,8839,3,1600,132575,0,0,0
eb2202,20220218,20220218,135346500,13:53:47,8839,3,1600,132575,0,0,0
eb2202,20220218,20220218,135351500,13:53:53,8839,3,1600,132575,0,0,0
eb2202,20220218,20220218,135352500,13:53:53,8839,3,1600,132575,0,0,0
eb2202,20220218,20220218,135354000,13:53:55,8839,3,1600,132575,0,0,0
eb2202,20220218,20220218,135354500,13:53:55,8839,3,1600,132575,0,0,0
eb2202,20220218,20220218,135355000,13:53:55,8839,3,1600,132575,0,0,0
eb2202,20220218,20220218,135356500,13:53:57,8839,3,1600,132575,0,0,0
eb2202,20220218,20220218,135400000,13:54:08,8839,3,1600,132575,0,0,0
eb2202,20220218,20220218,135407500,13:54:09,8839,3,1600,132575,0,0,0
eb2202,20220218,20220218,135408000,13:54:09,8839,3,1600,132575,0,0,0
eb2202,20220218,20220218,135409000,13:54:09,8839,3,1600,132575,0,0,0
eb2202,20220218,20220218,135409500,13:54:10,8839,3,1600,132575,0,0,0
eb2202,20220218,20220218,135410000,13:54:10,8839,3,1600,132575,0,0,0
eb2202,20220218,20220218,135410500,13:54:11,8839,3,1600,132575,0,0,0
eb2202,20220218,20220218,135412000,13:54:12,8839,3,1600,132575,0,0,0
eb2202,20220218,20220218,135414500,13:54:14,8839,3,1600,132575,0,0,0
eb2202,20220218,20220218,135416000,13:54:16,8839,3,1600,132575,0,0,0
eb2202,20220218,20220218,135416500,13:54:16,8839,3,1600,132575,0,0,0
eb2202,20220218,20220218,135419000,13:54:19,8839,3,1600,132575,0,0,0
eb2202,20220218,20220218,135420500,13:54:21,8839,3,1600,132575,0,0,0
eb2202,20220218,20220218,135430000,13:54:31,8839,3,1600,132575,0,0,0
eb2202,20220218,20220218,135430500,13:54:31,8839,3,1600,132575,0,0,0
eb2202,20220218,20220218,135433000,13:54:33,8839,3,1600,132575,0,0,0
eb2202,20220218,20220218,135433500,13:54:34,8839,3,1600,132575,0,0,0
eb2202,20220218,20220218,135434500,13:54:34,8839,3,1600,132575,0,0,0
eb2202,20220218,20220218,135435000,13:54:35,8839,3,1600,132575,0,0,0
eb2202,20220218,20220218,135436500,13:54:36,8839,3,1600,132575,0,0,0
eb2202,20220218,20220218,135437000,13:54:37,8839,3,1600,132575,0,0,0
eb2202,20220218,20220218,135438000,13:54:38,8839,3,1600,132575,0,0,0
eb2202,20220218,20220218,135439500,13:54:40,8839,3,1600,132575,0,0,0
eb2202,20220218,20220218,135440000,13:54:40,8839,3,1600,132575,0,0,0
eb2202,20220218,20220218,135443500,13:54:44,8839,3,1600,132575,0,0,0
eb2202,20220218,20220218,135449500,13:54:50,8839,3,1600,132575,0,0,0
eb2202,20220218,20220218,135450500,13:54:50,8839,3,1600,132575,0,0,0
eb2202,20220218,20220218,135451500,13:54:51,8839,3,1600,132575,0,0,0
eb2202,20220218,20220218,135452000,13:54:52,8839,3,1600,132575,0,0,0
eb2202,20220218,20220218,135452500,13:54:52,8839,3,1600,132575,0,0,0
eb2202,20220218,20220218,135454500,13:54:55,8839,3,1600,132575,0,0,0
eb2202,20220218,20220218,135457500,13:54:58,8839,3,1600,132575,0,0,0
eb2202,20220218,20220218,135500000,13:55:00,8839,3,1600,132575,0,0,0
eb2202,20220218,20220218,135500500,13:55:00,8839,3,1600,132575,0,0,0
eb2202,20220218,20220218,135501500,13:55:02,8839,3,1600,132575,0,0,0
eb2202,20220218,20220218,135502000,13:55:03,8839,3,1600,132575,0,0,0
eb2202,20220218,20220218,135502500,13:55:03,8839,3,1600,132575,0,0,0
eb2202,20220218,20220218,135503000,13:55:03,8839,3,1600,132575,0,0,0
eb2202,20220218,20220218,135503500,13:55:04,8839,3,1600,132575,0,0,0
eb2202,20220218,20220218,135504000,13:55:04,8839,3,1600,132575,0,0,0
eb2202,20220218,20220218,135504500,13:55:05,8839,3,1600,132575,0,0,0
eb2202,20220218,20220218,135505500,13:55:06,8839,3,1600,132575,0,0,0
eb2202,20220218,20220218,135506000,13:55:06,8839,3,1600,132575,0,0,0
eb2202,20220218,20220218,135506500,13:55:06,8839,3,1600,132575,0,0,0
eb2202,20220218,20220218,135507000,13:55:11,8839,3,1600,132575,0,0,0
eb2202,20220218,20220218,135507500,13:55:11,8839,3,1600,132575,0,0,0
eb2202,20220218,20220218,135508000,13:55:12,8839,3,1600,132575,0,0,0
eb2202,20220218,20220218,135511500,13:55:12,8839,3,1600,132575,0,0,0
eb2202,20220218,20220218,135512000,13:55:12,8839,3,1600,132575,0,0,0
eb2202,20220218,20220218,135512500,13:55:13,8839,3,1600,132575,0,0,0
eb2202,20220218,20220218,135513000,13:55:13,8839,3,1600,132575,0,0,0
eb2202,20220218,20220218,135513500,13:55:15,8839,3,1600,132575,0,0,0
eb2202,20220218,20220218,135514000,13:55:15,8839,3,1600,132575,0,0,0
eb2202,20220218,20220218,135514500,13:55:15,8839,3,1600,132575,0,0,0
eb2202,20220218,20220218,135515000,13:55:15,8839,3,1600,132575,0,0,0
eb2202,20220218,20220218,135516500,13:55:16,8839,3,1600,132575,0,0,0
eb2202,20220218,20220218,135517000,13:55:21,8839,3,1600,132575,0,0,0
eb2202,20220218,20220218,135518000,13:55:24,8839,3,1600,132575,0,0,0
eb2202,20220218,20220218,135520000,13:55:25,8839,3,1600,132575,0,0,0
eb2202,20220218,20220218,135521000,13:55:25,8839,3,1600,132575,0,0,0
eb2202,20220218,20220218,135524500,13:55:25,8839,3,1600,132575,0,0,0
eb2202,20220218,20220218,135525000,13:55:26,8839,3,1600,132575,0,0,0
eb2202,20220218,20220218,135525500,13:55:26,8839,3,1600,132575,0,0,0
eb2202,20220218,20220218,135530500,13:55:31,8839,3,1600,132575,0,0,0
eb2202,20220218,20220218,135533000,13:55:33,8839,3,1600,132575,0,0,0
eb2202,20220218,20220218,135533500,13:55:33,8839,3,1600,132575,0,0,0
eb2202,20220218,20220218,135534000,13:55:34,8839,3,1600,132575,0,0,0
eb2202,20220218,20220218,135534500,13:55:34,8839,3,1600,132575,0,0,0
eb2202,20220218,20220218,135535000,13:55:35,8839,3,1600,132575,0,0,0
eb2202,20220218,20220218,135536000,13:55:36,8839,3,1600,132575,0,0,0
eb2202,20220218,20220218,135537000,13:55:37,8839,3,1600,132575,0,0,0
eb2202,20220218,20220218,135539000,13:55:39,8839,3,1600,132575,0,0,0
eb2202,20220218,20220218,135539500,13:55:40,8839,3,1600,132575,0,0,0
eb2202,20220218,20220218,135540500,13:55:41,8839,3,1600,132575,0,0,0
eb2202,20220218,20220218,135542500,13:55:42,8839,3,1600,132575,0,0,0
eb2202,20220218,20220218,135550500,13:55:50,8839,3,1600,132575,0,0,0
eb2202,20220218,20220218,135554500,13:55:54,8839,3,1600,132575,0,0,0
eb2202,20220218,20220218,135601000,13:56:02,8839,3,1600,132575,0,0,0
eb2202,20220218,20220218,135604000,13:56:23,8839,3,1600,132575,0,0,0
eb2202,20220218,20220218,135617500,13:56:23,8839,3,1600,132575,0,0,0
eb2202,20220218,20220218,135619000,13:56:23,8839,3,1600,132575,0,0,0
eb2202,20220218,20220218,135623000,13:56:24,8839,3,1600,132575,0,0,0
eb2202,20220218,20220218,135629500,13:56:35,8839,3,1600,132575,0,0,0
eb2202,20220218,20220218,135636000,13:56:36,8839,3,1600,132575,0,0,0
eb2202,20220218,20220218,135644000,13:56:44,8839,3,1600,132575,0,0,0
eb2202,20220218,20220218,135645500,13:56:47,8839,3,1600,132575,0,0,0
eb2202,20220218,20220218,135646000,13:56:47,8839,3,1600,132575,0,0,0
eb2202,20220218,20220218,135651000,13:56:51,8839,3,1600,132575,0,0,0
eb2202,20220218,20220218,135657000,13:56:57,8839,3,1600,132575,0,0,0
eb2202,20220218,20220218,135657500,13:56:58,8839,3,1600,132575,0,0,0
eb2202,20220218,20220218,135658500,13:56:59,8839,3,1600,132575,0,0,0
eb2202,20220218,20220218,135659000,13:56:59,8839,3,1600,132575,0,0,0
eb2202,20220218,20220218,135701500,13:57:02,8839,3,1600,132575,0,0,0
eb2202,20220218,20220218,135703500,13:57:04,8839,3,1600,132575,0,0,0
eb2202,20220218,20220218,135704000,13:57:04,8839,3,1600,132575,0,0,0
eb2202,20220218,20220218,135704500,13:57:04,8839,3,1600,132575,0,0,0
eb2202,20220218,20220218,135705000,13:57:05,8839,3,1600,132575,0,0,0
eb2202,20220218,20220218,135705500,13:57:05,8839,3,1600,132575,0,0,0
eb2202,20220218,20220218,135706000,13:57:06,8839,3,1600,132575,0,0,0
eb2202,20220218,20220218,135706500,13:57:06,8839,3,1600,132575,0,0,0
