eb2205,20220218,20220218,112003000,11:20:05,8895,14610,28319,648129600,14610,28,648129600
eb2205,20220218,20220218,112008000,11:20:10,8895,14610,28319,648129600,0,0,0
eb2205,20220218,20220218,112010000,11:20:10,8895,14610,28319,648129600,0,0,0
eb2205,20220218,20220218,112013500,11:20:13,8895,14612,28318,648218550,2,-1,88950
eb2205,20220218,20220218,112016000,11:20:16,8895,14612,28318,648218550,0,0,0
eb2205,20220218,20220218,112016500,11:20:16,8895,14612,28318,648218550,0,0,0
eb2205,20220218,20220218,112017000,11:20:17,8895,14612,28318,648218550,0,0,0
eb2205,20220218,20220218,112017500,11:20:17,8890,14618,28320,648485250,6,2,266700
eb2205,20220218,20220218,112018000,11:20:18,8890,14618,28320,648485250,0,0,0
eb2205,20220218,20220218,112018500,11:20:18,8890,14618,28320,648485250,0,0,0
eb2205,20220218,20220218,112019000,11:20:19,8890,14618,28320,648485250,0,0,0
eb2205,20220218,20220218,112021000,11:20:21,8890,14618,28320,648485250,0,0,0
eb2205,20220218,20220218,112021500,11:20:21,8890,14618,28320,648485250,0,0,0
eb2205,20220218,20220218,112026000,11:20:26,8890,14618,28320,648485250,0,0,0
eb2205,20220218,20220218,112030500,11:20:31,8890,14618,28320,648485250,0,0,0
eb2205,20220218,20220218,112032000,11:20:32,8890,14618,28320,648485250,0,0,0
eb2205,20220218,20220218,112032500,11:20:32,8890,14618,28320,648485250,0,0,0
eb2205,20220218,20220218,112033000,11:20:33,8890,14618,28320,648485250,0,0,0
eb2205,20220218,20220218,112038500,11:20:38,8890,14618,28320,648485250,0,0,0
eb2205,20220218,20220218,112039000,11:20:39,8890,14618,28320,648485250,0,0,0
eb2205,20220218,20220218,112039500,11:20:40,8890,14618,28320,648485250,0,0,0
eb2205,20220218,20220218,112040000,11:20:40,8890,14618,28320,648485250,0,0,0
eb2205,20220218,20220218,112040500,11:20:41,8890,14618,28320,648485250,0,0,0
eb2205,20220218,20220218,112041000,11:20:41,8890,14618,28320,648485250,0,0,0
eb2205,20220218,20220218,112042500,11:20:42,8890,14618,28320,648485250,0,0,0
eb2205,20220218,20220218,112043500,11:20:44,8890,14618,28320,648485250,0,0,0
eb2205,20220218,20220218,112044000,11:20:44,8890,14618,28320,648485250,0,0,0
eb2205,20220218,20220218,112044500,11:20:44,8890,14618,28320,648485250,0,0,0
eb2205,20220218,20220218,112045000,11:20:45,8890,14618,28320,648485250,0,0,0
eb2205,20220218,20220218,112045500,11:20:46,8890,14618,28320,648485250,0,0,0
eb2205,20220218,20220218,112046000,11:20:46,8890,14618,28320,648485250,0,0,0
eb2205,20220218,20220218,112046500,11:20:46,8890,14618,28320,648485250,0,0,0
eb2205,20220218,20220218,112051000,11:20:51,8890,14618,28320,648485250,0,0,0
eb2205,20220218,20220218,112052000,11:20:52,8890,14618,28320,648485250,0,0,0
eb2205,20220218,20220218,112052500,11:20:53,8890,14618,28320,648485250,0,0,0
eb2205,20220218,20220218,112053000,11:20:53,8890,14618,28320,648485250,0,0,0
eb2205,20220218,20220218,112053500,11:20:53,8890,14618,28320,648485250,0,0,0
eb2205,20220218,20220218,112054000,11:20:54,8890,14618,28320,648485250,0,0,0
eb2205,20220218,20220218,112054500,11:20:55,8890,14618,28320,648485250,0,0,0
eb2205,20220218,20220218,112055000,11:20:55,8890,14618,28320,648485250,0,0,0
eb2205,20220218,20220218,112057500,11:20:58,8890,14618,28320,648485250,0,0,0
eb2205,20220218,20220218,112058000,11:20:58,8890,14618,28320,648485250,0,0,0
eb2205,20220218,20220218,112058500,11:20:59,8890,14618,28320,648485250,0,0,0
eb2205,20220218,20220218,112059000,11:20:59,8890,14618,28320,648485250,0,0,0
eb2205,20220218,20220218,112059500,11:21:00,8890,14618,28320,648485250,0,0,0
eb2205,20220218,20220218,112100000,11:21:00,8890,14618,28320,648485250,0,0,0
eb2205,20220218,20220218,112100500,11:21:00,8890,14618,28320,648485250,0,0,0
eb2205,20220218,20220218,112101000,11:21:01,8890,14618,28320,648485250,0,0,0
eb2205,20220218,20220218,112101500,11:21:02,8890,14618,28320,648485250,0,0,0
eb2205,20220218,20220218,112103500,11:21:03,8894,14619,28320,648529720,1,0,44470
eb2205,20220218,20220218,112104000,11:21:04,8894,14619,28320,648529720,0,0,0
eb2205,20220218,20220218,112104500,11:21:05,8894,14619,28320,648529720,0,0,0
eb2205,20220218,20220218,112105000,11:21:05,8894,14619,28320,648529720,0,0,0
eb2205,20220218,20220218,112105500,11:21:06,8894,14619,28320,648529720,0,0,0
eb2205,20220218,20220218,112106000,11:21:07,8894,14619,28320,648529720,0,0,0
eb2205,20220218,20220218,112108500,11:21:10,8894,14619,28320,648529720,0,0,0
eb2205,20220218,20220218,112110000,11:21:10,8894,14619,28320,648529720,0,0,0
eb2205,20220218,20220218,112110500,11:21:11,8894,14619,28320,648529720,0,0,0
eb2205,20220218,20220218,112111000,11:21:11,8894,14619,28320,648529720,0,0,0
eb2205,20220218,20220218,112111500,11:21:12,8894,14619,28320,648529720,0,0,0
eb2205,20220218,20220218,112112500,11:21:12,8894,14619,28320,648529720,0,0,0
eb2205,20220218,20220218,112115000,11:21:15,8894,14619,28320,648529720,0,0,0
eb2205,20220218,20220218,112117500,11:21:18,8894,14619,28320,648529720,0,0,0
eb2205,20220218,20220218,112118000,11:21:18,8894,14620,28320,648574190,1,0,44470
eb2205,20220218,20220218,112118500,11:21:18,8894,14620,28320,648574190,0,0,0
eb2205,20220218,20220218,112119000,11:21:19,8894,14620,28320,648574190,0,0,0
eb2205,20220218,20220218,112119500,11:21:19,8894,14620,28320,648574190,0,0,0
eb2205,20220218,20220218,112120000,11:21:20,8894,14620,28320,648574190,0,0,0
eb2205,20220218,20220218,112123000,11:21:23,8894,14620,28320,648574190,0,0,0
eb2205,20220218,20220218,112123500,11:21:24,8894,14620,28320,648574190,0,0,0
eb2205,20220218,20220218,112124000,11:21:24,8894,14620,28320,648574190,0,0,0
eb2205,20220218,20220218,112124500,11:21:25,8894,14620,28320,648574190,0,0,0
eb2205,20220218,20220218,112125000,11:21:29,8894,14620,28320,648574190,0,0,0
eb2205,20220218,20220218,112125500,11:23:32,8894,14620,28320,648574190,0,0,0
eb2205,20220218,20220218,112126000,11:23:32,8894,14620,28320,648574190,0,0,0
eb2205,20220218,20220218,112331000,11:23:33,8894,14620,28320,648574190,0,0,0
eb2205,20220218,20220218,112334500,11:23:34,8894,14620,28320,648574190,0,0,0
eb2205,20220218,20220218,112335000,11:23:35,8894,14620,28320,648574190,0,0,0
eb2205,20220218,20220218,112335500,11:23:35,8894,14620,28320,648574190,0,0,0
eb2205,20220218,20220218,112336000,11:23:36,8894,14620,28320,648574190,0,0,0
eb2205,20220218,20220218,112337500,11:23:38,8894,14620,28320,648574190,0,0,0
eb2205,20220218,20220218,112344000,11:23:45,8894,14620,28320,648574190,0,0,0
eb2205,20220218,20220218,112344500,11:23:48,8894,14620,28320,648574190,0,0,0
eb2205,20220218,20220218,112345000,11:23:48,8894,14620,28320,648574190,0,0,0
eb2205,20220218,20220218,112345500,11:23:48,8894,14620,28320,648574190,0,0,0
eb2205,20220218,20220218,112346000,11:23:48,8894,14620,28320,648574190,0,0,0
eb2205,20220218,20220218,112347000,11:23:48,8894,14620,28320,648574190,0,0,0
eb2205,20220218,20220218,112349000,11:23:49,8894,14620,28320,648574190,0,0,0
eb2205,20220218,20220218,112349500,11:23:50,8894,14620,28320,648574190,0,0,0
eb2205,20220218,20220218,112350000,11:23:50,8894,14620,28320,648574190,0,0,0
eb2205,20220218,20220218,112351000,11:23:51,8894,14620,28320,648574190,0,0,0
eb2205,20220218,20220218,112352500,11:23:52,8894,14620,28320,648574190,0,0,0
eb2205,20220218,20220218,112355000,11:23:55,8894,14620,28320,648574190,0,0,0
eb2205,20220218,20220218,112358000,11:23:58,8894,14620,28320,648574190,0,0,0
eb2205,20220218,20220218,112358500,11:23:58,8894,14620,28320,648574190,0,0,0
eb2205,20220218,20220218,112359000,11:23:59,8894,14620,28320,648574190,0,0,0
eb2205,20220218,20220218,112400000,11:24:00,8894,14620,28320,648574190,0,0,0
eb2205,20220218,20220218,112400500,11:24:00,8894,14620,28320,648574190,0,0,0
eb2205,20220218,20220218,112401000,11:24:01,8894,14620,28320,648574190,0,0,0
eb2205,20220218,20220218,112401500,11:24:01,8894,14620,28320,648574190,0,0,0
eb2205,20220218,20220218,112404000,11:24:04,8894,14620,28320,648574190,0,0,0
eb2205,20220218,20220218,112404500,11:24:04,8886,14714,28316,652750640,94,-4,4176450
eb2205,20220218,20220218,112405000,11:24:05,8886,14714,28316,652750640,0,0,0
eb2205,20220218,20220218,112407000,11:24:07,8886,14718,28316,652928360,4,0,177720
eb2205,20220218,20220218,112407500,11:24:08,8886,14718,28316,652928360,0,0,0
eb2205,20220218,20220218,112408500,11:24:08,8887,14727,28316,653328275,9,0,399915
eb2205,20220218,20220218,112409000,11:24:09,8887,14727,28316,653328275,0,0,0
eb2205,20220218,20220218,112409500,11:24:11,8887,14727,28316,653328275,0,0,0
eb2205,20220218,20220218,112410000,11:24:12,8887,14727,28316,653328275,0,0,0
eb2205,20220218,20220218,112415000,11:24:15,8887,14727,28316,653328275,0,0,0
eb2205,20220218,20220218,112415500,11:24:15,8887,14727,28316,653328275,0,0,0
eb2205,20220218,20220218,112417500,11:24:18,8887,14727,28316,653328275,0,0,0
eb2205,20220218,20220218,112418000,11:24:18,8887,14727,28316,653328275,0,0,0
eb2205,20220218,20220218,112419500,11:24:19,8887,14727,28316,653328275,0,0,0
eb2205,20220218,20220218,112420000,11:24:20,8888,14728,28317,653372715,1,1,44440
eb2205,20220218,20220218,112420500,11:24:20,8888,14728,28317,653372715,0,0,0
eb2205,20220218,20220218,112421000,11:24:21,8888,14728,28317,653372715,0,0,0
eb2205,20220218,20220218,112422500,11:24:23,8888,14728,28317,653372715,0,0,0
eb2205,20220218,20220218,112423000,11:24:23,8888,14728,28317,653372715,0,0,0
eb2205,20220218,20220218,112426000,11:24:26,8888,14728,28317,653372715,0,0,0
eb2205,20220218,20220218,112426500,11:24:26,8888,14728,28317,653372715,0,0,0
eb2205,20220218,20220218,112434500,11:24:34,8888,14728,28317,653372715,0,0,0
eb2205,20220218,20220218,112435000,11:24:35,8888,14728,28317,653372715,0,0,0
eb2205,20220218,20220218,112435500,11:24:35,8888,14728,28317,653372715,0,0,0
eb2205,20220218,20220218,112436000,11:24:36,8888,14728,28317,653372715,0,0,0
eb2205,20220218,20220218,112449000,11:24:49,8888,14728,28317,653372715,0,0,0
eb2205,20220218,20220218,112449500,11:24:49,8888,14728,28317,653372715,0,0,0
eb2205,20220218,20220218,112450000,11:24:50,8888,14728,28317,653372715,0,0,0
eb2205,20220218,20220218,112454000,11:24:54,8888,14728,28317,653372715,0,0,0
eb2205,20220218,20220218,112456000,11:24:56,8888,14728,28317,653372715,0,0,0
eb2205,20220218,20220218,112456500,11:24:56,8888,14728,28317,653372715,0,0,0
eb2205,20220218,20220218,112501000,11:25:01,8888,14728,28317,653372715,0,0,0
eb2205,20220218,20220218,112501500,11:25:03,8888,14728,28317,653372715,0,0,0
eb2205,20220218,20220218,112502000,11:25:05,8888,14728,28317,653372715,0,0,0
eb2205,20220218,20220218,112502500,11:25:06,8888,14728,28317,653372715,0,0,0
eb2205,20220218,20220218,112503000,11:25:06,8888,14728,28317,653372715,0,0,0
eb2205,20220218,20220218,112504500,11:25:06,8888,14728,28317,653372715,0,0,0
eb2205,20220218,20220218,112506000,11:25:06,8894,14765,28320,655017860,37,3,1645145
eb2205,20220218,20220218,112506500,11:25:07,8894,14783,28329,655818320,18,9,800460
eb2205,20220218,20220218,112507000,11:25:07,8894,14783,28329,655818320,0,0,0
eb2205,20220218,20220218,112507500,11:25:07,8894,14783,28329,655818320,0,0,0
eb2205,20220218,20220218,112508000,11:25:08,8893,14791,28335,656174040,8,6,355720
eb2205,20220218,20220218,112508500,11:25:08,8891,14800,28336,656574155,9,1,400115
eb2205,20220218,20220218,112509000,11:25:09,8891,14800,28336,656574155,0,0,0
eb2205,20220218,20220218,112509500,11:25:09,8891,14800,28336,656574155,0,0,0
eb2205,20220218,20220218,112510000,11:25:10,8891,14800,28336,656574155,0,0,0
eb2205,20220218,20220218,112510500,11:25:10,8891,14800,28336,656574155,0,0,0
eb2205,20220218,20220218,112511000,11:25:11,8891,14800,28336,656574155,0,0,0
eb2205,20220218,20220218,112511500,11:25:11,8891,14800,28336,656574155,0,0,0
eb2205,20220218,20220218,112514000,11:25:15,8891,14800,28336,656574155,0,0,0
eb2205,20220218,20220218,112514500,11:25:15,8891,14800,28336,656574155,0,0,0
eb2205,20220218,20220218,112515000,11:25:16,8891,14800,28336,656574155,0,0,0
eb2205,20220218,20220218,112517500,11:25:18,8891,14800,28336,656574155,0,0,0
eb2205,20220218,20220218,112518000,11:25:18,8891,14800,28336,656574155,0,0,0
eb2205,20220218,20220218,112518500,11:25:19,8891,14800,28336,656574155,0,0,0
eb2205,20220218,20220218,112519000,11:25:19,8891,14800,28336,656574155,0,0,0
eb2205,20220218,20220218,112520000,11:25:20,8891,14800,28336,656574155,0,0,0
eb2205,20220218,20220218,112520500,11:25:21,8891,14800,28336,656574155,0,0,0
eb2205,20220218,20220218,112521000,11:25:21,8891,14800,28336,656574155,0,0,0
eb2205,20220218,20220218,112521500,11:25:22,8891,14800,28336,656574155,0,0,0
eb2205,20220218,20220218,112522000,11:25:22,8891,14800,28336,656574155,0,0,0
eb2205,20220218,20220218,112524000,11:25:25,8891,14800,28336,656574155,0,0,0
eb2205,20220218,20220218,112524500,11:25:25,8891,14800,28336,656574155,0,0,0
eb2205,20220218,20220218,112525000,11:25:25,8891,14800,28336,656574155,0,0,0
eb2205,20220218,20220218,112526000,11:25:26,8891,14800,28336,656574155,0,0,0
eb2205,20220218,20220218,112529000,11:25:29,8891,14800,28336,656574155,0,0,0
eb2205,20220218,20220218,112529500,11:25:30,8891,14800,28336,656574155,0,0,0
eb2205,20220218,20220218,112530000,11:25:30,8885,14801,28337,656618580,1,1,44425
eb2205,20220218,20220218,112530500,11:25:31,8882,14830,28349,657906610,29,12,1288030
eb2205,20220218,20220218,112531000,11:25:31,8881,14839,28349,658306255,9,0,399645
eb2205,20220218,20220218,112531500,11:25:32,8880,14843,28352,658483855,4,3,177600
eb2205,20220218,20220218,112532000,11:25:32,8881,14846,28353,658617065,3,1,133210
eb2205,20220218,20220218,112532500,11:25:32,8881,14846,28353,658617065,0,0,0
eb2205,20220218,20220218,112533000,11:25:33,8881,14846,28353,658617065,0,0,0
eb2205,20220218,20220218,112533500,11:25:33,8881,14846,28353,658617065,0,0,0
eb2205,20220218,20220218,112534000,11:25:34,8881,14846,28353,658617065,0,0,0
eb2205,20220218,20220218,112534500,11:25:34,8881,14846,28353,658617065,0,0,0
eb2205,20220218,20220218,112535000,11:25:36,8881,14848,28355,658705875,2,2,88810
eb2205,20220218,20220218,112535500,11:25:37,8881,14848,28355,658705875,0,0,0
eb2205,20220218,20220218,112536000,11:25:37,8881,14848,28355,658705875,0,0,0
eb2205,20220218,20220218,112536500,11:25:37,8881,14848,28355,658705875,0,0,0
eb2205,20220218,20220218,112539500,11:25:40,8881,14848,28355,658705875,0,0,0
eb2205,20220218,20220218,112540500,11:25:40,8881,14848,28355,658705875,0,0,0
eb2205,20220218,20220218,112542000,11:25:42,8881,14848,28355,658705875,0,0,0
eb2205,20220218,20220218,112543500,11:25:43,8881,14848,28355,658705875,0,0,0
eb2205,20220218,20220218,112545000,11:25:45,8884,14864,28349,659416595,16,-6,710720
eb2205,20220218,20220218,112545500,11:25:46,8884,14864,28349,659416595,0,0,0
eb2205,20220218,20220218,112546000,11:25:47,8884,14864,28349,659416595,0,0,0
eb2205,20220218,20220218,112546500,11:25:47,8884,14864,28349,659416595,0,0,0
eb2205,20220218,20220218,112547000,11:25:48,8884,14864,28349,659416595,0,0,0
eb2205,20220218,20220218,112547500,11:25:48,8884,14864,28349,659416595,0,0,0
eb2205,20220218,20220218,112548000,11:25:48,8884,14864,28349,659416595,0,0,0
eb2205,20220218,20220218,112548500,11:25:48,8884,14864,28349,659416595,0,0,0
eb2205,20220218,20220218,112549500,11:25:49,8883,14865,28349,659461010,1,0,44415
eb2205,20220218,20220218,112551000,11:25:51,8883,14865,28349,659461010,0,0,0
eb2205,20220218,20220218,112551500,11:25:51,8883,14866,28349,659505425,1,0,44415
eb2205,20220218,20220218,112552000,11:25:52,8883,14866,28349,659505425,0,0,0
eb2205,20220218,20220218,112552500,11:25:52,8883,14866,28349,659505425,0,0,0
eb2205,20220218,20220218,112553000,11:25:53,8883,14866,28349,659505425,0,0,0
eb2205,20220218,20220218,112553500,11:25:54,8883,14867,28349,659549840,1,0,44415
eb2205,20220218,20220218,112554000,11:25:54,8882,14869,28351,659638660,2,2,88820
eb2205,20220218,20220218,112554500,11:25:54,8882,14869,28351,659638660,0,0,0
eb2205,20220218,20220218,112555000,11:25:55,8882,14869,28351,659638660,0,0,0
eb2205,20220218,20220218,112555500,11:25:56,8882,14869,28351,659638660,0,0,0
eb2205,20220218,20220218,112556000,11:25:57,8882,14869,28351,659638660,0,0,0
eb2205,20220218,20220218,112556500,11:25:57,8882,14869,28351,659638660,0,0,0
eb2205,20220218,20220218,112557000,11:25:57,8882,14869,28351,659638660,0,0,0
eb2205,20220218,20220218,112602000,11:26:03,8882,14869,28351,659638660,0,0,0
eb2205,20220218,20220218,112602500,11:26:03,8882,14869,28351,659638660,0,0,0
eb2205,20220218,20220218,112603000,11:26:03,8882,14869,28351,659638660,0,0,0
eb2205,20220218,20220218,112604500,11:26:05,8882,14869,28351,659638660,0,0,0
eb2205,20220218,20220218,112605000,11:26:05,8885,14870,28350,659683085,1,-1,44425
eb2205,20220218,20220218,112605500,11:26:05,8884,14875,28346,659905225,5,-4,222140
eb2205,20220218,20220218,112606000,11:26:06,8887,14879,28342,660082965,4,-4,177740
eb2205,20220218,20220218,112606500,11:26:06,8887,14879,28342,660082965,0,0,0
eb2205,20220218,20220218,112607000,11:26:09,8887,14879,28342,660082965,0,0,0
eb2205,20220218,20220218,112607500,11:26:09,8887,14879,28342,660082965,0,0,0
eb2205,20220218,20220218,112608000,11:26:09,8887,14879,28342,660082965,0,0,0
eb2205,20220218,20220218,112609500,11:26:10,8887,14879,28342,660082965,0,0,0
eb2205,20220218,20220218,112610000,11:26:10,8887,14879,28342,660082965,0,0,0
eb2205,20220218,20220218,112611000,11:26:11,8887,14879,28342,660082965,0,0,0
eb2205,20220218,20220218,112612000,11:26:14,8890,14880,28343,660127415,1,1,44450
eb2205,20220218,20220218,112612500,11:26:14,8890,14880,28343,660127415,0,0,0
eb2205,20220218,20220218,112613000,11:26:15,8890,14880,28343,660127415,0,0,0
eb2205,20220218,20220218,112614000,11:26:15,8890,14880,28343,660127415,0,0,0
eb2205,20220218,20220218,112614500,11:26:15,8890,14880,28343,660127415,0,0,0
eb2205,20220218,20220218,112615000,11:26:16,8890,14880,28343,660127415,0,0,0
eb2205,20220218,20220218,112615500,11:26:16,8890,14880,28343,660127415,0,0,0
eb2205,20220218,20220218,112616000,11:26:16,8890,14880,28343,660127415,0,0,0
eb2205,20220218,20220218,112616500,11:26:16,8890,14884,28344,660305215,4,1,177800
eb2205,20220218,20220218,112617000,11:26:17,8890,14884,28344,660305215,0,0,0
eb2205,20220218,20220218,112617500,11:26:17,8890,14884,28344,660305215,0,0,0
eb2205,20220218,20220218,112618000,11:26:18,8890,14884,28344,660305215,0,0,0
eb2205,20220218,20220218,112618500,11:26:18,8890,14884,28344,660305215,0,0,0
eb2205,20220218,20220218,112619000,11:26:19,8890,14884,28344,660305215,0,0,0
eb2205,20220218,20220218,112619500,11:26:20,8890,14884,28344,660305215,0,0,0
eb2205,20220218,20220218,112620000,11:26:20,8890,14884,28344,660305215,0,0,0
eb2205,20220218,20220218,112620500,11:26:20,8890,14884,28344,660305215,0,0,0
eb2205,20220218,20220218,112621500,11:26:21,8890,14884,28344,660305215,0,0,0
eb2205,20220218,20220218,112622000,11:26:22,8890,14884,28344,660305215,0,0,0
eb2205,20220218,20220218,112622500,11:26:22,8890,14884,28344,660305215,0,0,0
eb2205,20220218,20220218,112623500,11:26:23,8890,14884,28344,660305215,0,0,0
eb2205,20220218,20220218,112624000,11:26:24,8890,14884,28344,660305215,0,0,0
eb2205,20220218,20220218,112624500,11:26:24,8890,14884,28344,660305215,0,0,0
eb2205,20220218,20220218,112625000,11:26:25,8890,14884,28344,660305215,0,0,0
eb2205,20220218,20220218,112625500,11:26:25,8890,14885,28344,660349665,1,0,44450
eb2205,20220218,20220218,112626000,11:26:26,8890,14885,28344,660349665,0,0,0
eb2205,20220218,20220218,112626500,11:26:26,8890,14885,28344,660349665,0,0,0
eb2205,20220218,20220218,112629000,11:26:29,8890,14885,28344,660349665,0,0,0
eb2205,20220218,20220218,112629500,11:26:30,8890,14885,28344,660349665,0,0,0
eb2205,20220218,20220218,112630000,11:26:31,8890,14885,28344,660349665,0,0,0
eb2205,20220218,20220218,112630500,11:26:31,8890,14885,28344,660349665,0,0,0
eb2205,20220218,20220218,112631000,11:26:31,8890,14885,28344,660349665,0,0,0
eb2205,20220218,20220218,112632000,11:26:32,8890,14885,28344,660349665,0,0,0
eb2205,20220218,20220218,112632500,11:26:32,8890,14885,28344,660349665,0,0,0
eb2205,20220218,20220218,112633000,11:26:33,8890,14885,28344,660349665,0,0,0
eb2205,20220218,20220218,112634000,11:26:34,8890,14885,28344,660349665,0,0,0
eb2205,20220218,20220218,112637000,11:26:39,8890,14885,28344,660349665,0,0,0
eb2205,20220218,20220218,112637500,11:26:54,8890,14885,28344,660349665,0,0,0
eb2205,20220218,20220218,112638000,11:27:10,8890,14885,28344,660349665,0,0,0
eb2205,20220218,20220218,112638500,11:27:10,8890,14885,28344,660349665,0,0,0
eb2205,20220218,20220218,112653500,11:27:11,8890,14885,28344,660349665,0,0,0
eb2205,20220218,20220218,112710000,11:27:12,8890,14885,28344,660349665,0,0,0
eb2205,20220218,20220218,112710500,11:27:12,8890,14885,28344,660349665,0,0,0
eb2205,20220218,20220218,112712000,11:27:12,8890,14885,28344,660349665,0,0,0
eb2205,20220218,20220218,112712500,11:27:13,8890,14885,28344,660349665,0,0,0
eb2205,20220218,20220218,112715000,11:27:15,8890,14885,28344,660349665,0,0,0
eb2205,20220218,20220218,112715500,11:27:16,8890,14885,28344,660349665,0,0,0
eb2205,20220218,20220218,112716000,11:27:16,8890,14885,28344,660349665,0,0,0
eb2205,20220218,20220218,112716500,11:27:17,8890,14885,28344,660349665,0,0,0
eb2205,20220218,20220218,112717000,11:27:17,8890,14885,28344,660349665,0,0,0
eb2205,20220218,20220218,112718500,11:27:19,8890,14885,28344,660349665,0,0,0
eb2205,20220218,20220218,112719000,11:27:19,8890,14885,28344,660349665,0,0,0
eb2205,20220218,20220218,112720000,11:27:20,8896,14888,28344,660483020,3,0,133355
eb2205,20220218,20220218,112720500,11:27:21,8896,14888,28344,660483020,0,0,0
eb2205,20220218,20220218,112721000,11:27:21,8896,14890,28346,660571990,2,2,88970
eb2205,20220218,20220218,112721500,11:27:22,8896,14890,28346,660571990,0,0,0
eb2205,20220218,20220218,112722000,11:27:22,8896,14890,28346,660571990,0,0,0
eb2205,20220218,20220218,112722500,11:27:22,8896,14890,28346,660571990,0,0,0
eb2205,20220218,20220218,112723000,11:27:26,8896,14890,28346,660571990,0,0,0
eb2205,20220218,20220218,112723500,11:27:27,8896,14890,28346,660571990,0,0,0
eb2205,20220218,20220218,112724000,11:27:27,8896,14890,28346,660571990,0,0,0
eb2205,20220218,20220218,112726000,11:27:27,8896,14890,28346,660571990,0,0,0
eb2205,20220218,20220218,112728000,11:27:28,8896,14890,28346,660571990,0,0,0
eb2205,20220218,20220218,112728500,11:27:28,8896,14890,28346,660571990,0,0,0
eb2205,20220218,20220218,112729000,11:27:29,8898,14895,28346,660794440,5,0,222450
eb2205,20220218,20220218,112729500,11:27:29,8898,14895,28346,660794440,0,0,0
eb2205,20220218,20220218,112730000,11:27:30,8898,14895,28346,660794440,0,0,0
eb2205,20220218,20220218,112730500,11:27:31,8898,14895,28346,660794440,0,0,0
eb2205,20220218,20220218,112731000,11:27:32,8898,14895,28346,660794440,0,0,0
eb2205,20220218,20220218,112731500,11:27:35,8898,14895,28346,660794440,0,0,0
eb2205,20220218,20220218,112732000,11:27:35,8898,14895,28346,660794440,0,0,0
eb2205,20220218,20220218,112732500,11:27:36,8898,14895,28346,660794440,0,0,0
eb2205,20220218,20220218,112735500,11:27:36,8898,14895,28346,660794440,0,0,0
eb2205,20220218,20220218,112736500,11:27:37,8898,14895,28346,660794440,0,0,0
eb2205,20220218,20220218,112737000,11:27:38,8898,14895,28346,660794440,0,0,0
eb2205,20220218,20220218,112744500,11:27:45,8898,14895,28346,660794440,0,0,0
eb2205,20220218,20220218,112747500,11:27:47,8898,14895,28346,660794440,0,0,0
eb2205,20220218,20220218,112748500,11:27:54,8898,14895,28346,660794440,0,0,0
eb2205,20220218,20220218,112749000,11:27:54,8898,14895,28346,660794440,0,0,0
eb2205,20220218,20220218,112751500,11:27:54,8898,14895,28346,660794440,0,0,0
eb2205,20220218,20220218,112800000,11:28:00,8898,14895,28346,660794440,0,0,0
eb2205,20220218,20220218,112800500,11:28:01,8898,14895,28346,660794440,0,0,0
eb2205,20220218,20220218,112801000,11:28:01,8896,14911,28339,661506010,16,-7,711570
eb2205,20220218,20220218,112801500,11:28:02,8896,14911,28339,661506010,0,0,0
eb2205,20220218,20220218,112802000,11:28:03,8897,14915,28336,661683950,4,-3,177940
eb2205,20220218,20220218,112802500,11:28:03,8896,14917,28335,661772910,2,-1,88960
eb2205,20220218,20220218,112803000,11:28:04,8896,14921,28335,661950830,4,0,177920
eb2205,20220218,20220218,112803500,11:28:04,8897,14925,28332,662128770,4,-3,177940
eb2205,20220218,20220218,112804000,11:28:04,8897,14925,28332,662128770,0,0,0
eb2205,20220218,20220218,112804500,11:28:05,8900,14928,28332,662262260,3,0,133490
eb2205,20220218,20220218,112805000,11:28:06,8900,14928,28332,662262260,0,0,0
eb2205,20220218,20220218,112805500,11:28:06,8900,14928,28332,662262260,0,0,0
eb2205,20220218,20220218,112806000,11:28:10,8900,14928,28332,662262260,0,0,0
eb2205,20220218,20220218,112806500,11:28:10,8900,14928,28332,662262260,0,0,0
eb2205,20220218,20220218,112807000,11:28:10,8900,14928,28332,662262260,0,0,0
eb2205,20220218,20220218,112807500,11:28:11,8900,14928,28332,662262260,0,0,0
eb2205,20220218,20220218,112810000,11:28:11,8901,14934,28334,662529290,6,2,267030
eb2205,20220218,20220218,112810500,11:28:11,8901,14934,28334,662529290,0,0,0
eb2205,20220218,20220218,112811000,11:28:12,8901,14934,28334,662529290,0,0,0
eb2205,20220218,20220218,112811500,11:28:12,8901,14934,28334,662529290,0,0,0
eb2205,20220218,20220218,112818000,11:28:18,8901,14934,28334,662529290,0,0,0
eb2205,20220218,20220218,112818500,11:28:18,8901,14934,28334,662529290,0,0,0
eb2205,20220218,20220218,112819000,11:28:19,8901,14934,28334,662529290,0,0,0
eb2205,20220218,20220218,112821000,11:28:21,8901,14934,28334,662529290,0,0,0
eb2205,20220218,20220218,112821500,11:28:22,8901,14934,28334,662529290,0,0,0
eb2205,20220218,20220218,112822000,11:28:22,8901,14934,28334,662529290,0,0,0
eb2205,20220218,20220218,112822500,11:28:22,8901,14934,28334,662529290,0,0,0
eb2205,20220218,20220218,112823000,11:28:23,8901,14934,28334,662529290,0,0,0
eb2205,20220218,20220218,112825500,11:28:25,8901,14934,28334,662529290,0,0,0
eb2205,20220218,20220218,112827000,11:28:27,8901,14934,28334,662529290,0,0,0
eb2205,20220218,20220218,112827500,11:28:27,8901,14934,28334,662529290,0,0,0
eb2205,20220218,20220218,112828000,11:28:28,8901,14934,28334,662529290,0,0,0
eb2205,20220218,20220218,112828500,11:28:28,8901,14934,28334,662529290,0,0,0
eb2205,20220218,20220218,112830000,11:28:30,8901,14934,28334,662529290,0,0,0
eb2205,20220218,20220218,112830500,11:28:31,8901,14936,28335,662618300,2,1,89010
eb2205,20220218,20220218,112831000,11:28:31,8901,14936,28335,662618300,0,0,0
eb2205,20220218,20220218,112831500,11:28:31,8901,14936,28335,662618300,0,0,0
eb2205,20220218,20220218,112832000,11:28:32,8901,14936,28335,662618300,0,0,0
eb2205,20220218,20220218,112832500,11:28:33,8901,14936,28335,662618300,0,0,0
eb2205,20220218,20220218,112833500,11:28:33,8901,14936,28335,662618300,0,0,0
eb2205,20220218,20220218,112834000,11:28:34,8901,14936,28335,662618300,0,0,0
eb2205,20220218,20220218,112836000,11:28:37,8897,14942,28329,662885210,6,-6,266910
eb2205,20220218,20220218,112836500,11:28:37,8897,14942,28329,662885210,0,0,0
eb2205,20220218,20220218,112837000,11:28:37,8897,14942,28329,662885210,0,0,0
eb2205,20220218,20220218,112837500,11:28:37,8897,14942,28329,662885210,0,0,0
eb2205,20220218,20220218,112838000,11:28:38,8897,14942,28329,662885210,0,0,0
eb2205,20220218,20220218,112838500,11:28:38,8897,14942,28329,662885210,0,0,0
eb2205,20220218,20220218,112839000,11:28:39,8897,14942,28329,662885210,0,0,0
eb2205,20220218,20220218,112839500,11:28:40,8897,14942,28329,662885210,0,0,0
eb2205,20220218,20220218,112843000,11:28:43,8897,14942,28329,662885210,0,0,0
eb2205,20220218,20220218,112843500,11:28:44,8897,14942,28329,662885210,0,0,0
eb2205,20220218,20220218,112846500,11:28:46,8897,14942,28329,662885210,0,0,0
eb2205,20220218,20220218,112847000,11:28:47,8897,14942,28329,662885210,0,0,0
eb2205,20220218,20220218,112847500,11:28:48,8897,14942,28329,662885210,0,0,0
eb2205,20220218,20220218,112848500,11:28:48,8897,14942,28329,662885210,0,0,0
eb2205,20220218,20220218,112849000,11:28:49,8897,14942,28329,662885210,0,0,0
eb2205,20220218,20220218,112851500,11:28:51,8897,14942,28329,662885210,0,0,0
eb2205,20220218,20220218,112853000,11:28:54,8897,14942,28329,662885210,0,0,0
eb2205,20220218,20220218,112853500,11:28:54,8897,14942,28329,662885210,0,0,0
eb2205,20220218,20220218,112854500,11:28:54,8901,14943,28329,662929715,1,0,44505
eb2205,20220218,20220218,112858000,11:28:58,8901,14943,28329,662929715,0,0,0
eb2205,20220218,20220218,112858500,11:28:59,8897,14947,28325,663107655,4,-4,177940
eb2205,20220218,20220218,112859000,11:28:59,8897,14947,28325,663107655,0,0,0
eb2205,20220218,20220218,112859500,11:29:00,8897,14947,28325,663107655,0,0,0
eb2205,20220218,20220218,112900000,11:29:00,8897,14947,28325,663107655,0,0,0
eb2205,20220218,20220218,112900500,11:29:01,8897,14947,28325,663107655,0,0,0
eb2205,20220218,20220218,112901000,11:29:01,8897,14947,28325,663107655,0,0,0
eb2205,20220218,20220218,112901500,11:29:01,8897,14947,28325,663107655,0,0,0
eb2205,20220218,20220218,112902000,11:29:02,8897,14947,28325,663107655,0,0,0
eb2205,20220218,20220218,112902500,11:29:03,8897,14947,28325,663107655,0,0,0
eb2205,20220218,20220218,112903000,11:29:03,8897,14947,28325,663107655,0,0,0
eb2205,20220218,20220218,112903500,11:29:04,8897,14947,28325,663107655,0,0,0
eb2205,20220218,20220218,112904000,11:29:04,8897,14947,28325,663107655,0,0,0
eb2205,20220218,20220218,112904500,11:29:04,8897,14947,28325,663107655,0,0,0
eb2205,20220218,20220218,112905000,11:29:05,8897,14947,28325,663107655,0,0,0
eb2205,20220218,20220218,112905500,11:29:06,8897,14947,28325,663107655,0,0,0
eb2205,20220218,20220218,112906000,11:29:06,8897,14947,28325,663107655,0,0,0
eb2205,20220218,20220218,112906500,11:29:06,8897,14947,28325,663107655,0,0,0
eb2205,20220218,20220218,112907000,11:29:07,8897,14947,28325,663107655,0,0,0
eb2205,20220218,20220218,112907500,11:29:08,8897,14947,28325,663107655,0,0,0
eb2205,20220218,20220218,112908000,11:29:08,8897,14947,28325,663107655,0,0,0
eb2205,20220218,20220218,112908500,11:29:08,8897,14947,28325,663107655,0,0,0
eb2205,20220218,20220218,112909000,11:29:09,8897,14947,28325,663107655,0,0,0
eb2205,20220218,20220218,112909500,11:29:09,8897,14947,28325,663107655,0,0,0
eb2205,20220218,20220218,112910000,11:29:10,8897,14947,28325,663107655,0,0,0
eb2205,20220218,20220218,112910500,11:29:10,8897,14947,28325,663107655,0,0,0
eb2205,20220218,20220218,112911000,11:29:11,8897,14947,28325,663107655,0,0,0
eb2205,20220218,20220218,112911500,11:29:12,8897,14947,28325,663107655,0,0,0
eb2205,20220218,20220218,112912000,11:29:12,8897,14947,28325,663107655,0,0,0
eb2205,20220218,20220218,112912500,11:29:12,8897,14947,28325,663107655,0,0,0
eb2205,20220218,20220218,112913000,11:29:13,8897,14947,28325,663107655,0,0,0
eb2205,20220218,20220218,112913500,11:29:14,8897,14947,28325,663107655,0,0,0
eb2205,20220218,20220218,112914000,11:29:14,8897,14947,28325,663107655,0,0,0
eb2205,20220218,20220218,112914500,11:29:14,8897,14947,28325,663107655,0,0,0
eb2205,20220218,20220218,112915000,11:29:15,8897,14947,28325,663107655,0,0,0
eb2205,20220218,20220218,112915500,11:29:16,8897,14947,28325,663107655,0,0,0
eb2205,20220218,20220218,112916000,11:29:16,8897,14947,28325,663107655,0,0,0
eb2205,20220218,20220218,112916500,11:29:17,8897,14947,28325,663107655,0,0,0
eb2205,20220218,20220218,112917000,11:29:20,8897,14947,28325,663107655,0,0,0
eb2205,20220218,20220218,112917500,11:29:20,8897,14947,28325,663107655,0,0,0
eb2205,20220218,20220218,112918000,11:29:21,8897,14947,28325,663107655,0,0,0
eb2205,20220218,20220218,112920500,11:29:21,8897,14947,28325,663107655,0,0,0
eb2205,20220218,20220218,112921000,11:29:22,8897,14947,28325,663107655,0,0,0
eb2205,20220218,20220218,112921500,11:29:23,8897,14947,28325,663107655,0,0,0
eb2205,20220218,20220218,112922000,11:29:24,8897,14947,28325,663107655,0,0,0
eb2205,20220218,20220218,112922500,11:29:24,8897,14947,28325,663107655,0,0,0
eb2205,20220218,20220218,112923000,11:29:24,8897,14947,28325,663107655,0,0,0
eb2205,20220218,20220218,112924000,11:29:24,8897,14947,28325,663107655,0,0,0
eb2205,20220218,20220218,112924500,11:29:24,8897,14947,28325,663107655,0,0,0
eb2205,20220218,20220218,112925000,11:29:25,8897,14947,28325,663107655,0,0,0
eb2205,20220218,20220218,112925500,11:29:25,8897,14947,28325,663107655,0,0,0
eb2205,20220218,20220218,112926000,11:29:26,8897,14947,28325,663107655,0,0,0
eb2205,20220218,20220218,112933000,11:29:37,8897,14947,28325,663107655,0,0,0
eb2205,20220218,20220218,112933500,11:29:37,8897,14947,28325,663107655,0,0,0
eb2205,20220218,20220218,112936500,11:29:38,8897,14947,28325,663107655,0,0,0
eb2205,20220218,20220218,112937000,11:29:38,8897,14947,28325,663107655,0,0,0
eb2205,20220218,20220218,112946500,11:29:47,8897,14948,28326,663152140,1,1,44485
eb2205,20220218,20220218,112947000,11:29:47,8897,14951,28326,663285595,3,0,133455
eb2205,20220218,20220218,112947500,11:29:48,8897,14951,28326,663285595,0,0,0
eb2205,20220218,20220218,112948000,11:29:48,8897,14951,28326,663285595,0,0,0
eb2205,20220218,20220218,112948500,11:29:49,8897,14951,28326,663285595,0,0,0
eb2205,20220218,20220218,112949000,11:29:50,8897,14951,28326,663285595,0,0,0
eb2205,20220218,20220218,112949500,11:29:50,8897,14951,28326,663285595,0,0,0
eb2205,20220218,20220218,112950000,11:29:51,8897,14951,28326,663285595,0,0,0
eb2205,20220218,20220218,112950500,11:29:51,8897,14951,28326,663285595,0,0,0
eb2205,20220218,20220218,112951500,11:29:52,8897,14951,28326,663285595,0,0,0
eb2205,20220218,20220218,112952000,11:29:52,8897,14951,28326,663285595,0,0,0
eb2205,20220218,20220218,112952500,11:29:53,8897,14951,28326,663285595,0,0,0
eb2205,20220218,20220218,112953000,11:29:53,8897,14951,28326,663285595,0,0,0
eb2205,20220218,20220218,112954000,11:29:54,8897,14951,28326,663285595,0,0,0
eb2205,20220218,20220218,112957500,11:30:02,8897,14951,28326,663285595,0,0,0
eb2205,20220218,20220218,112959500,11:30:02,8897,14951,28326,663285595,0,0,0
eb2205,20220218,20220218,113001000,11:30:03,8897,14951,28326,663285595,0,0,0
eb2205,20220218,20220218,113001500,11:30:03,8897,14951,28326,663285595,0,0,0
eb2205,20220218,20220218,133001500,13:30:02,8906,14954,28325,663419165,3,-1,133570
eb2205,20220218,20220218,133002000,13:30:08,8902,14957,28327,663552695,3,2,133530
eb2205,20220218,20220218,133002500,13:30:09,8902,14959,28327,663641735,2,0,89040
eb2205,20220218,20220218,133008500,13:30:10,8902,14959,28327,663641735,0,0,0
eb2205,20220218,20220218,133009500,13:30:10,8896,14967,28327,663997775,8,0,356040
eb2205,20220218,20220218,133010000,13:30:11,8896,14967,28327,663997775,0,0,0
eb2205,20220218,20220218,133010500,13:30:12,8896,14967,28327,663997775,0,0,0
eb2205,20220218,20220218,133011000,13:30:12,8896,14967,28327,663997775,0,0,0
eb2205,20220218,20220218,133011500,13:30:13,8896,14967,28327,663997775,0,0,0
eb2205,20220218,20220218,133012500,13:30:13,8896,14967,28327,663997775,0,0,0
eb2205,20220218,20220218,133013000,13:30:13,8896,14967,28327,663997775,0,0,0
eb2205,20220218,20220218,133013500,13:30:14,8896,14967,28327,663997775,0,0,0
eb2205,20220218,20220218,133014000,13:30:16,8896,14967,28327,663997775,0,0,0
eb2205,20220218,20220218,133014500,13:30:17,8896,14967,28327,663997775,0,0,0
eb2205,20220218,20220218,133015000,13:30:17,8896,14967,28327,663997775,0,0,0
eb2205,20220218,20220218,133016000,13:30:18,8896,14967,28327,663997775,0,0,0
eb2205,20220218,20220218,133017000,13:30:18,8896,14967,28327,663997775,0,0,0
eb2205,20220218,20220218,133017500,13:30:19,8896,14967,28327,663997775,0,0,0
eb2205,20220218,20220218,133018000,13:30:19,8896,14967,28327,663997775,0,0,0
eb2205,20220218,20220218,133018500,13:30:20,8896,14967,28327,663997775,0,0,0
eb2205,20220218,20220218,133019000,13:30:20,8896,14967,28327,663997775,0,0,0
eb2205,20220218,20220218,133019500,13:30:20,8896,14967,28327,663997775,0,0,0
eb2205,20220218,20220218,133020000,13:30:21,8896,14967,28327,663997775,0,0,0
eb2205,20220218,20220218,133020500,13:30:21,8896,14967,28327,663997775,0,0,0
eb2205,20220218,20220218,133021500,13:30:22,8896,14967,28327,663997775,0,0,0
eb2205,20220218,20220218,133022000,13:30:38,8896,14967,28327,663997775,0,0,0
eb2205,20220218,20220218,133022500,13:30:38,8896,14967,28327,663997775,0,0,0
eb2205,20220218,20220218,133023000,13:30:38,8896,14968,28327,664042255,1,0,44480
eb2205,20220218,20220218,133037500,13:30:40,8896,14968,28327,664042255,0,0,0
eb2205,20220218,20220218,133038500,13:30:42,8896,14968,28327,664042255,0,0,0
eb2205,20220218,20220218,133039500,13:30:42,8896,14968,28327,664042255,0,0,0
eb2205,20220218,20220218,133042000,13:30:44,8896,14968,28327,664042255,0,0,0
eb2205,20220218,20220218,133043000,13:30:44,8896,14968,28327,664042255,0,0,0
eb2205,20220218,20220218,133044000,13:30:46,8896,14968,28327,664042255,0,0,0
eb2205,20220218,20220218,133050000,13:30:50,8896,14968,28327,664042255,0,0,0
eb2205,20220218,20220218,133050500,13:30:51,8896,14968,28327,664042255,0,0,0
eb2205,20220218,20220218,133051000,13:30:52,8896,14968,28327,664042255,0,0,0
eb2205,20220218,20220218,133051500,13:30:52,8896,14968,28327,664042255,0,0,0
eb2205,20220218,20220218,133052000,13:30:53,8896,14968,28327,664042255,0,0,0
eb2205,20220218,20220218,133052500,13:30:53,8896,14968,28327,664042255,0,0,0
eb2205,20220218,20220218,133053000,13:30:54,8896,14968,28327,664042255,0,0,0
eb2205,20220218,20220218,133053500,13:30:54,8896,14968,28327,664042255,0,0,0
eb2205,20220218,20220218,133054500,13:30:55,8896,14968,28327,664042255,0,0,0
eb2205,20220218,20220218,133055000,13:30:55,8896,14968,28327,664042255,0,0,0
eb2205,20220218,20220218,133055500,13:30:56,8896,14968,28327,664042255,0,0,0
eb2205,20220218,20220218,133056000,13:30:57,8896,14968,28327,664042255,0,0,0
eb2205,20220218,20220218,133056500,13:30:57,8896,14968,28327,664042255,0,0,0
eb2205,20220218,20220218,133057000,13:30:58,8896,14968,28327,664042255,0,0,0
eb2205,20220218,20220218,133057500,13:30:58,8902,14972,28324,664220255,4,-3,178000
eb2205,20220218,20220218,133058000,13:30:58,8902,14972,28324,664220255,0,0,0
eb2205,20220218,20220218,133058500,13:30:59,8902,14972,28324,664220255,0,0,0
eb2205,20220218,20220218,133059000,13:30:59,8902,14972,28324,664220255,0,0,0
eb2205,20220218,20220218,133100000,13:31:00,8902,14972,28324,664220255,0,0,0
eb2205,20220218,20220218,133100500,13:31:00,8902,14972,28324,664220255,0,0,0
eb2205,20220218,20220218,133101000,13:31:01,8902,14972,28324,664220255,0,0,0
eb2205,20220218,20220218,133101500,13:31:01,8902,14972,28324,664220255,0,0,0
eb2205,20220218,20220218,133102000,13:31:02,8902,14972,28324,664220255,0,0,0
eb2205,20220218,20220218,133102500,13:31:03,8902,14972,28324,664220255,0,0,0
eb2205,20220218,20220218,133103000,13:31:03,8902,14972,28324,664220255,0,0,0
eb2205,20220218,20220218,133104000,13:31:06,8902,14972,28324,664220255,0,0,0
eb2205,20220218,20220218,133104500,13:31:07,8902,14973,28323,664264765,1,-1,44510
eb2205,20220218,20220218,133105500,13:31:08,8902,14973,28323,664264765,0,0,0
eb2205,20220218,20220218,133106000,13:31:08,8902,14973,28323,664264765,0,0,0
eb2205,20220218,20220218,133107500,13:31:08,8902,14973,28323,664264765,0,0,0
eb2205,20220218,20220218,133108500,13:31:09,8902,14973,28323,664264765,0,0,0
eb2205,20220218,20220218,133110000,13:31:11,8902,14973,28323,664264765,0,0,0
eb2205,20220218,20220218,133110500,13:31:11,8902,14973,28323,664264765,0,0,0
eb2205,20220218,20220218,133112000,13:31:12,8902,14973,28323,664264765,0,0,0
eb2205,20220218,20220218,133112500,13:31:13,8902,14973,28323,664264765,0,0,0
eb2205,20220218,20220218,133113000,13:31:13,8902,14973,28323,664264765,0,0,0
eb2205,20220218,20220218,133113500,13:31:14,8902,14973,28323,664264765,0,0,0
eb2205,20220218,20220218,133114000,13:31:15,8902,14973,28323,664264765,0,0,0
eb2205,20220218,20220218,133114500,13:31:15,8902,14973,28323,664264765,0,0,0
eb2205,20220218,20220218,133115000,13:31:15,8902,14973,28323,664264765,0,0,0
eb2205,20220218,20220218,133115500,13:31:16,8902,14973,28323,664264765,0,0,0
eb2205,20220218,20220218,133116000,13:31:16,8902,14973,28323,664264765,0,0,0
eb2205,20220218,20220218,133116500,13:31:17,8902,14973,28323,664264765,0,0,0
eb2205,20220218,20220218,133117000,13:31:17,8902,14973,28323,664264765,0,0,0
eb2205,20220218,20220218,133118000,13:31:18,8902,14973,28323,664264765,0,0,0
eb2205,20220218,20220218,133118500,13:31:19,8902,14973,28323,664264765,0,0,0
eb2205,20220218,20220218,133119500,13:31:20,8902,14973,28323,664264765,0,0,0
eb2205,20220218,20220218,133120000,13:31:20,8901,14996,28332,665288490,23,9,1023725
eb2205,20220218,20220218,133120500,13:31:21,8889,15003,28328,665599665,7,-4,311175
eb2205,20220218,20220218,133121000,13:31:21,8892,15007,28328,665777505,4,0,177840
eb2205,20220218,20220218,133121500,13:31:22,8892,15012,28325,665999805,5,-3,222300
eb2205,20220218,20220218,133122000,13:31:22,8892,15012,28325,665999805,0,0,0
eb2205,20220218,20220218,133122500,13:31:23,8892,15012,28325,665999805,0,0,0
eb2205,20220218,20220218,133123000,13:31:25,8898,15015,28324,666133255,3,-1,133450
eb2205,20220218,20220218,133123500,13:31:25,8896,15016,28325,666177735,1,1,44480
eb2205,20220218,20220218,133124000,13:31:25,8896,15016,28325,666177735,0,0,0
eb2205,20220218,20220218,133124500,13:31:25,8896,15016,28325,666177735,0,0,0
eb2205,20220218,20220218,133157500,13:31:57,8896,15016,28325,666177735,0,0,0
eb2205,20220218,20220218,133158500,13:31:58,8896,15016,28325,666177735,0,0,0
eb2205,20220218,20220218,133159000,13:31:59,8896,15016,28325,666177735,0,0,0
eb2205,20220218,20220218,133159500,13:32:00,8899,15020,28325,666355715,4,0,177980
eb2205,20220218,20220218,133200500,13:32:01,8899,15020,28325,666355715,0,0,0
eb2205,20220218,20220218,133201000,13:32:01,8899,15020,28325,666355715,0,0,0
eb2205,20220218,20220218,133201500,13:32:01,8899,15020,28325,666355715,0,0,0
eb2205,20220218,20220218,133202000,13:32:03,8899,15020,28325,666355715,0,0,0
eb2205,20220218,20220218,133202500,13:32:03,8899,15020,28325,666355715,0,0,0
eb2205,20220218,20220218,133203000,13:32:04,8899,15020,28325,666355715,0,0,0
eb2205,20220218,20220218,133203500,13:32:05,8899,15020,28325,666355715,0,0,0
eb2205,20220218,20220218,133204000,13:32:05,8899,15020,28325,666355715,0,0,0
eb2205,20220218,20220218,133205000,13:32:06,8899,15020,28325,666355715,0,0,0
eb2205,20220218,20220218,133205500,13:32:06,8899,15020,28325,666355715,0,0,0
eb2205,20220218,20220218,133206000,13:32:06,8899,15020,28325,666355715,0,0,0
eb2205,20220218,20220218,133206500,13:32:07,8899,15020,28325,666355715,0,0,0
eb2205,20220218,20220218,133208500,13:32:10,8899,15020,28325,666355715,0,0,0
eb2205,20220218,20220218,133209000,13:32:10,8899,15020,28325,666355715,0,0,0
eb2205,20220218,20220218,133209500,13:32:10,8899,15044,28312,667423675,24,-13,1067960
eb2205,20220218,20220218,133210000,13:32:10,8898,15045,28311,667468165,1,-1,44490
eb2205,20220218,20220218,133210500,13:32:13,8898,15045,28311,667468165,0,0,0
eb2205,20220218,20220218,133212500,13:32:15,8898,15045,28311,667468165,0,0,0
eb2205,20220218,20220218,133214000,13:32:15,8899,15049,28314,667646145,4,3,177980
eb2205,20220218,20220218,133214500,13:32:16,8899,15049,28314,667646145,0,0,0
eb2205,20220218,20220218,133215500,13:32:16,8899,15049,28314,667646145,0,0,0
eb2205,20220218,20220218,133216000,13:32:17,8899,15049,28314,667646145,0,0,0
eb2205,20220218,20220218,133216500,13:32:17,8899,15049,28314,667646145,0,0,0
eb2205,20220218,20220218,133217000,13:32:17,8899,15049,28314,667646145,0,0,0
eb2205,20220218,20220218,133217500,13:32:18,8902,15050,28314,667690655,1,0,44510
eb2205,20220218,20220218,133218000,13:32:18,8900,15053,28317,667824155,3,3,133500
eb2205,20220218,20220218,133218500,13:32:19,8900,15053,28317,667824155,0,0,0
eb2205,20220218,20220218,133220000,13:32:21,8900,15053,28317,667824155,0,0,0
eb2205,20220218,20220218,133220500,13:32:21,8900,15053,28317,667824155,0,0,0
eb2205,20220218,20220218,133221000,13:32:21,8900,15053,28317,667824155,0,0,0
eb2205,20220218,20220218,133221500,13:32:22,8900,15053,28317,667824155,0,0,0
eb2205,20220218,20220218,133222000,13:32:22,8900,15053,28317,667824155,0,0,0
eb2205,20220218,20220218,133222500,13:32:23,8900,15053,28317,667824155,0,0,0
eb2205,20220218,20220218,133224500,13:32:24,8900,15053,28317,667824155,0,0,0
eb2205,20220218,20220218,133225000,13:32:25,8900,15053,28317,667824155,0,0,0
eb2205,20220218,20220218,133225500,13:32:25,8900,15053,28317,667824155,0,0,0
eb2205,20220218,20220218,133226000,13:32:27,8900,15053,28317,667824155,0,0,0
eb2205,20220218,20220218,133229000,13:32:33,8900,15053,28317,667824155,0,0,0
eb2205,20220218,20220218,133232000,13:32:35,8900,15053,28317,667824155,0,0,0
eb2205,20220218,20220218,133234500,13:32:35,8900,15053,28317,667824155,0,0,0
eb2205,20220218,20220218,133236500,13:32:37,8900,15053,28317,667824155,0,0,0
eb2205,20220218,20220218,133237000,13:32:37,8900,15053,28317,667824155,0,0,0
eb2205,20220218,20220218,133237500,13:32:37,8900,15053,28317,667824155,0,0,0
eb2205,20220218,20220218,133239500,13:32:40,8906,15055,28316,667913210,2,-1,89055
eb2205,20220218,20220218,133240500,13:32:40,8906,15055,28316,667913210,0,0,0
eb2205,20220218,20220218,133241500,13:32:42,8906,15055,28316,667913210,0,0,0
eb2205,20220218,20220218,133242000,13:32:42,8906,15055,28316,667913210,0,0,0
eb2205,20220218,20220218,133242500,13:32:42,8906,15055,28316,667913210,0,0,0
eb2205,20220218,20220218,133243000,13:32:43,8906,15055,28316,667913210,0,0,0
eb2205,20220218,20220218,133243500,13:32:43,8906,15055,28316,667913210,0,0,0
eb2205,20220218,20220218,133244000,13:32:44,8907,15060,28318,668135880,5,2,222670
eb2205,20220218,20220218,133244500,13:32:45,8907,15060,28318,668135880,0,0,0
eb2205,20220218,20220218,133246000,13:32:47,8907,15060,28318,668135880,0,0,0
eb2205,20220218,20220218,133246500,13:32:47,8907,15060,28318,668135880,0,0,0
eb2205,20220218,20220218,133247000,13:32:47,8907,15060,28318,668135880,0,0,0
eb2205,20220218,20220218,133247500,13:32:48,8907,15060,28318,668135880,0,0,0
eb2205,20220218,20220218,133248000,13:32:48,8907,15060,28318,668135880,0,0,0
eb2205,20220218,20220218,133248500,13:32:49,8907,15060,28318,668135880,0,0,0
eb2205,20220218,20220218,133249000,13:32:49,8907,15060,28318,668135880,0,0,0
eb2205,20220218,20220218,133251000,13:32:52,8907,15060,28318,668135880,0,0,0
eb2205,20220218,20220218,133251500,13:32:53,8904,15062,28316,668224920,2,-2,89040
eb2205,20220218,20220218,133252500,13:32:53,8904,15062,28316,668224920,0,0,0
eb2205,20220218,20220218,133253500,13:32:54,8904,15062,28316,668224920,0,0,0
eb2205,20220218,20220218,133254000,13:32:54,8904,15062,28316,668224920,0,0,0
eb2205,20220218,20220218,133254500,13:32:55,8904,15062,28316,668224920,0,0,0
eb2205,20220218,20220218,133255000,13:32:55,8904,15062,28316,668224920,0,0,0
eb2205,20220218,20220218,133255500,13:32:55,8904,15062,28316,668224920,0,0,0
eb2205,20220218,20220218,133256000,13:32:56,8904,15062,28316,668224920,0,0,0
eb2205,20220218,20220218,133256500,13:32:56,8904,15062,28316,668224920,0,0,0
eb2205,20220218,20220218,133257000,13:32:59,8904,15062,28316,668224920,0,0,0
eb2205,20220218,20220218,133257500,13:33:00,8904,15062,28316,668224920,0,0,0
eb2205,20220218,20220218,133258000,13:33:00,8904,15062,28316,668224920,0,0,0
eb2205,20220218,20220218,133302500,13:33:03,8904,15062,28316,668224920,0,0,0
eb2205,20220218,20220218,133303000,13:33:03,8904,15062,28316,668224920,0,0,0
eb2205,20220218,20220218,133304000,13:33:04,8904,15062,28316,668224920,0,0,0
eb2205,20220218,20220218,133304500,13:33:05,8904,15062,28316,668224920,0,0,0
eb2205,20220218,20220218,133305000,13:33:05,8904,15062,28316,668224920,0,0,0
eb2205,20220218,20220218,133305500,13:33:05,8904,15062,28316,668224920,0,0,0
eb2205,20220218,20220218,133306000,13:33:06,8904,15062,28316,668224920,0,0,0
eb2205,20220218,20220218,133306500,13:33:06,8904,15062,28316,668224920,0,0,0
eb2205,20220218,20220218,133307000,13:33:07,8904,15062,28316,668224920,0,0,0
eb2205,20220218,20220218,133307500,13:33:08,8904,15062,28316,668224920,0,0,0
eb2205,20220218,20220218,133308500,13:33:09,8904,15062,28316,668224920,0,0,0
eb2205,20220218,20220218,133309500,13:33:10,8904,15062,28316,668224920,0,0,0
eb2205,20220218,20220218,133310000,13:33:11,8904,15062,28316,668224920,0,0,0
eb2205,20220218,20220218,133310500,13:33:12,8908,15065,28317,668358515,3,1,133595
eb2205,20220218,20220218,133311000,13:33:13,8908,15065,28317,668358515,0,0,0
eb2205,20220218,20220218,133311500,13:33:14,8908,15065,28317,668358515,0,0,0
eb2205,20220218,20220218,133312000,13:33:14,8908,15065,28317,668358515,0,0,0
eb2205,20220218,20220218,133313500,13:33:15,8908,15065,28317,668358515,0,0,0
eb2205,20220218,20220218,133314000,13:33:17,8908,15065,28317,668358515,0,0,0
eb2205,20220218,20220218,133315500,13:33:18,8908,15065,28317,668358515,0,0,0
eb2205,20220218,20220218,133317000,13:33:18,8908,15065,28317,668358515,0,0,0
eb2205,20220218,20220218,133319000,13:33:20,8908,15065,28317,668358515,0,0,0
eb2205,20220218,20220218,133321500,13:33:22,8907,15066,28317,668403050,1,0,44535
eb2205,20220218,20220218,133322000,13:33:22,8907,15066,28317,668403050,0,0,0
eb2205,20220218,20220218,133322500,13:33:22,8907,15066,28317,668403050,0,0,0
eb2205,20220218,20220218,133324000,13:33:24,8907,15066,28317,668403050,0,0,0
eb2205,20220218,20220218,133324500,13:33:25,8907,15066,28317,668403050,0,0,0
eb2205,20220218,20220218,133325000,13:33:26,8907,15066,28317,668403050,0,0,0
eb2205,20220218,20220218,133325500,13:33:26,8907,15066,28317,668403050,0,0,0
eb2205,20220218,20220218,133326000,13:33:28,8907,15066,28317,668403050,0,0,0
eb2205,20220218,20220218,133327500,13:33:29,8907,15066,28317,668403050,0,0,0
eb2205,20220218,20220218,133328500,13:33:30,8907,15066,28317,668403050,0,0,0
eb2205,20220218,20220218,133329000,13:33:30,8907,15066,28317,668403050,0,0,0
eb2205,20220218,20220218,133329500,13:33:30,8907,15066,28317,668403050,0,0,0
eb2205,20220218,20220218,133330000,13:33:30,8907,15066,28317,668403050,0,0,0
eb2205,20220218,20220218,133330500,13:33:31,8907,15066,28317,668403050,0,0,0
eb2205,20220218,20220218,133331000,13:33:32,8907,15066,28317,668403050,0,0,0
eb2205,20220218,20220218,133331500,13:33:32,8907,15066,28317,668403050,0,0,0
eb2205,20220218,20220218,133332000,13:33:32,8907,15066,28317,668403050,0,0,0
eb2205,20220218,20220218,133332500,13:33:32,8907,15066,28317,668403050,0,0,0
eb2205,20220218,20220218,133333000,13:33:33,8907,15066,28317,668403050,0,0,0
eb2205,20220218,20220218,133333500,13:33:33,8907,15066,28317,668403050,0,0,0
eb2205,20220218,20220218,133334000,13:33:34,8907,15066,28317,668403050,0,0,0
eb2205,20220218,20220218,133334500,13:33:34,8907,15066,28317,668403050,0,0,0
eb2205,20220218,20220218,133335000,13:33:35,8907,15066,28317,668403050,0,0,0
eb2205,20220218,20220218,133335500,13:33:35,8907,15066,28317,668403050,0,0,0
eb2205,20220218,20220218,133336000,13:33:36,8907,15066,28317,668403050,0,0,0
eb2205,20220218,20220218,133336500,13:33:36,8907,15066,28317,668403050,0,0,0
eb2205,20220218,20220218,133337500,13:33:37,8907,15066,28317,668403050,0,0,0
eb2205,20220218,20220218,133338000,13:33:38,8907,15066,28317,668403050,0,0,0
eb2205,20220218,20220218,133338500,13:33:39,8907,15066,28317,668403050,0,0,0
eb2205,20220218,20220218,133339500,13:33:40,8907,15066,28317,668403050,0,0,0
eb2205,20220218,20220218,133340000,13:33:40,8907,15066,28317,668403050,0,0,0
eb2205,20220218,20220218,133340500,13:33:41,8907,15066,28317,668403050,0,0,0
eb2205,20220218,20220218,133341000,13:33:41,8907,15066,28317,668403050,0,0,0
eb2205,20220218,20220218,133342500,13:33:42,8907,15066,28317,668403050,0,0,0
eb2205,20220218,20220218,133351000,13:33:51,8910,15074,28313,668759440,8,-4,356390
eb2205,20220218,20220218,133351500,13:33:52,8910,15079,28312,668982190,5,-1,222750
eb2205,20220218,20220218,133352000,13:33:52,8910,15083,28311,669160390,4,-1,178200
eb2205,20220218,20220218,133352500,13:33:52,8910,15084,28310,669204940,1,-1,44550
eb2205,20220218,20220218,133353000,13:33:53,8910,15084,28310,669204940,0,0,0
eb2205,20220218,20220218,133353500,13:33:53,8910,15084,28310,669204940,0,0,0
eb2205,20220218,20220218,133354000,13:33:54,8910,15084,28310,669204940,0,0,0
eb2205,20220218,20220218,133354500,13:33:54,8910,15084,28310,669204940,0,0,0
eb2205,20220218,20220218,133355000,13:33:56,8910,15084,28310,669204940,0,0,0
eb2205,20220218,20220218,133355500,13:33:56,8910,15084,28310,669204940,0,0,0
eb2205,20220218,20220218,133356000,13:33:56,8910,15084,28310,669204940,0,0,0
eb2205,20220218,20220218,133356500,13:33:57,8910,15084,28310,669204940,0,0,0
eb2205,20220218,20220218,133357000,13:33:57,8910,15084,28310,669204940,0,0,0
eb2205,20220218,20220218,133357500,13:33:58,8910,15084,28310,669204940,0,0,0
eb2205,20220218,20220218,133358000,13:33:58,8910,15084,28310,669204940,0,0,0
eb2205,20220218,20220218,133358500,13:33:58,8910,15084,28310,669204940,0,0,0
eb2205,20220218,20220218,133359000,13:33:59,8910,15084,28310,669204940,0,0,0
eb2205,20220218,20220218,133359500,13:33:59,8910,15084,28310,669204940,0,0,0
eb2205,20220218,20220218,133400000,13:34:00,8910,15084,28310,669204940,0,0,0
eb2205,20220218,20220218,133400500,13:34:00,8910,15084,28310,669204940,0,0,0
eb2205,20220218,20220218,133401500,13:34:02,8910,15084,28310,669204940,0,0,0
eb2205,20220218,20220218,133402000,13:34:02,8910,15084,28310,669204940,0,0,0
eb2205,20220218,20220218,133403000,13:34:10,8910,15084,28310,669204940,0,0,0
eb2205,20220218,20220218,133403500,13:34:11,8910,15084,28310,669204940,0,0,0
eb2205,20220218,20220218,133410000,13:34:12,8910,15084,28310,669204940,0,0,0
eb2205,20220218,20220218,133410500,13:34:12,8910,15084,28310,669204940,0,0,0
eb2205,20220218,20220218,133411000,13:34:12,8913,15093,28306,669605995,9,-4,401055
eb2205,20220218,20220218,133411500,13:34:12,8913,15093,28306,669605995,0,0,0
eb2205,20220218,20220218,133412000,13:34:12,8913,15093,28306,669605995,0,0,0
eb2205,20220218,20220218,133412500,13:34:13,8913,15093,28306,669605995,0,0,0
eb2205,20220218,20220218,133413000,13:34:13,8913,15093,28306,669605995,0,0,0
eb2205,20220218,20220218,133413500,13:34:14,8913,15093,28306,669605995,0,0,0
eb2205,20220218,20220218,133414000,13:34:14,8913,15093,28306,669605995,0,0,0
eb2205,20220218,20220218,133416000,13:34:16,8913,15093,28306,669605995,0,0,0
eb2205,20220218,20220218,133416500,13:34:16,8913,15093,28306,669605995,0,0,0
eb2205,20220218,20220218,133417000,13:34:17,8914,15094,28307,669650565,1,1,44570
eb2205,20220218,20220218,133418000,13:34:18,8914,15094,28307,669650565,0,0,0
eb2205,20220218,20220218,133418500,13:34:18,8914,15094,28307,669650565,0,0,0
eb2205,20220218,20220218,133419000,13:34:19,8914,15094,28307,669650565,0,0,0
eb2205,20220218,20220218,133419500,13:34:20,8914,15094,28307,669650565,0,0,0
eb2205,20220218,20220218,133420000,13:34:20,8914,15094,28307,669650565,0,0,0
eb2205,20220218,20220218,133420500,13:34:21,8914,15094,28307,669650565,0,0,0
eb2205,20220218,20220218,133422500,13:34:24,8914,15094,28307,669650565,0,0,0
eb2205,20220218,20220218,133423500,13:34:24,8914,15094,28307,669650565,0,0,0
eb2205,20220218,20220218,133424000,13:34:24,8914,15094,28307,669650565,0,0,0
eb2205,20220218,20220218,133424500,13:34:24,8914,15094,28307,669650565,0,0,0
eb2205,20220218,20220218,133425000,13:34:25,8914,15094,28307,669650565,0,0,0
eb2205,20220218,20220218,133425500,13:34:25,8914,15094,28307,669650565,0,0,0
eb2205,20220218,20220218,133426000,13:34:26,8914,15094,28307,669650565,0,0,0
eb2205,20220218,20220218,133427500,13:34:27,8914,15097,28307,669784275,3,0,133710
eb2205,20220218,20220218,133428000,13:34:28,8914,15097,28307,669784275,0,0,0
eb2205,20220218,20220218,133428500,13:34:29,8914,15097,28307,669784275,0,0,0
eb2205,20220218,20220218,133429500,13:34:29,8914,15097,28307,669784275,0,0,0
eb2205,20220218,20220218,133430000,13:34:30,8914,15097,28307,669784275,0,0,0
eb2205,20220218,20220218,133430500,13:34:30,8914,15097,28307,669784275,0,0,0
eb2205,20220218,20220218,133431000,13:34:31,8914,15097,28307,669784275,0,0,0
eb2205,20220218,20220218,133431500,13:34:31,8914,15097,28307,669784275,0,0,0
eb2205,20220218,20220218,133432000,13:34:32,8914,15097,28307,669784275,0,0,0
eb2205,20220218,20220218,133432500,13:34:32,8914,15097,28307,669784275,0,0,0
eb2205,20220218,20220218,133433000,13:34:33,8914,15099,28307,669873415,2,0,89140
eb2205,20220218,20220218,133433500,13:34:34,8914,15099,28307,669873415,0,0,0
eb2205,20220218,20220218,133434000,13:34:34,8914,15099,28307,669873415,0,0,0
eb2205,20220218,20220218,133434500,13:34:35,8914,15099,28307,669873415,0,0,0
eb2205,20220218,20220218,133435000,13:34:35,8914,15099,28307,669873415,0,0,0
eb2205,20220218,20220218,133435500,13:34:36,8914,15099,28307,669873415,0,0,0
eb2205,20220218,20220218,133436000,13:34:36,8914,15099,28307,669873415,0,0,0
eb2205,20220218,20220218,133436500,13:34:36,8914,15099,28307,669873415,0,0,0
eb2205,20220218,20220218,133438000,13:34:38,8914,15099,28307,669873415,0,0,0
eb2205,20220218,20220218,133438500,13:34:38,8914,15099,28307,669873415,0,0,0
eb2205,20220218,20220218,133439000,13:34:39,8914,15099,28307,669873415,0,0,0
eb2205,20220218,20220218,133439500,13:34:39,8914,15099,28307,669873415,0,0,0
eb2205,20220218,20220218,133440500,13:34:41,8914,15099,28307,669873415,0,0,0
eb2205,20220218,20220218,133441000,13:34:41,8914,15099,28307,669873415,0,0,0
eb2205,20220218,20220218,133441500,13:34:41,8914,15099,28307,669873415,0,0,0
eb2205,20220218,20220218,133442000,13:34:43,8914,15099,28307,669873415,0,0,0
eb2205,20220218,20220218,133442500,13:34:44,8914,15099,28307,669873415,0,0,0
eb2205,20220218,20220218,133443000,13:34:45,8912,15101,28306,669962535,2,-1,89120
eb2205,20220218,20220218,133443500,13:34:45,8912,15103,28308,670051655,2,2,89120
eb2205,20220218,20220218,133445000,13:34:46,8912,15103,28308,670051655,0,0,0
eb2205,20220218,20220218,133445500,13:34:46,8912,15103,28308,670051655,0,0,0
eb2205,20220218,20220218,133446000,13:34:46,8912,15103,28308,670051655,0,0,0
eb2205,20220218,20220218,133446500,13:34:47,8912,15103,28308,670051655,0,0,0
eb2205,20220218,20220218,133447000,13:34:47,8912,15103,28308,670051655,0,0,0
eb2205,20220218,20220218,133448500,13:34:49,8912,15103,28308,670051655,0,0,0
eb2205,20220218,20220218,133449500,13:34:49,8912,15103,28308,670051655,0,0,0
eb2205,20220218,20220218,133450500,13:34:51,8912,15103,28308,670051655,0,0,0
eb2205,20220218,20220218,133451000,13:34:51,8905,15104,28309,670096180,1,1,44525
eb2205,20220218,20220218,133453000,13:34:53,8905,15104,28309,670096180,0,0,0
eb2205,20220218,20220218,133453500,13:34:55,8905,15106,28311,670185260,2,2,89080
eb2205,20220218,20220218,133454000,13:34:56,8905,15106,28311,670185260,0,0,0
eb2205,20220218,20220218,133454500,13:34:56,8905,15106,28311,670185260,0,0,0
eb2205,20220218,20220218,133455000,13:34:56,8905,15106,28311,670185260,0,0,0
eb2205,20220218,20220218,133455500,13:34:56,8905,15106,28311,670185260,0,0,0
eb2205,20220218,20220218,133456500,13:34:57,8905,15106,28311,670185260,0,0,0
eb2205,20220218,20220218,133457000,13:34:57,8905,15106,28311,670185260,0,0,0
eb2205,20220218,20220218,133458000,13:34:58,8905,15106,28311,670185260,0,0,0
eb2205,20220218,20220218,133458500,13:34:59,8905,15106,28311,670185260,0,0,0
eb2205,20220218,20220218,133459000,13:34:59,8905,15106,28311,670185260,0,0,0
eb2205,20220218,20220218,133500500,13:35:00,8905,15106,28311,670185260,0,0,0
eb2205,20220218,20220218,133501500,13:35:04,8905,15108,28311,670274310,2,0,89050
eb2205,20220218,20220218,133504500,13:35:10,8905,15108,28311,670274310,0,0,0
eb2205,20220218,20220218,133510000,13:35:10,8905,15108,28311,670274310,0,0,0
eb2205,20220218,20220218,133510500,13:35:11,8905,15108,28311,670274310,0,0,0
eb2205,20220218,20220218,133511000,13:35:11,8905,15108,28311,670274310,0,0,0
eb2205,20220218,20220218,133511500,13:35:12,8905,15108,28311,670274310,0,0,0
eb2205,20220218,20220218,133512500,13:35:13,8907,15113,28315,670496975,5,4,222665
eb2205,20220218,20220218,133513000,13:35:13,8907,15113,28315,670496975,0,0,0
eb2205,20220218,20220218,133514000,13:35:14,8905,15114,28316,670541500,1,1,44525
eb2205,20220218,20220218,133514500,13:35:14,8905,15114,28316,670541500,0,0,0
eb2205,20220218,20220218,133515000,13:35:15,8905,15114,28316,670541500,0,0,0
eb2205,20220218,20220218,133515500,13:35:16,8905,15114,28316,670541500,0,0,0
eb2205,20220218,20220218,133516000,13:35:16,8905,15114,28316,670541500,0,0,0
eb2205,20220218,20220218,133516500,13:35:16,8905,15114,28316,670541500,0,0,0
eb2205,20220218,20220218,133517000,13:35:17,8905,15114,28316,670541500,0,0,0
eb2205,20220218,20220218,133517500,13:35:18,8905,15114,28316,670541500,0,0,0
eb2205,20220218,20220218,133518000,13:35:18,8905,15114,28316,670541500,0,0,0
eb2205,20220218,20220218,133520000,13:35:20,8905,15114,28316,670541500,0,0,0
eb2205,20220218,20220218,133520500,13:35:21,8905,15114,28316,670541500,0,0,0
eb2205,20220218,20220218,133521000,13:35:21,8905,15114,28316,670541500,0,0,0
eb2205,20220218,20220218,133521500,13:35:22,8905,15114,28316,670541500,0,0,0
eb2205,20220218,20220218,133522000,13:35:22,8905,15114,28316,670541500,0,0,0
eb2205,20220218,20220218,133522500,13:35:23,8905,15114,28316,670541500,0,0,0
eb2205,20220218,20220218,133523000,13:35:23,8905,15114,28316,670541500,0,0,0
eb2205,20220218,20220218,133524500,13:35:25,8905,15114,28316,670541500,0,0,0
eb2205,20220218,20220218,133525000,13:35:25,8905,15114,28316,670541500,0,0,0
eb2205,20220218,20220218,133525500,13:35:26,8905,15114,28316,670541500,0,0,0
eb2205,20220218,20220218,133526000,13:35:26,8905,15115,28317,670586025,1,1,44525
eb2205,20220218,20220218,133527000,13:35:27,8905,15115,28317,670586025,0,0,0
eb2205,20220218,20220218,133527500,13:35:31,8905,15115,28317,670586025,0,0,0
eb2205,20220218,20220218,133528000,13:35:31,8905,15115,28317,670586025,0,0,0
eb2205,20220218,20220218,133528500,13:35:32,8905,15115,28317,670586025,0,0,0
eb2205,20220218,20220218,133530500,13:35:33,8905,15115,28317,670586025,0,0,0
eb2205,20220218,20220218,133531500,13:35:41,8905,15115,28317,670586025,0,0,0
eb2205,20220218,20220218,133532000,13:35:41,8905,15115,28317,670586025,0,0,0
eb2205,20220218,20220218,133532500,13:35:42,8905,15115,28317,670586025,0,0,0
eb2205,20220218,20220218,133540500,13:35:43,8905,15115,28317,670586025,0,0,0
eb2205,20220218,20220218,133541000,13:35:43,8905,15115,28317,670586025,0,0,0
eb2205,20220218,20220218,133545500,13:35:46,8905,15115,28317,670586025,0,0,0
eb2205,20220218,20220218,133546000,13:35:46,8907,15118,28317,670719630,3,0,133605
eb2205,20220218,20220218,133546500,13:35:46,8907,15118,28317,670719630,0,0,0
eb2205,20220218,20220218,133547000,13:35:47,8907,15118,28317,670719630,0,0,0
eb2205,20220218,20220218,133547500,13:35:48,8908,15120,28315,670808710,2,-2,89080
eb2205,20220218,20220218,133548000,13:35:48,8908,15122,28315,670897790,2,0,89080
eb2205,20220218,20220218,133548500,13:35:48,8908,15122,28315,670897790,0,0,0
eb2205,20220218,20220218,133550500,13:35:50,8908,15122,28315,670897790,0,0,0
eb2205,20220218,20220218,133551000,13:35:51,8908,15122,28315,670897790,0,0,0
eb2205,20220218,20220218,133551500,13:35:51,8909,15126,28312,671075960,4,-3,178170
eb2205,20220218,20220218,133552000,13:35:52,8909,15126,28312,671075960,0,0,0
eb2205,20220218,20220218,133552500,13:35:52,8909,15126,28312,671075960,0,0,0
eb2205,20220218,20220218,133553000,13:35:53,8909,15126,28312,671075960,0,0,0
eb2205,20220218,20220218,133553500,13:35:55,8909,15126,28312,671075960,0,0,0
eb2205,20220218,20220218,133554000,13:35:55,8909,15126,28312,671075960,0,0,0
eb2205,20220218,20220218,133554500,13:35:56,8909,15126,28312,671075960,0,0,0
eb2205,20220218,20220218,133558000,13:36:01,8910,15127,28311,671120510,1,-1,44550
eb2205,20220218,20220218,133559500,13:36:03,8910,15127,28311,671120510,0,0,0
eb2205,20220218,20220218,133601500,13:36:03,8910,15127,28311,671120510,0,0,0
eb2205,20220218,20220218,133603000,13:36:05,8910,15127,28311,671120510,0,0,0
eb2205,20220218,20220218,133603500,13:36:05,8910,15127,28311,671120510,0,0,0
eb2205,20220218,20220218,133604000,13:36:06,8910,15127,28311,671120510,0,0,0
eb2205,20220218,20220218,133605000,13:36:06,8907,15131,28311,671298680,4,0,178170
eb2205,20220218,20220218,133605500,13:36:07,8907,15131,28311,671298680,0,0,0
eb2205,20220218,20220218,133606500,13:36:07,8907,15131,28311,671298680,0,0,0
eb2205,20220218,20220218,133607000,13:36:07,8907,15131,28311,671298680,0,0,0
eb2205,20220218,20220218,133607500,13:36:08,8907,15131,28311,671298680,0,0,0
eb2205,20220218,20220218,133608000,13:36:08,8907,15131,28311,671298680,0,0,0
eb2205,20220218,20220218,133608500,13:36:08,8907,15131,28311,671298680,0,0,0
eb2205,20220218,20220218,133609000,13:36:09,8907,15131,28311,671298680,0,0,0
eb2205,20220218,20220218,133609500,13:36:10,8907,15131,28311,671298680,0,0,0
eb2205,20220218,20220218,133610000,13:36:10,8910,15132,28311,671343230,1,0,44550
eb2205,20220218,20220218,133611000,13:36:11,8911,15135,28311,671476885,3,0,133655
eb2205,20220218,20220218,133611500,13:36:12,8911,15135,28311,671476885,0,0,0
eb2205,20220218,20220218,133612000,13:36:12,8911,15152,28317,672234335,17,6,757450
eb2205,20220218,20220218,133612500,13:36:12,8911,15152,28317,672234335,0,0,0
eb2205,20220218,20220218,133613000,13:36:13,8911,15152,28317,672234335,0,0,0
eb2205,20220218,20220218,133613500,13:36:14,8911,15152,28317,672234335,0,0,0
eb2205,20220218,20220218,133614000,13:36:14,8911,15152,28317,672234335,0,0,0
eb2205,20220218,20220218,133614500,13:36:14,8911,15152,28317,672234335,0,0,0
eb2205,20220218,20220218,133615000,13:36:15,8911,15152,28317,672234335,0,0,0
eb2205,20220218,20220218,133615500,13:36:15,8911,15152,28317,672234335,0,0,0
eb2205,20220218,20220218,133616500,13:36:17,8911,15152,28317,672234335,0,0,0
eb2205,20220218,20220218,133617000,13:36:17,8911,15152,28317,672234335,0,0,0
eb2205,20220218,20220218,133617500,13:36:19,8911,15152,28317,672234335,0,0,0
eb2205,20220218,20220218,133618000,13:36:19,8911,15152,28317,672234335,0,0,0
eb2205,20220218,20220218,133618500,13:36:19,8911,15152,28317,672234335,0,0,0
eb2205,20220218,20220218,133619000,13:36:19,8911,15152,28317,672234335,0,0,0
eb2205,20220218,20220218,133619500,13:36:19,8911,15152,28317,672234335,0,0,0
eb2205,20220218,20220218,133620000,13:36:20,8911,15152,28317,672234335,0,0,0
eb2205,20220218,20220218,133621500,13:36:21,8911,15152,28317,672234335,0,0,0
eb2205,20220218,20220218,133622000,13:36:22,8911,15152,28317,672234335,0,0,0
eb2205,20220218,20220218,133622500,13:36:22,8911,15152,28317,672234335,0,0,0
eb2205,20220218,20220218,133623000,13:36:23,8911,15152,28317,672234335,0,0,0
eb2205,20220218,20220218,133623500,13:36:23,8911,15152,28317,672234335,0,0,0
eb2205,20220218,20220218,133624000,13:36:24,8911,15152,28317,672234335,0,0,0
eb2205,20220218,20220218,133624500,13:36:24,8911,15152,28317,672234335,0,0,0
eb2205,20220218,20220218,133625000,13:36:25,8911,15152,28317,672234335,0,0,0
eb2205,20220218,20220218,133625500,13:36:26,8911,15152,28317,672234335,0,0,0
eb2205,20220218,20220218,133626000,13:36:26,8911,15152,28317,672234335,0,0,0
eb2205,20220218,20220218,133626500,13:36:27,8911,15154,28315,672323445,2,-2,89110
eb2205,20220218,20220218,133627000,13:36:27,8911,15154,28315,672323445,0,0,0
eb2205,20220218,20220218,133627500,13:36:28,8911,15156,28315,672412555,2,0,89110
eb2205,20220218,20220218,133628000,13:36:28,8911,15156,28315,672412555,0,0,0
eb2205,20220218,20220218,133628500,13:36:29,8911,15156,28315,672412555,0,0,0
eb2205,20220218,20220218,133629000,13:36:29,8911,15156,28315,672412555,0,0,0
eb2205,20220218,20220218,133629500,13:36:30,8911,15157,28315,672457110,1,0,44555
eb2205,20220218,20220218,133630000,13:36:30,8911,15158,28314,672501665,1,-1,44555
eb2205,20220218,20220218,133630500,13:36:31,8911,15162,28317,672679885,4,3,178220
eb2205,20220218,20220218,133631000,13:36:31,8911,15162,28317,672679885,0,0,0
eb2205,20220218,20220218,133632000,13:36:32,8912,15164,28318,672769000,2,1,89115
eb2205,20220218,20220218,133632500,13:36:32,8912,15164,28318,672769000,0,0,0
eb2205,20220218,20220218,133633000,13:36:33,8912,15164,28318,672769000,0,0,0
eb2205,20220218,20220218,133633500,13:36:33,8912,15164,28318,672769000,0,0,0
eb2205,20220218,20220218,133634000,13:36:34,8912,15164,28318,672769000,0,0,0
eb2205,20220218,20220218,133635500,13:36:36,8912,15164,28318,672769000,0,0,0
eb2205,20220218,20220218,133636500,13:36:36,8912,15164,28318,672769000,0,0,0
eb2205,20220218,20220218,133637000,13:36:38,8912,15164,28318,672769000,0,0,0
eb2205,20220218,20220218,133637500,13:36:38,8912,15164,28318,672769000,0,0,0
eb2205,20220218,20220218,133638000,13:36:38,8912,15164,28318,672769000,0,0,0
eb2205,20220218,20220218,133639000,13:36:39,8912,15164,28318,672769000,0,0,0
eb2205,20220218,20220218,133639500,13:36:39,8912,15164,28318,672769000,0,0,0
eb2205,20220218,20220218,133640000,13:36:40,8912,15164,28318,672769000,0,0,0
eb2205,20220218,20220218,133640500,13:36:40,8912,15164,28318,672769000,0,0,0
eb2205,20220218,20220218,133641000,13:36:41,8912,15164,28318,672769000,0,0,0
eb2205,20220218,20220218,133641500,13:36:41,8912,15164,28318,672769000,0,0,0
eb2205,20220218,20220218,133642000,13:36:42,8912,15164,28318,672769000,0,0,0
eb2205,20220218,20220218,133642500,13:36:42,8912,15164,28318,672769000,0,0,0
eb2205,20220218,20220218,133643000,13:36:43,8912,15164,28318,672769000,0,0,0
eb2205,20220218,20220218,133643500,13:36:44,8912,15164,28318,672769000,0,0,0
eb2205,20220218,20220218,133644000,13:36:44,8912,15164,28318,672769000,0,0,0
eb2205,20220218,20220218,133644500,13:36:44,8912,15164,28318,672769000,0,0,0
eb2205,20220218,20220218,133645000,13:36:45,8912,15164,28318,672769000,0,0,0
eb2205,20220218,20220218,133645500,13:36:46,8912,15164,28318,672769000,0,0,0
eb2205,20220218,20220218,133646000,13:36:46,8912,15164,28318,672769000,0,0,0
eb2205,20220218,20220218,133646500,13:36:46,8912,15164,28318,672769000,0,0,0
eb2205,20220218,20220218,133647000,13:36:47,8912,15164,28318,672769000,0,0,0
eb2205,20220218,20220218,133648500,13:36:48,8912,15164,28318,672769000,0,0,0
eb2205,20220218,20220218,133649000,13:36:49,8912,15164,28318,672769000,0,0,0
eb2205,20220218,20220218,133649500,13:36:49,8912,15164,28318,672769000,0,0,0
eb2205,20220218,20220218,133650000,13:36:50,8912,15164,28318,672769000,0,0,0
eb2205,20220218,20220218,133650500,13:36:50,8912,15164,28318,672769000,0,0,0
eb2205,20220218,20220218,133651000,13:36:51,8912,15164,28318,672769000,0,0,0
eb2205,20220218,20220218,133651500,13:36:51,8912,15164,28318,672769000,0,0,0
eb2205,20220218,20220218,133652000,13:36:52,8912,15164,28318,672769000,0,0,0
eb2205,20220218,20220218,133652500,13:36:53,8912,15164,28318,672769000,0,0,0
eb2205,20220218,20220218,133653000,13:36:53,8915,15165,28319,672813575,1,1,44575
eb2205,20220218,20220218,133653500,13:36:54,8915,15165,28319,672813575,0,0,0
eb2205,20220218,20220218,133654000,13:36:54,8915,15165,28319,672813575,0,0,0
eb2205,20220218,20220218,133655000,13:36:55,8915,15165,28319,672813575,0,0,0
eb2205,20220218,20220218,133658000,13:36:58,8915,15165,28319,672813575,0,0,0
eb2205,20220218,20220218,133659000,13:36:59,8910,15166,28318,672858125,1,-1,44550
eb2205,20220218,20220218,133659500,13:36:59,8910,15166,28318,672858125,0,0,0
eb2205,20220218,20220218,133700000,13:37:00,8910,15166,28318,672858125,0,0,0
eb2205,20220218,20220218,133700500,13:37:00,8907,15168,28318,672947195,2,0,89070
eb2205,20220218,20220218,133702000,13:37:02,8907,15168,28318,672947195,0,0,0
eb2205,20220218,20220218,133702500,13:37:03,8907,15168,28318,672947195,0,0,0
eb2205,20220218,20220218,133703000,13:37:03,8907,15168,28318,672947195,0,0,0
eb2205,20220218,20220218,133703500,13:37:03,8907,15168,28318,672947195,0,0,0
eb2205,20220218,20220218,133704000,13:37:04,8907,15168,28318,672947195,0,0,0
eb2205,20220218,20220218,133706000,13:37:08,8911,15173,28318,673169970,5,0,222775
eb2205,20220218,20220218,133706500,13:37:08,8911,15173,28318,673169970,0,0,0
eb2205,20220218,20220218,133707000,13:37:08,8911,15173,28318,673169970,0,0,0
eb2205,20220218,20220218,133707500,13:37:08,8911,15173,28318,673169970,0,0,0
eb2205,20220218,20220218,133708000,13:37:08,8911,15173,28318,673169970,0,0,0
eb2205,20220218,20220218,133709500,13:37:10,8911,15173,28318,673169970,0,0,0
eb2205,20220218,20220218,133710000,13:37:11,8911,15173,28318,673169970,0,0,0
eb2205,20220218,20220218,133710500,13:37:11,8911,15173,28318,673169970,0,0,0
eb2205,20220218,20220218,133711000,13:37:11,8911,15173,28318,673169970,0,0,0
eb2205,20220218,20220218,133711500,13:37:13,8911,15173,28318,673169970,0,0,0
eb2205,20220218,20220218,133712000,13:37:13,8911,15173,28318,673169970,0,0,0
eb2205,20220218,20220218,133712500,13:37:13,8911,15173,28318,673169970,0,0,0
eb2205,20220218,20220218,133713000,13:37:14,8911,15173,28318,673169970,0,0,0
eb2205,20220218,20220218,133713500,13:37:14,8911,15173,28318,673169970,0,0,0
eb2205,20220218,20220218,133714000,13:37:14,8911,15173,28318,673169970,0,0,0
eb2205,20220218,20220218,133714500,13:37:14,8911,15173,28318,673169970,0,0,0
eb2205,20220218,20220218,133718000,13:37:18,8911,15173,28318,673169970,0,0,0
eb2205,20220218,20220218,133718500,13:37:19,8911,15173,28318,673169970,0,0,0
eb2205,20220218,20220218,133719000,13:37:19,8911,15173,28318,673169970,0,0,0
eb2205,20220218,20220218,133719500,13:37:20,8911,15173,28318,673169970,0,0,0
eb2205,20220218,20220218,133720000,13:37:21,8911,15173,28318,673169970,0,0,0
eb2205,20220218,20220218,133720500,13:37:21,8911,15173,28318,673169970,0,0,0
eb2205,20220218,20220218,133721000,13:37:21,8911,15173,28318,673169970,0,0,0
eb2205,20220218,20220218,133721500,13:37:21,8911,15173,28318,673169970,0,0,0
eb2205,20220218,20220218,133722000,13:37:22,8911,15173,28318,673169970,0,0,0
eb2205,20220218,20220218,133722500,13:37:22,8911,15173,28318,673169970,0,0,0
eb2205,20220218,20220218,133723000,13:37:23,8911,15173,28318,673169970,0,0,0
eb2205,20220218,20220218,133724500,13:37:25,8911,15173,28318,673169970,0,0,0
eb2205,20220218,20220218,133725000,13:37:25,8911,15173,28318,673169970,0,0,0
eb2205,20220218,20220218,133725500,13:37:26,8911,15173,28318,673169970,0,0,0
eb2205,20220218,20220218,133726000,13:37:26,8911,15173,28318,673169970,0,0,0
eb2205,20220218,20220218,133726500,13:37:27,8911,15173,28318,673169970,0,0,0
eb2205,20220218,20220218,133727000,13:37:27,8911,15173,28318,673169970,0,0,0
eb2205,20220218,20220218,133727500,13:37:27,8911,15173,28318,673169970,0,0,0
eb2205,20220218,20220218,133728000,13:37:28,8911,15173,28318,673169970,0,0,0
eb2205,20220218,20220218,133728500,13:37:28,8911,15173,28318,673169970,0,0,0
eb2205,20220218,20220218,133729000,13:37:29,8911,15173,28318,673169970,0,0,0
eb2205,20220218,20220218,133729500,13:37:29,8911,15173,28318,673169970,0,0,0
eb2205,20220218,20220218,133730000,13:37:30,8911,15173,28318,673169970,0,0,0
eb2205,20220218,20220218,133731000,13:37:31,8911,15173,28318,673169970,0,0,0
eb2205,20220218,20220218,133731500,13:37:31,8911,15173,28318,673169970,0,0,0
eb2205,20220218,20220218,133732000,13:37:32,8909,15175,28318,673259060,2,0,89090
eb2205,20220218,20220218,133737500,13:37:37,8909,15175,28318,673259060,0,0,0
eb2205,20220218,20220218,133738000,13:37:38,8909,15175,28318,673259060,0,0,0
eb2205,20220218,20220218,133740500,13:37:40,8909,15175,28318,673259060,0,0,0
eb2205,20220218,20220218,133741000,13:37:41,8909,15175,28318,673259060,0,0,0
eb2205,20220218,20220218,133741500,13:37:41,8909,15175,28318,673259060,0,0,0
eb2205,20220218,20220218,133742000,13:37:42,8909,15175,28318,673259060,0,0,0
eb2205,20220218,20220218,133742500,13:37:43,8909,15175,28318,673259060,0,0,0
eb2205,20220218,20220218,133743000,13:37:43,8909,15175,28318,673259060,0,0,0
eb2205,20220218,20220218,133743500,13:37:44,8909,15175,28318,673259060,0,0,0
eb2205,20220218,20220218,133744000,13:37:44,8909,15175,28318,673259060,0,0,0
eb2205,20220218,20220218,133744500,13:37:45,8909,15175,28318,673259060,0,0,0
eb2205,20220218,20220218,133745000,13:37:45,8909,15175,28318,673259060,0,0,0
eb2205,20220218,20220218,133745500,13:37:45,8909,15175,28318,673259060,0,0,0
eb2205,20220218,20220218,133746000,13:37:46,8909,15175,28318,673259060,0,0,0
eb2205,20220218,20220218,133746500,13:37:47,8909,15175,28318,673259060,0,0,0
eb2205,20220218,20220218,133747000,13:37:47,8909,15175,28318,673259060,0,0,0
eb2205,20220218,20220218,133747500,13:37:48,8909,15175,28318,673259060,0,0,0
eb2205,20220218,20220218,133748000,13:37:48,8909,15175,28318,673259060,0,0,0
eb2205,20220218,20220218,133753500,13:37:54,8909,15175,28318,673259060,0,0,0
eb2205,20220218,20220218,133754500,13:37:55,8909,15175,28318,673259060,0,0,0
eb2205,20220218,20220218,133755000,13:37:55,8909,15175,28318,673259060,0,0,0
eb2205,20220218,20220218,133755500,13:37:55,8909,15175,28318,673259060,0,0,0
eb2205,20220218,20220218,133756000,13:37:56,8909,15175,28318,673259060,0,0,0
eb2205,20220218,20220218,133756500,13:37:57,8909,15175,28318,673259060,0,0,0
eb2205,20220218,20220218,133758500,13:37:59,8909,15175,28318,673259060,0,0,0
eb2205,20220218,20220218,133759000,13:37:59,8909,15175,28318,673259060,0,0,0
eb2205,20220218,20220218,133759500,13:38:00,8909,15175,28318,673259060,0,0,0
eb2205,20220218,20220218,133800500,13:38:02,8909,15175,28318,673259060,0,0,0
eb2205,20220218,20220218,133801000,13:38:02,8909,15175,28318,673259060,0,0,0
eb2205,20220218,20220218,133802000,13:38:03,8909,15175,28318,673259060,0,0,0
eb2205,20220218,20220218,133802500,13:38:05,8909,15175,28318,673259060,0,0,0
eb2205,20220218,20220218,133803000,13:38:06,8909,15175,28318,673259060,0,0,0
eb2205,20220218,20220218,133804000,13:38:06,8909,15175,28318,673259060,0,0,0
eb2205,20220218,20220218,133806500,13:38:09,8909,15175,28318,673259060,0,0,0
eb2205,20220218,20220218,133808000,13:38:09,8909,15175,28318,673259060,0,0,0
eb2205,20220218,20220218,133809500,13:38:10,8909,15175,28318,673259060,0,0,0
eb2205,20220218,20220218,133810500,13:38:10,8909,15175,28318,673259060,0,0,0
eb2205,20220218,20220218,133814500,13:38:17,8909,15175,28318,673259060,0,0,0
eb2205,20220218,20220218,133815000,13:38:17,8909,15175,28318,673259060,0,0,0
eb2205,20220218,20220218,133819000,13:38:19,8909,15175,28318,673259060,0,0,0
eb2205,20220218,20220218,133819500,13:38:19,8909,15175,28318,673259060,0,0,0
eb2205,20220218,20220218,133820000,13:38:20,8909,15175,28318,673259060,0,0,0
eb2205,20220218,20220218,133820500,13:38:22,8909,15175,28318,673259060,0,0,0
eb2205,20220218,20220218,133821000,13:38:22,8909,15175,28318,673259060,0,0,0
eb2205,20220218,20220218,133824000,13:38:24,8912,15177,28319,673348180,2,1,89120
eb2205,20220218,20220218,133824500,13:38:32,8912,15177,28319,673348180,0,0,0
eb2205,20220218,20220218,133825000,13:38:41,8912,15177,28319,673348180,0,0,0
eb2205,20220218,20220218,133825500,13:38:41,8912,15177,28319,673348180,0,0,0
eb2205,20220218,20220218,133840500,13:38:43,8912,15177,28319,673348180,0,0,0
eb2205,20220218,20220218,133841000,13:38:43,8912,15177,28319,673348180,0,0,0
eb2205,20220218,20220218,133843500,13:38:44,8912,15177,28319,673348180,0,0,0
eb2205,20220218,20220218,133844500,13:38:44,8912,15177,28319,673348180,0,0,0
eb2205,20220218,20220218,133847000,13:38:47,8912,15177,28319,673348180,0,0,0
eb2205,20220218,20220218,133851000,13:38:51,8912,15177,28319,673348180,0,0,0
eb2205,20220218,20220218,133853500,13:38:53,8912,15177,28319,673348180,0,0,0
eb2205,20220218,20220218,133856500,13:38:56,8912,15177,28319,673348180,0,0,0
eb2205,20220218,20220218,133857000,13:38:57,8912,15177,28319,673348180,0,0,0
eb2205,20220218,20220218,133859500,13:38:59,8912,15177,28319,673348180,0,0,0
eb2205,20220218,20220218,133913500,13:39:13,8915,15180,28320,673481905,3,1,133725
eb2205,20220218,20220218,133914000,13:39:15,8915,15181,28320,673526480,1,0,44575
eb2205,20220218,20220218,133914500,13:39:15,8915,15181,28320,673526480,0,0,0
eb2205,20220218,20220218,133918000,13:39:19,8915,15181,28320,673526480,0,0,0
eb2205,20220218,20220218,133919000,13:39:19,8915,15181,28320,673526480,0,0,0
eb2205,20220218,20220218,133920500,13:39:20,8915,15181,28320,673526480,0,0,0
eb2205,20220218,20220218,133923500,13:39:23,8915,15181,28320,673526480,0,0,0
eb2205,20220218,20220218,133924000,13:39:24,8915,15181,28320,673526480,0,0,0
eb2205,20220218,20220218,133925000,13:39:25,8915,15181,28320,673526480,0,0,0
eb2205,20220218,20220218,133925500,13:39:26,8915,15181,28320,673526480,0,0,0
eb2205,20220218,20220218,133927500,13:39:27,8915,15181,28320,673526480,0,0,0
eb2205,20220218,20220218,133930500,13:39:30,8915,15181,28320,673526480,0,0,0
eb2205,20220218,20220218,133935500,13:39:35,8915,15181,28320,673526480,0,0,0
eb2205,20220218,20220218,133937000,13:39:37,8915,15181,28320,673526480,0,0,0
eb2205,20220218,20220218,133937500,13:39:37,8912,15185,28322,673704765,4,2,178285
eb2205,20220218,20220218,133938500,13:39:38,8912,15186,28322,673749325,1,0,44560
eb2205,20220218,20220218,133939500,13:39:39,8912,15186,28322,673749325,0,0,0
eb2205,20220218,20220218,133940000,13:39:40,8912,15186,28322,673749325,0,0,0
eb2205,20220218,20220218,133941000,13:39:41,8912,15186,28322,673749325,0,0,0
eb2205,20220218,20220218,133943000,13:39:43,8912,15186,28322,673749325,0,0,0
eb2205,20220218,20220218,133944000,13:39:44,8912,15186,28322,673749325,0,0,0
eb2205,20220218,20220218,133945000,13:39:45,8912,15186,28322,673749325,0,0,0
eb2205,20220218,20220218,133945500,13:39:46,8914,15187,28322,673793895,1,0,44570
eb2205,20220218,20220218,133946000,13:39:47,8911,15191,28323,673972115,4,1,178220
eb2205,20220218,20220218,133950000,13:39:50,8911,15191,28323,673972115,0,0,0
eb2205,20220218,20220218,133950500,13:39:50,8911,15191,28323,673972115,0,0,0
eb2205,20220218,20220218,133951000,13:39:51,8911,15191,28323,673972115,0,0,0
eb2205,20220218,20220218,133951500,13:39:51,8911,15191,28323,673972115,0,0,0
eb2205,20220218,20220218,133952000,13:39:52,8911,15191,28323,673972115,0,0,0
eb2205,20220218,20220218,133956000,13:39:56,8911,15191,28323,673972115,0,0,0
eb2205,20220218,20220218,133956500,13:39:57,8911,15191,28323,673972115,0,0,0
eb2205,20220218,20220218,133957000,13:39:57,8911,15191,28323,673972115,0,0,0
eb2205,20220218,20220218,133958500,13:40:13,8911,15191,28323,673972115,0,0,0
eb2205,20220218,20220218,134012500,13:40:13,8911,15191,28323,673972115,0,0,0
eb2205,20220218,20220218,134013500,13:40:13,8911,15191,28323,673972115,0,0,0
eb2205,20220218,20220218,134014000,13:40:14,8911,15191,28323,673972115,0,0,0
eb2205,20220218,20220218,134014500,13:40:15,8905,15233,28306,675842810,42,-17,1870695
eb2205,20220218,20220218,134015000,13:40:16,8905,15233,28306,675842810,0,0,0
eb2205,20220218,20220218,134015500,13:40:16,8905,15233,28306,675842810,0,0,0
eb2205,20220218,20220218,134016000,13:40:16,8905,15233,28306,675842810,0,0,0
eb2205,20220218,20220218,134016500,13:40:16,8905,15233,28306,675842810,0,0,0
eb2205,20220218,20220218,134017000,13:40:17,8905,15233,28306,675842810,0,0,0
eb2205,20220218,20220218,134017500,13:40:18,8905,15233,28306,675842810,0,0,0
eb2205,20220218,20220218,134023000,13:40:23,8905,15233,28306,675842810,0,0,0
eb2205,20220218,20220218,134023500,13:40:24,8905,15233,28306,675842810,0,0,0
eb2205,20220218,20220218,134025500,13:40:25,8905,15233,28306,675842810,0,0,0
eb2205,20220218,20220218,134026000,13:40:26,8905,15233,28306,675842810,0,0,0
eb2205,20220218,20220218,134026500,13:40:27,8905,15233,28306,675842810,0,0,0
eb2205,20220218,20220218,134027000,13:40:27,8903,15234,28306,675887325,1,0,44515
eb2205,20220218,20220218,134027500,13:40:27,8903,15234,28306,675887325,0,0,0
eb2205,20220218,20220218,134028000,13:40:28,8903,15234,28306,675887325,0,0,0
eb2205,20220218,20220218,134029500,13:40:30,8903,15234,28306,675887325,0,0,0
eb2205,20220218,20220218,134030000,13:40:30,8903,15234,28306,675887325,0,0,0
eb2205,20220218,20220218,134038500,13:40:39,8903,15234,28306,675887325,0,0,0
eb2205,20220218,20220218,134039000,13:40:39,8903,15234,28306,675887325,0,0,0
eb2205,20220218,20220218,134040000,13:40:41,8903,15234,28306,675887325,0,0,0
eb2205,20220218,20220218,134040500,13:40:41,8903,15234,28306,675887325,0,0,0
eb2205,20220218,20220218,134041000,13:40:42,8903,15234,28306,675887325,0,0,0
eb2205,20220218,20220218,134044500,13:40:44,8903,15234,28306,675887325,0,0,0
eb2205,20220218,20220218,134045000,13:40:45,8905,15236,28304,675976375,2,-2,89050
eb2205,20220218,20220218,134045500,13:40:45,8905,15236,28304,675976375,0,0,0
eb2205,20220218,20220218,134051000,13:40:51,8905,15237,28303,676020900,1,-1,44525
eb2205,20220218,20220218,134051500,13:40:55,8905,15238,28302,676065425,1,-1,44525
eb2205,20220218,20220218,134055000,13:40:55,8905,15238,28302,676065425,0,0,0
eb2205,20220218,20220218,134055500,13:40:57,8905,15240,28300,676154475,2,-2,89050
eb2205,20220218,20220218,134057000,13:40:58,8905,15241,28299,676199000,1,-1,44525
eb2205,20220218,20220218,134100000,13:41:00,8905,15241,28299,676199000,0,0,0
eb2205,20220218,20220218,134100500,13:41:00,8904,15244,28297,676332560,3,-2,133560
eb2205,20220218,20220218,134101000,13:41:01,8904,15244,28297,676332560,0,0,0
eb2205,20220218,20220218,134101500,13:41:01,8904,15244,28297,676332560,0,0,0
eb2205,20220218,20220218,134102000,13:41:02,8904,15244,28297,676332560,0,0,0
eb2205,20220218,20220218,134103500,13:41:05,8904,15244,28297,676332560,0,0,0
eb2205,20220218,20220218,134104500,13:41:06,8905,15245,28296,676377085,1,-1,44525
eb2205,20220218,20220218,134105500,13:41:06,8905,15245,28296,676377085,0,0,0
eb2205,20220218,20220218,134106000,13:41:07,8907,15268,28289,677401260,23,-7,1024175
eb2205,20220218,20220218,134106500,13:41:07,8907,15276,28289,677757540,8,0,356280
eb2205,20220218,20220218,134107000,13:41:07,8907,15276,28289,677757540,0,0,0
eb2205,20220218,20220218,134107500,13:41:09,8907,15276,28289,677757540,0,0,0
eb2205,20220218,20220218,134108500,13:41:10,8908,15278,28287,677846620,2,-2,89080
eb2205,20220218,20220218,134109000,13:41:10,8908,15278,28287,677846620,0,0,0
eb2205,20220218,20220218,134109500,13:41:10,8908,15280,28287,677935700,2,0,89080
eb2205,20220218,20220218,134110000,13:41:10,8908,15281,28288,677980240,1,1,44540
eb2205,20220218,20220218,134110500,13:41:10,8908,15281,28288,677980240,0,0,0
eb2205,20220218,20220218,134111000,13:41:11,8908,15281,28288,677980240,0,0,0
eb2205,20220218,20220218,134112000,13:41:12,8908,15281,28288,677980240,0,0,0
eb2205,20220218,20220218,134112500,13:41:12,8908,15281,28288,677980240,0,0,0
eb2205,20220218,20220218,134113000,13:41:13,8908,15281,28288,677980240,0,0,0
eb2205,20220218,20220218,134114000,13:41:14,8908,15281,28288,677980240,0,0,0
eb2205,20220218,20220218,134114500,13:41:15,8908,15281,28288,677980240,0,0,0
eb2205,20220218,20220218,134115000,13:41:16,8908,15281,28288,677980240,0,0,0
eb2205,20220218,20220218,134115500,13:41:16,8908,15281,28288,677980240,0,0,0
eb2205,20220218,20220218,134116500,13:41:17,8908,15281,28288,677980240,0,0,0
eb2205,20220218,20220218,134117000,13:41:17,8908,15281,28288,677980240,0,0,0
eb2205,20220218,20220218,134117500,13:41:18,8908,15281,28288,677980240,0,0,0
eb2205,20220218,20220218,134120500,13:41:23,8908,15281,28288,677980240,0,0,0
eb2205,20220218,20220218,134121000,13:41:23,8908,15281,28288,677980240,0,0,0
eb2205,20220218,20220218,134121500,13:41:23,8908,15281,28288,677980240,0,0,0
eb2205,20220218,20220218,134122000,13:41:24,8908,15281,28288,677980240,0,0,0
eb2205,20220218,20220218,134128500,13:41:28,8908,15281,28288,677980240,0,0,0
eb2205,20220218,20220218,134129000,13:41:29,8908,15281,28288,677980240,0,0,0
eb2205,20220218,20220218,134129500,13:41:30,8908,15281,28288,677980240,0,0,0
eb2205,20220218,20220218,134130000,13:41:30,8908,15281,28288,677980240,0,0,0
eb2205,20220218,20220218,134130500,13:41:31,8908,15281,28288,677980240,0,0,0
eb2205,20220218,20220218,134131000,13:41:31,8908,15281,28288,677980240,0,0,0
eb2205,20220218,20220218,134131500,13:41:32,8908,15281,28288,677980240,0,0,0
eb2205,20220218,20220218,134132000,13:41:32,8908,15281,28288,677980240,0,0,0
eb2205,20220218,20220218,134132500,13:41:33,8908,15281,28288,677980240,0,0,0
eb2205,20220218,20220218,134133000,13:41:33,8908,15281,28288,677980240,0,0,0
eb2205,20220218,20220218,134133500,13:41:34,8908,15281,28288,677980240,0,0,0
eb2205,20220218,20220218,134134000,13:41:34,8908,15281,28288,677980240,0,0,0
eb2205,20220218,20220218,134134500,13:41:34,8908,15281,28288,677980240,0,0,0
eb2205,20220218,20220218,134135000,13:41:35,8908,15281,28288,677980240,0,0,0
eb2205,20220218,20220218,134135500,13:41:35,8908,15281,28288,677980240,0,0,0
eb2205,20220218,20220218,134136000,13:41:39,8908,15281,28288,677980240,0,0,0
eb2205,20220218,20220218,134136500,13:41:39,8908,15281,28288,677980240,0,0,0
eb2205,20220218,20220218,134137000,13:41:40,8908,15281,28288,677980240,0,0,0
eb2205,20220218,20220218,134139500,13:41:42,8908,15281,28288,677980240,0,0,0
eb2205,20220218,20220218,134140500,13:41:42,8908,15281,28288,677980240,0,0,0
eb2205,20220218,20220218,134141000,13:41:42,8908,15281,28288,677980240,0,0,0
eb2205,20220218,20220218,134142000,13:41:42,8908,15281,28288,677980240,0,0,0
eb2205,20220218,20220218,134142500,13:41:42,8908,15281,28288,677980240,0,0,0
eb2205,20220218,20220218,134143000,13:41:43,8908,15281,28288,677980240,0,0,0
eb2205,20220218,20220218,134143500,13:41:44,8908,15281,28288,677980240,0,0,0
eb2205,20220218,20220218,134144000,13:41:44,8908,15281,28288,677980240,0,0,0
eb2205,20220218,20220218,134144500,13:41:44,8908,15281,28288,677980240,0,0,0
eb2205,20220218,20220218,134145000,13:41:45,8908,15281,28288,677980240,0,0,0
eb2205,20220218,20220218,134145500,13:41:45,8908,15281,28288,677980240,0,0,0
eb2205,20220218,20220218,134146000,13:41:46,8908,15281,28288,677980240,0,0,0
eb2205,20220218,20220218,134146500,13:41:47,8908,15281,28288,677980240,0,0,0
eb2205,20220218,20220218,134147000,13:41:47,8908,15281,28288,677980240,0,0,0
eb2205,20220218,20220218,134148000,13:41:48,8908,15281,28288,677980240,0,0,0
eb2205,20220218,20220218,134148500,13:41:48,8908,15281,28288,677980240,0,0,0
eb2205,20220218,20220218,134153000,13:41:53,8908,15281,28288,677980240,0,0,0
eb2205,20220218,20220218,134153500,13:41:54,8908,15281,28288,677980240,0,0,0
eb2205,20220218,20220218,134154000,13:42:02,8908,15281,28288,677980240,0,0,0
eb2205,20220218,20220218,134201500,13:42:10,8908,15281,28288,677980240,0,0,0
eb2205,20220218,20220218,134202500,13:42:11,8908,15281,28288,677980240,0,0,0
eb2205,20220218,20220218,134210000,13:42:12,8908,15281,28288,677980240,0,0,0
eb2205,20220218,20220218,134210500,13:42:12,8908,15281,28288,677980240,0,0,0
eb2205,20220218,20220218,134211000,13:42:12,8908,15281,28288,677980240,0,0,0
eb2205,20220218,20220218,134214500,13:42:15,8912,15282,28287,678024800,1,-1,44560
eb2205,20220218,20220218,134215500,13:42:16,8912,15282,28287,678024800,0,0,0
eb2205,20220218,20220218,134216000,13:42:16,8912,15282,28287,678024800,0,0,0
eb2205,20220218,20220218,134216500,13:42:17,8912,15282,28287,678024800,0,0,0
eb2205,20220218,20220218,134217000,13:42:18,8912,15282,28287,678024800,0,0,0
eb2205,20220218,20220218,134218500,13:42:20,8912,15282,28287,678024800,0,0,0
eb2205,20220218,20220218,134219500,13:42:20,8912,15282,28287,678024800,0,0,0
eb2205,20220218,20220218,134220000,13:42:20,8912,15282,28287,678024800,0,0,0
eb2205,20220218,20220218,134220500,13:42:21,8912,15282,28287,678024800,0,0,0
eb2205,20220218,20220218,134221000,13:42:21,8912,15282,28287,678024800,0,0,0
eb2205,20220218,20220218,134221500,13:42:21,8912,15282,28287,678024800,0,0,0
eb2205,20220218,20220218,134222000,13:42:22,8912,15282,28287,678024800,0,0,0
eb2205,20220218,20220218,134222500,13:42:22,8909,15309,28269,679227535,27,-18,1202735
eb2205,20220218,20220218,134223000,13:42:23,8913,15310,28269,679272100,1,0,44565
eb2205,20220218,20220218,134223500,13:42:24,8913,15310,28269,679272100,0,0,0
eb2205,20220218,20220218,134224000,13:42:24,8913,15310,28269,679272100,0,0,0
eb2205,20220218,20220218,134224500,13:42:25,8913,15310,28269,679272100,0,0,0
eb2205,20220218,20220218,134225000,13:42:25,8913,15310,28269,679272100,0,0,0
eb2205,20220218,20220218,134225500,13:42:25,8913,15310,28269,679272100,0,0,0
eb2205,20220218,20220218,134226000,13:42:26,8913,15310,28269,679272100,0,0,0
eb2205,20220218,20220218,134227000,13:42:28,8913,15310,28269,679272100,0,0,0
eb2205,20220218,20220218,134227500,13:42:28,8913,15310,28269,679272100,0,0,0
eb2205,20220218,20220218,134228000,13:42:29,8913,15310,28269,679272100,0,0,0
eb2205,20220218,20220218,134228500,13:42:29,8913,15310,28269,679272100,0,0,0
eb2205,20220218,20220218,134229000,13:42:29,8913,15310,28269,679272100,0,0,0
eb2205,20220218,20220218,134235500,13:42:35,8913,15310,28269,679272100,0,0,0
eb2205,20220218,20220218,134239500,13:42:39,8913,15310,28269,679272100,0,0,0
eb2205,20220218,20220218,134244000,13:42:44,8913,15310,28269,679272100,0,0,0
eb2205,20220218,20220218,134247000,13:42:47,8913,15310,28269,679272100,0,0,0
eb2205,20220218,20220218,134255500,13:42:55,8913,15310,28269,679272100,0,0,0
eb2205,20220218,20220218,134256000,13:42:56,8913,15310,28269,679272100,0,0,0
eb2205,20220218,20220218,134257000,13:42:59,8907,15335,28256,680385495,25,-13,1113395
eb2205,20220218,20220218,134259000,13:42:59,8907,15335,28256,680385495,0,0,0
eb2205,20220218,20220218,134300000,13:43:01,8907,15335,28256,680385495,0,0,0
eb2205,20220218,20220218,134301000,13:43:02,8907,15335,28256,680385495,0,0,0
eb2205,20220218,20220218,134301500,13:43:02,8907,15335,28256,680385495,0,0,0
eb2205,20220218,20220218,134302000,13:43:02,8907,15335,28256,680385495,0,0,0
eb2205,20220218,20220218,134302500,13:43:03,8907,15335,28256,680385495,0,0,0
eb2205,20220218,20220218,134303000,13:43:05,8907,15335,28256,680385495,0,0,0
eb2205,20220218,20220218,134303500,13:43:11,8907,15335,28256,680385495,0,0,0
eb2205,20220218,20220218,134304000,13:43:11,8907,15335,28256,680385495,0,0,0
eb2205,20220218,20220218,134305000,13:43:11,8907,15335,28256,680385495,0,0,0
eb2205,20220218,20220218,134310500,13:43:12,8907,15335,28256,680385495,0,0,0
eb2205,20220218,20220218,134312500,13:43:14,8907,15335,28256,680385495,0,0,0
eb2205,20220218,20220218,134314000,13:43:14,8907,15335,28256,680385495,0,0,0
eb2205,20220218,20220218,134314500,13:43:15,8907,15335,28256,680385495,0,0,0
eb2205,20220218,20220218,134315000,13:43:15,8907,15335,28256,680385495,0,0,0
eb2205,20220218,20220218,134315500,13:43:15,8907,15335,28256,680385495,0,0,0
eb2205,20220218,20220218,134316000,13:43:16,8907,15335,28256,680385495,0,0,0
eb2205,20220218,20220218,134316500,13:43:16,8907,15335,28256,680385495,0,0,0
eb2205,20220218,20220218,134317500,13:43:17,8907,15335,28256,680385495,0,0,0
eb2205,20220218,20220218,134318000,13:43:18,8907,15335,28256,680385495,0,0,0
eb2205,20220218,20220218,134318500,13:43:18,8907,15335,28256,680385495,0,0,0
eb2205,20220218,20220218,134319000,13:43:19,8907,15335,28256,680385495,0,0,0
eb2205,20220218,20220218,134319500,13:43:20,8907,15335,28256,680385495,0,0,0
eb2205,20220218,20220218,134320000,13:43:20,8907,15335,28256,680385495,0,0,0
eb2205,20220218,20220218,134320500,13:43:21,8907,15335,28256,680385495,0,0,0
eb2205,20220218,20220218,134321000,13:43:21,8907,15335,28256,680385495,0,0,0
eb2205,20220218,20220218,134321500,13:43:21,8907,15335,28256,680385495,0,0,0
eb2205,20220218,20220218,134322000,13:43:22,8907,15335,28256,680385495,0,0,0
eb2205,20220218,20220218,134324000,13:43:24,8907,15335,28256,680385495,0,0,0
eb2205,20220218,20220218,134325000,13:43:25,8907,15335,28256,680385495,0,0,0
eb2205,20220218,20220218,134325500,13:43:26,8907,15335,28256,680385495,0,0,0
eb2205,20220218,20220218,134326500,13:43:26,8907,15336,28256,680430030,1,0,44535
eb2205,20220218,20220218,134327000,13:43:27,8907,15336,28256,680430030,0,0,0
eb2205,20220218,20220218,134327500,13:43:27,8907,15336,28256,680430030,0,0,0
eb2205,20220218,20220218,134333000,13:43:33,8912,15346,28256,680875630,10,0,445600
eb2205,20220218,20220218,134333500,13:43:34,8912,15346,28256,680875630,0,0,0
eb2205,20220218,20220218,134334000,13:43:34,8912,15346,28256,680875630,0,0,0
eb2205,20220218,20220218,134334500,13:43:34,8912,15346,28256,680875630,0,0,0
eb2205,20220218,20220218,134335000,13:43:35,8912,15346,28256,680875630,0,0,0
eb2205,20220218,20220218,134335500,13:43:35,8912,15346,28256,680875630,0,0,0
eb2205,20220218,20220218,134336000,13:43:36,8912,15346,28256,680875630,0,0,0
eb2205,20220218,20220218,134336500,13:43:37,8912,15346,28256,680875630,0,0,0
eb2205,20220218,20220218,134337000,13:43:37,8912,15346,28256,680875630,0,0,0
eb2205,20220218,20220218,134338000,13:43:38,8912,15346,28256,680875630,0,0,0
eb2205,20220218,20220218,134338500,13:43:38,8912,15346,28256,680875630,0,0,0
eb2205,20220218,20220218,134339000,13:43:47,8912,15346,28256,680875630,0,0,0
eb2205,20220218,20220218,134339500,13:43:55,8912,15346,28256,680875630,0,0,0
eb2205,20220218,20220218,134340000,13:43:57,8912,15346,28256,680875630,0,0,0
eb2205,20220218,20220218,134340500,13:43:57,8912,15346,28256,680875630,0,0,0
eb2205,20220218,20220218,134354500,13:44:04,8919,15368,28260,681856665,22,4,981035
eb2205,20220218,20220218,134355000,13:44:04,8919,15368,28260,681856665,0,0,0
eb2205,20220218,20220218,134357000,13:44:04,8921,15376,28259,682213465,8,-1,356800
eb2205,20220218,20220218,134403500,13:44:04,8918,15403,28258,683417420,27,-1,1203955
eb2205,20220218,20220218,134404000,13:44:04,8918,15403,28258,683417420,0,0,0
eb2205,20220218,20220218,134404500,13:44:05,8918,15403,28258,683417420,0,0,0
eb2205,20220218,20220218,134405000,13:44:05,8918,15403,28258,683417420,0,0,0
eb2205,20220218,20220218,134405500,13:44:06,8918,15403,28258,683417420,0,0,0
eb2205,20220218,20220218,134406000,13:44:06,8917,15416,28256,683997070,13,-2,579650
eb2205,20220218,20220218,134406500,13:44:06,8917,15416,28256,683997070,0,0,0
eb2205,20220218,20220218,134407000,13:44:07,8917,15416,28256,683997070,0,0,0
eb2205,20220218,20220218,134408000,13:44:08,8917,15416,28256,683997070,0,0,0
eb2205,20220218,20220218,134408500,13:44:09,8917,15416,28256,683997070,0,0,0
eb2205,20220218,20220218,134409000,13:44:09,8917,15416,28256,683997070,0,0,0
eb2205,20220218,20220218,134409500,13:44:17,8917,15416,28256,683997070,0,0,0
eb2205,20220218,20220218,134410000,13:44:17,8917,15416,28256,683997070,0,0,0
eb2205,20220218,20220218,134410500,13:44:17,8917,15416,28256,683997070,0,0,0
eb2205,20220218,20220218,134417000,13:44:17,8917,15416,28256,683997070,0,0,0
eb2205,20220218,20220218,134418000,13:44:18,8917,15416,28256,683997070,0,0,0
eb2205,20220218,20220218,134418500,13:44:19,8917,15416,28256,683997070,0,0,0
eb2205,20220218,20220218,134419000,13:44:19,8922,15419,28253,684130880,3,-3,133810
eb2205,20220218,20220218,134420000,13:44:23,8922,15419,28253,684130880,0,0,0
eb2205,20220218,20220218,134420500,13:44:23,8922,15419,28253,684130880,0,0,0
eb2205,20220218,20220218,134421000,13:44:23,8922,15420,28253,684175490,1,0,44610
eb2205,20220218,20220218,134423000,13:44:23,8925,15426,28250,684443230,6,-3,267740
eb2205,20220218,20220218,134423500,13:44:24,8923,15432,28246,684710970,6,-4,267740
eb2205,20220218,20220218,134424000,13:44:24,8923,15432,28246,684710970,0,0,0
eb2205,20220218,20220218,134424500,13:44:24,8923,15432,28246,684710970,0,0,0
eb2205,20220218,20220218,134425000,13:44:25,8923,15432,28246,684710970,0,0,0
eb2205,20220218,20220218,134425500,13:44:25,8923,15432,28246,684710970,0,0,0
eb2205,20220218,20220218,134426000,13:44:26,8923,15432,28246,684710970,0,0,0
eb2205,20220218,20220218,134426500,13:44:26,8923,15432,28246,684710970,0,0,0
eb2205,20220218,20220218,134427000,13:44:27,8923,15432,28246,684710970,0,0,0
eb2205,20220218,20220218,134427500,13:44:28,8923,15432,28246,684710970,0,0,0
eb2205,20220218,20220218,134428000,13:44:29,8923,15432,28246,684710970,0,0,0
eb2205,20220218,20220218,134428500,13:44:29,8923,15432,28246,684710970,0,0,0
eb2205,20220218,20220218,134429000,13:44:29,8923,15432,28246,684710970,0,0,0
eb2205,20220218,20220218,134429500,13:44:33,8923,15432,28246,684710970,0,0,0
eb2205,20220218,20220218,134430000,13:44:37,8923,15432,28246,684710970,0,0,0
eb2205,20220218,20220218,134430500,13:44:37,8923,15432,28246,684710970,0,0,0
eb2205,20220218,20220218,134431000,13:44:37,8923,15432,28246,684710970,0,0,0
eb2205,20220218,20220218,134437500,13:44:37,8923,15432,28246,684710970,0,0,0
eb2205,20220218,20220218,134438000,13:44:38,8923,15432,28246,684710970,0,0,0
eb2205,20220218,20220218,134438500,13:44:38,8923,15432,28246,684710970,0,0,0
eb2205,20220218,20220218,134439000,13:44:39,8923,15432,28246,684710970,0,0,0
eb2205,20220218,20220218,134440500,13:44:40,8923,15432,28246,684710970,0,0,0
eb2205,20220218,20220218,134441000,13:44:41,8923,15432,28246,684710970,0,0,0
eb2205,20220218,20220218,134441500,13:44:41,8923,15432,28246,684710970,0,0,0
eb2205,20220218,20220218,134442000,13:44:42,8923,15432,28246,684710970,0,0,0
eb2205,20220218,20220218,134443000,13:44:43,8923,15432,28246,684710970,0,0,0
eb2205,20220218,20220218,134443500,13:44:44,8923,15432,28246,684710970,0,0,0
eb2205,20220218,20220218,134444000,13:44:44,8925,15434,28246,684800220,2,0,89250
eb2205,20220218,20220218,134444500,13:44:45,8925,15434,28246,684800220,0,0,0
