eg2202,20220218,20220218,111957000,11:20:05,4859,0,1,0,0,0,0
eg2202,20220218,20220218,112012000,11:20:12,4859,0,1,0,0,0,0
eg2202,20220218,20220218,112014000,11:20:14,4859,0,1,0,0,0,0
eg2202,20220218,20220218,112058000,11:20:58,4859,0,1,0,0,0,0
eg2202,20220218,20220218,112058500,11:20:59,4859,0,1,0,0,0,0
eg2202,20220218,20220218,112059000,11:20:59,4859,0,1,0,0,0,0
eg2202,20220218,20220218,112059500,11:21:00,4859,0,1,0,0,0,0
eg2202,20220218,20220218,112106000,11:21:07,4859,0,1,0,0,0,0
eg2202,20220218,20220218,112323000,11:23:33,4859,0,1,0,0,0,0
eg2202,20220218,20220218,112338000,11:23:38,4859,0,1,0,0,0,0
eg2202,20220218,20220218,112340000,11:23:40,4859,0,1,0,0,0,0
eg2202,20220218,20220218,112352500,11:23:52,4859,0,1,0,0,0,0
eg2202,20220218,20220218,112444000,11:24:44,4859,0,1,0,0,0,0
eg2202,20220218,20220218,112444500,11:24:44,4859,0,1,0,0,0,0
eg2202,20220218,20220218,112501000,11:25:01,4859,0,1,0,0,0,0
eg2202,20220218,20220218,112503000,11:25:06,4859,0,1,0,0,0,0
eg2202,20220218,20220218,112505000,11:25:06,4859,0,1,0,0,0,0
eg2202,20220218,20220218,112506500,11:25:07,4859,0,1,0,0,0,0
eg2202,20220218,20220218,112507000,11:25:07,4859,0,1,0,0,0,0
eg2202,20220218,20220218,112509500,11:25:09,4859,0,1,0,0,0,0
eg2202,20220218,20220218,112531000,11:25:31,4859,0,1,0,0,0,0
eg2202,20220218,20220218,112531500,11:25:32,4859,0,1,0,0,0,0
eg2202,20220218,20220218,112532000,11:25:32,4859,0,1,0,0,0,0
eg2202,20220218,20220218,112542000,11:25:42,4859,0,1,0,0,0,0
eg2202,20220218,20220218,112554000,11:25:54,4859,0,1,0,0,0,0
eg2202,20220218,20220218,112554500,11:25:54,4859,0,1,0,0,0,0
eg2202,20220218,20220218,112555000,11:25:55,4859,0,1,0,0,0,0
eg2202,20220218,20220218,112555500,11:25:56,4859,0,1,0,0,0,0
eg2202,20220218,20220218,112606500,11:26:06,4859,0,1,0,0,0,0
eg2202,20220218,20220218,112633500,11:26:34,4859,0,1,0,0,0,0
eg2202,20220218,20220218,112634000,11:26:34,4859,0,1,0,0,0,0
eg2202,20220218,20220218,112701000,11:27:12,4859,0,1,0,0,0,0
eg2202,20220218,20220218,112747500,11:27:47,4859,0,1,0,0,0,0
eg2202,20220218,20220218,112748000,11:27:49,4859,0,1,0,0,0,0
eg2202,20220218,20220218,112748500,11:27:54,4859,0,1,0,0,0,0
eg2202,20220218,20220218,112749000,11:27:54,4859,0,1,0,0,0,0
eg2202,20220218,20220218,112750000,11:27:54,4859,0,1,0,0,0,0
eg2202,20220218,20220218,112754500,11:27:54,4859,0,1,0,0,0,0
eg2202,20220218,20220218,112758000,11:27:58,4859,0,1,0,0,0,0
eg2202,20220218,20220218,112817500,11:28:17,4859,0,1,0,0,0,0
eg2202,20220218,20220218,112819500,11:28:19,4859,0,1,0,0,0,0
eg2202,20220218,20220218,112828500,11:28:28,4859,0,1,0,0,0,0
eg2202,20220218,20220218,112830000,11:28:30,4859,0,1,0,0,0,0
eg2202,20220218,20220218,112832000,11:28:32,4859,0,1,0,0,0,0
eg2202,20220218,20220218,112835000,11:28:35,4859,0,1,0,0,0,0
eg2202,20220218,20220218,112858000,11:28:58,4859,0,1,0,0,0,0
eg2202,20220218,20220218,112910000,11:29:10,4859,0,1,0,0,0,0
eg2202,20220218,20220218,112912500,11:29:12,4859,0,1,0,0,0,0
eg2202,20220218,20220218,113001500,11:30:03,4859,0,1,0,0,0,0
eg2202,20220218,20220218,133001500,13:30:02,4859,0,1,0,0,0,0
eg2202,20220218,20220218,133002000,13:30:08,4859,0,1,0,0,0,0
eg2202,20220218,20220218,133008500,13:30:10,4859,0,1,0,0,0,0
eg2202,20220218,20220218,133009000,13:30:10,4859,0,1,0,0,0,0
eg2202,20220218,20220218,133010000,13:30:11,4859,0,1,0,0,0,0
eg2202,20220218,20220218,133011500,13:30:13,4859,0,1,0,0,0,0
eg2202,20220218,20220218,133013000,13:30:13,4859,0,1,0,0,0,0
eg2202,20220218,20220218,133031500,13:30:40,4859,0,1,0,0,0,0
eg2202,20220218,20220218,133048500,13:30:49,4859,0,1,0,0,0,0
eg2202,20220218,20220218,133052000,13:30:53,4859,0,1,0,0,0,0
eg2202,20220218,20220218,133054500,13:30:55,4859,0,1,0,0,0,0
eg2202,20220218,20220218,133055000,13:30:55,4859,0,1,0,0,0,0
eg2202,20220218,20220218,133106000,13:31:08,4859,0,1,0,0,0,0
eg2202,20220218,20220218,133107500,13:31:08,4859,0,1,0,0,0,0
eg2202,20220218,20220218,133108000,13:31:09,4859,0,1,0,0,0,0
eg2202,20220218,20220218,133109000,13:31:09,4859,0,1,0,0,0,0
eg2202,20220218,20220218,133200500,13:32:01,4859,0,1,0,0,0,0
eg2202,20220218,20220218,133215500,13:32:16,4859,0,1,0,0,0,0
eg2202,20220218,20220218,133217000,13:32:17,4859,0,1,0,0,0,0
eg2202,20220218,20220218,133222500,13:32:23,4859,0,1,0,0,0,0
eg2202,20220218,20220218,133240000,13:32:40,4859,0,1,0,0,0,0
eg2202,20220218,20220218,133240500,13:32:40,4859,0,1,0,0,0,0
eg2202,20220218,20220218,133257000,13:32:59,4859,0,1,0,0,0,0
eg2202,20220218,20220218,133258000,13:33:00,4859,0,1,0,0,0,0
eg2202,20220218,20220218,133316000,13:33:18,4859,0,1,0,0,0,0
eg2202,20220218,20220218,133317500,13:33:19,4859,0,1,0,0,0,0
eg2202,20220218,20220218,133331500,13:33:32,4859,0,1,0,0,0,0
eg2202,20220218,20220218,133332000,13:33:32,4859,0,1,0,0,0,0
eg2202,20220218,20220218,133338500,13:33:39,4859,0,1,0,0,0,0
eg2202,20220218,20220218,133339500,13:33:40,4859,0,1,0,0,0,0
eg2202,20220218,20220218,133349500,13:33:50,4859,0,1,0,0,0,0
eg2202,20220218,20220218,133418000,13:34:18,4859,0,1,0,0,0,0
eg2202,20220218,20220218,133420000,13:34:20,4859,0,1,0,0,0,0
eg2202,20220218,20220218,133421500,13:34:23,4859,0,1,0,0,0,0
eg2202,20220218,20220218,133453000,13:34:53,4859,0,1,0,0,0,0
eg2202,20220218,20220218,133453500,13:34:55,4859,0,1,0,0,0,0
eg2202,20220218,20220218,133459000,13:34:59,4859,0,1,0,0,0,0
eg2202,20220218,20220218,133501500,13:35:04,4859,0,1,0,0,0,0
eg2202,20220218,20220218,133503000,13:35:10,4859,0,1,0,0,0,0
eg2202,20220218,20220218,133517000,13:35:17,4859,0,1,0,0,0,0
eg2202,20220218,20220218,133522000,13:35:22,4859,0,1,0,0,0,0
eg2202,20220218,20220218,133523000,13:35:23,4859,0,1,0,0,0,0
eg2202,20220218,20220218,133525500,13:35:26,4859,0,1,0,0,0,0
eg2202,20220218,20220218,133528500,13:35:32,4859,0,1,0,0,0,0
eg2202,20220218,20220218,133530500,13:35:33,4859,0,1,0,0,0,0
eg2202,20220218,20220218,133540000,13:35:43,4859,0,1,0,0,0,0
eg2202,20220218,20220218,133542500,13:35:44,4859,0,1,0,0,0,0
eg2202,20220218,20220218,133543500,13:35:44,4859,0,1,0,0,0,0
eg2202,20220218,20220218,133545500,13:35:46,4859,0,1,0,0,0,0
eg2202,20220218,20220218,133617000,13:36:17,4859,0,1,0,0,0,0
eg2202,20220218,20220218,133618000,13:36:19,4859,0,1,0,0,0,0
eg2202,20220218,20220218,133619000,13:36:19,4859,0,1,0,0,0,0
eg2202,20220218,20220218,133620500,13:36:20,4859,0,1,0,0,0,0
eg2202,20220218,20220218,133625500,13:36:26,4859,0,1,0,0,0,0
eg2202,20220218,20220218,133626500,13:36:27,4859,0,1,0,0,0,0
eg2202,20220218,20220218,133627500,13:36:28,4859,0,1,0,0,0,0
eg2202,20220218,20220218,133628000,13:36:28,4859,0,1,0,0,0,0
eg2202,20220218,20220218,133629500,13:36:30,4859,0,1,0,0,0,0
eg2202,20220218,20220218,133630000,13:36:30,4859,0,1,0,0,0,0
eg2202,20220218,20220218,133634000,13:36:34,4859,0,1,0,0,0,0
eg2202,20220218,20220218,133634500,13:36:35,4859,0,1,0,0,0,0
eg2202,20220218,20220218,133643000,13:36:43,4859,0,1,0,0,0,0
eg2202,20220218,20220218,133645000,13:36:45,4859,0,1,0,0,0,0
eg2202,20220218,20220218,133645500,13:36:46,4859,0,1,0,0,0,0
eg2202,20220218,20220218,133652500,13:36:53,4859,0,1,0,0,0,0
eg2202,20220218,20220218,133707500,13:37:08,4859,0,1,0,0,0,0
eg2202,20220218,20220218,133708500,13:37:08,4859,0,1,0,0,0,0
eg2202,20220218,20220218,133739000,13:37:39,4859,0,1,0,0,0,0
eg2202,20220218,20220218,133823000,13:38:23,4859,0,1,0,0,0,0
eg2202,20220218,20220218,133840000,13:38:43,4859,0,1,0,0,0,0
eg2202,20220218,20220218,133914000,13:39:15,4859,0,1,0,0,0,0
eg2202,20220218,20220218,133914500,13:39:16,4859,0,1,0,0,0,0
eg2202,20220218,20220218,133933500,13:39:33,4859,0,1,0,0,0,0
eg2202,20220218,20220218,133946000,13:39:47,4859,0,1,0,0,0,0
eg2202,20220218,20220218,133952000,13:39:52,4859,0,1,0,0,0,0
eg2202,20220218,20220218,133952500,13:39:53,4859,0,1,0,0,0,0
eg2202,20220218,20220218,133954000,13:39:55,4859,0,1,0,0,0,0
eg2202,20220218,20220218,133955000,13:39:55,4859,0,1,0,0,0,0
eg2202,20220218,20220218,134005500,13:40:13,4859,0,1,0,0,0,0
eg2202,20220218,20220218,134029500,13:40:30,4859,0,1,0,0,0,0
eg2202,20220218,20220218,134030000,13:40:30,4859,0,1,0,0,0,0
eg2202,20220218,20220218,134031500,13:40:31,4859,0,1,0,0,0,0
eg2202,20220218,20220218,134034000,13:40:34,4859,0,1,0,0,0,0
eg2202,20220218,20220218,134035500,13:40:36,4859,0,1,0,0,0,0
eg2202,20220218,20220218,134115500,13:41:16,4859,0,1,0,0,0,0
eg2202,20220218,20220218,134117000,13:41:17,4859,0,1,0,0,0,0
eg2202,20220218,20220218,134159000,13:42:10,4859,0,1,0,0,0,0
eg2202,20220218,20220218,134202500,13:42:11,4859,0,1,0,0,0,0
eg2202,20220218,20220218,134337000,13:43:37,4859,0,1,0,0,0,0
eg2202,20220218,20220218,134337500,13:43:38,4859,0,1,0,0,0,0
eg2202,20220218,20220218,134345000,13:44:04,4859,0,1,0,0,0,0
eg2202,20220218,20220218,134356000,13:44:04,4859,0,1,0,0,0,0
eg2202,20220218,20220218,134428000,13:44:29,4859,0,1,0,0,0,0
eg2202,20220218,20220218,134442000,13:44:42,4859,0,1,0,0,0,0
eg2202,20220218,20220218,134506500,13:45:09,4859,0,1,0,0,0,0
eg2202,20220218,20220218,134513500,13:45:14,4859,0,1,0,0,0,0
eg2202,20220218,20220218,134514000,13:45:15,4859,0,1,0,0,0,0
eg2202,20220218,20220218,134521000,13:45:23,4859,0,1,0,0,0,0
eg2202,20220218,20220218,134522000,13:45:24,4859,0,1,0,0,0,0
eg2202,20220218,20220218,134535500,13:45:35,4859,0,1,0,0,0,0
eg2202,20220218,20220218,134603000,13:46:04,4859,0,1,0,0,0,0
eg2202,20220218,20220218,134604500,13:46:05,4859,0,1,0,0,0,0
eg2202,20220218,20220218,134645000,13:46:47,4859,0,1,0,0,0,0
eg2202,20220218,20220218,134647000,13:46:47,4859,0,1,0,0,0,0
eg2202,20220218,20220218,134726000,13:47:27,4859,0,1,0,0,0,0
eg2202,20220218,20220218,134727500,13:47:28,4859,0,1,0,0,0,0
eg2202,20220218,20220218,134729000,13:47:29,4859,0,1,0,0,0,0
eg2202,20220218,20220218,134818500,13:48:20,4859,0,1,0,0,0,0
eg2202,20220218,20220218,134826500,13:48:27,4859,0,1,0,0,0,0
eg2202,20220218,20220218,134827000,13:48:28,4859,0,1,0,0,0,0
eg2202,20220218,20220218,134843500,13:48:43,4859,0,1,0,0,0,0
eg2202,20220218,20220218,134844000,13:48:44,4859,0,1,0,0,0,0
eg2202,20220218,20220218,134849500,13:48:49,4859,0,1,0,0,0,0
eg2202,20220218,20220218,134851000,13:48:51,4859,0,1,0,0,0,0
eg2202,20220218,20220218,134905500,13:49:05,4859,0,1,0,0,0,0
eg2202,20220218,20220218,134906500,13:49:06,4859,0,1,0,0,0,0
eg2202,20220218,20220218,134908000,13:49:08,4859,0,1,0,0,0,0
eg2202,20220218,20220218,134908500,13:49:08,4859,0,1,0,0,0,0
eg2202,20220218,20220218,134909000,13:49:09,4859,0,1,0,0,0,0
eg2202,20220218,20220218,134919500,13:49:20,4859,0,1,0,0,0,0
eg2202,20220218,20220218,134930500,13:49:31,4859,0,1,0,0,0,0
eg2202,20220218,20220218,134932000,13:49:32,4859,0,1,0,0,0,0
eg2202,20220218,20220218,134940500,13:49:40,4859,0,1,0,0,0,0
eg2202,20220218,20220218,134941000,13:49:41,4859,0,1,0,0,0,0
eg2202,20220218,20220218,134942500,13:49:42,4859,0,1,0,0,0,0
eg2202,20220218,20220218,134943500,13:49:44,4859,0,1,0,0,0,0
eg2202,20220218,20220218,134949500,13:49:50,4859,0,1,0,0,0,0
eg2202,20220218,20220218,134954000,13:49:55,4859,0,1,0,0,0,0
eg2202,20220218,20220218,134954500,13:49:55,4859,0,1,0,0,0,0
eg2202,20220218,20220218,135004000,13:50:04,4859,0,1,0,0,0,0
eg2202,20220218,20220218,135016500,13:50:27,4859,0,1,0,0,0,0
eg2202,20220218,20220218,135031500,13:50:37,4859,0,1,0,0,0,0
eg2202,20220218,20220218,135053000,13:50:53,4859,0,1,0,0,0,0
eg2202,20220218,20220218,135055000,13:50:55,4859,0,1,0,0,0,0
eg2202,20220218,20220218,135142000,13:51:42,4859,0,1,0,0,0,0
eg2202,20220218,20220218,135147500,13:51:48,4859,0,1,0,0,0,0
eg2202,20220218,20220218,135203500,13:52:04,4859,0,1,0,0,0,0
eg2202,20220218,20220218,135215500,13:52:15,4859,0,1,0,0,0,0
eg2202,20220218,20220218,135217000,13:52:17,4859,0,1,0,0,0,0
eg2202,20220218,20220218,135257500,13:52:57,4859,0,1,0,0,0,0
eg2202,20220218,20220218,135311000,13:53:11,4859,0,1,0,0,0,0
eg2202,20220218,20220218,135317500,13:53:20,4859,0,1,0,0,0,0
eg2202,20220218,20220218,135318000,13:53:20,4859,0,1,0,0,0,0
eg2202,20220218,20220218,135321500,13:53:21,4859,0,1,0,0,0,0
eg2202,20220218,20220218,135322000,13:53:22,4859,0,1,0,0,0,0
eg2202,20220218,20220218,135339500,13:53:45,4859,0,1,0,0,0,0
eg2202,20220218,20220218,135345500,13:53:46,4859,0,1,0,0,0,0
eg2202,20220218,20220218,135348500,13:53:48,4859,0,1,0,0,0,0
eg2202,20220218,20220218,135419500,13:54:19,4859,0,1,0,0,0,0
eg2202,20220218,20220218,135548500,13:55:48,4859,0,1,0,0,0,0
eg2202,20220218,20220218,135555500,13:55:57,4859,0,1,0,0,0,0
eg2202,20220218,20220218,135556500,13:55:58,4859,0,1,0,0,0,0
eg2202,20220218,20220218,135557000,13:55:58,4859,0,1,0,0,0,0
eg2202,20220218,20220218,135608500,13:56:23,4859,0,1,0,0,0,0
eg2202,20220218,20220218,135623000,13:56:24,4859,0,1,0,0,0,0
eg2202,20220218,20220218,135623500,13:56:24,4859,0,1,0,0,0,0
eg2202,20220218,20220218,135630500,13:56:35,4859,0,1,0,0,0,0
eg2202,20220218,20220218,135705500,13:57:05,4859,0,1,0,0,0,0
