eg2205,20220218,20220218,112003000,11:20:09,5040,218197,293618,10932872110,218197,4102,10932872110
eg2205,20220218,20220218,112004000,11:20:09,5040,218197,293618,10932872110,0,0,0
eg2205,20220218,20220218,112006000,11:20:10,5041,218201,293620,10933073780,4,2,201670
eg2205,20220218,20220218,112006500,11:20:10,5041,218201,293620,10933073780,0,0,0
eg2205,20220218,20220218,112007500,11:20:10,5043,218203,293622,10933174640,2,2,100860
eg2205,20220218,20220218,112009000,11:20:10,5043,218203,293622,10933174640,0,0,0
eg2205,20220218,20220218,112009500,11:20:10,5043,218203,293622,10933174640,0,0,0
eg2205,20220218,20220218,112010000,11:20:10,5041,218204,293623,10933225050,1,1,50410
eg2205,20220218,20220218,112010500,11:20:10,5042,218207,293621,10933376300,3,-2,151250
eg2205,20220218,20220218,112011500,11:20:12,5042,218208,293622,10933426720,1,1,50420
eg2205,20220218,20220218,112013500,11:20:13,5042,218209,293622,10933477140,1,0,50420
eg2205,20220218,20220218,112014000,11:20:14,5042,218209,293622,10933477140,0,0,0
eg2205,20220218,20220218,112015000,11:20:15,5042,218212,293625,10933628400,3,3,151260
eg2205,20220218,20220218,112015500,11:20:16,5042,218213,293626,10933678820,1,1,50420
eg2205,20220218,20220218,112016000,11:20:16,5042,218213,293626,10933678820,0,0,0
eg2205,20220218,20220218,112016500,11:20:16,5042,218219,293622,10933981340,6,-4,302520
eg2205,20220218,20220218,112017000,11:20:17,5042,218219,293622,10933981340,0,0,0
eg2205,20220218,20220218,112017500,11:20:17,5042,218219,293622,10933981340,0,0,0
eg2205,20220218,20220218,112018000,11:20:18,5042,218219,293622,10933981340,0,0,0
eg2205,20220218,20220218,112018500,11:20:18,5042,218219,293622,10933981340,0,0,0
eg2205,20220218,20220218,112019000,11:20:19,5042,218221,293622,10934082180,2,0,100840
eg2205,20220218,20220218,112020000,11:20:20,5042,218222,293623,10934132600,1,1,50420
eg2205,20220218,20220218,112020500,11:20:20,5042,218226,293622,10934334280,4,-1,201680
eg2205,20220218,20220218,112021000,11:20:21,5042,218226,293622,10934334280,0,0,0
eg2205,20220218,20220218,112022000,11:20:22,5041,218227,293623,10934384690,1,1,50410
eg2205,20220218,20220218,112022500,11:20:23,5042,218228,293622,10934435110,1,-1,50420
eg2205,20220218,20220218,112023000,11:20:23,5042,218228,293622,10934435110,0,0,0
eg2205,20220218,20220218,112023500,11:20:23,5042,218228,293622,10934435110,0,0,0
eg2205,20220218,20220218,112024000,11:20:24,5042,218229,293622,10934485530,1,0,50420
eg2205,20220218,20220218,112024500,11:20:24,5042,218229,293622,10934485530,0,0,0
eg2205,20220218,20220218,112025000,11:20:25,5042,218229,293622,10934485530,0,0,0
eg2205,20220218,20220218,112025500,11:20:25,5042,218229,293622,10934485530,0,0,0
eg2205,20220218,20220218,112026000,11:20:26,5042,218231,293624,10934586370,2,2,100840
eg2205,20220218,20220218,112026500,11:20:26,5042,218231,293624,10934586370,0,0,0
eg2205,20220218,20220218,112027000,11:20:27,5043,218232,293624,10934636800,1,0,50430
eg2205,20220218,20220218,112027500,11:20:28,5043,218232,293624,10934636800,0,0,0
eg2205,20220218,20220218,112029000,11:20:29,5042,218233,293624,10934687220,1,0,50420
eg2205,20220218,20220218,112029500,11:20:30,5043,218234,293625,10934737650,1,1,50430
eg2205,20220218,20220218,112030000,11:20:31,5043,218234,293625,10934737650,0,0,0
eg2205,20220218,20220218,112030500,11:20:31,5042,218266,293636,10936351090,32,11,1613440
eg2205,20220218,20220218,112031000,11:20:32,5041,218273,293635,10936703960,7,-1,352870
eg2205,20220218,20220218,112031500,11:20:32,5041,218274,293634,10936754370,1,-1,50410
eg2205,20220218,20220218,112032000,11:20:32,5041,218274,293634,10936754370,0,0,0
eg2205,20220218,20220218,112032500,11:20:32,5041,218274,293634,10936754370,0,0,0
eg2205,20220218,20220218,112033000,11:20:33,5042,218276,293634,10936855210,2,0,100840
eg2205,20220218,20220218,112033500,11:20:33,5041,218279,293635,10937006440,3,1,151230
eg2205,20220218,20220218,112034000,11:20:34,5041,218280,293635,10937056850,1,0,50410
eg2205,20220218,20220218,112034500,11:20:34,5042,218281,293635,10937107270,1,0,50420
eg2205,20220218,20220218,112035000,11:20:35,5042,218290,293631,10937561040,9,-4,453770
eg2205,20220218,20220218,112035500,11:20:35,5042,218290,293631,10937561040,0,0,0
eg2205,20220218,20220218,112036000,11:20:36,5042,218290,293631,10937561040,0,0,0
eg2205,20220218,20220218,112036500,11:20:37,5042,218290,293631,10937561040,0,0,0
eg2205,20220218,20220218,112037500,11:20:38,5042,218295,293631,10937813140,5,0,252100
eg2205,20220218,20220218,112038000,11:20:38,5042,218295,293631,10937813140,0,0,0
eg2205,20220218,20220218,112038500,11:20:38,5042,218341,293589,10940132470,46,-42,2319330
eg2205,20220218,20220218,112039000,11:20:39,5042,218341,293589,10940132470,0,0,0
eg2205,20220218,20220218,112039500,11:20:40,5042,218345,293588,10940334150,4,-1,201680
eg2205,20220218,20220218,112041000,11:20:41,5042,218346,293588,10940384570,1,0,50420
eg2205,20220218,20220218,112042000,11:20:42,5042,218346,293588,10940384570,0,0,0
eg2205,20220218,20220218,112042500,11:20:42,5041,218347,293588,10940434980,1,0,50410
eg2205,20220218,20220218,112043000,11:20:43,5041,218357,293578,10940939080,10,-10,504100
eg2205,20220218,20220218,112043500,11:20:44,5041,218363,293578,10941241540,6,0,302460
eg2205,20220218,20220218,112045000,11:20:45,5041,218364,293578,10941291950,1,0,50410
eg2205,20220218,20220218,112045500,11:20:46,5041,218377,293575,10941947280,13,-3,655330
eg2205,20220218,20220218,112046000,11:20:46,5041,218377,293575,10941947280,0,0,0
eg2205,20220218,20220218,112046500,11:20:46,5041,218377,293575,10941947280,0,0,0
eg2205,20220218,20220218,112047000,11:20:47,5042,218382,293576,10942199380,5,1,252100
eg2205,20220218,20220218,112048000,11:20:48,5042,218382,293576,10942199380,0,0,0
eg2205,20220218,20220218,112050500,11:20:51,5042,218394,293571,10942804420,12,-5,605040
eg2205,20220218,20220218,112051000,11:20:51,5042,218394,293571,10942804420,0,0,0
eg2205,20220218,20220218,112051500,11:20:51,5042,218406,293572,10943409570,12,1,605150
eg2205,20220218,20220218,112052000,11:20:53,5042,218416,293576,10943913820,10,4,504250
eg2205,20220218,20220218,112052500,11:20:53,5042,218416,293576,10943913820,0,0,0
eg2205,20220218,20220218,112053000,11:20:53,5042,218416,293576,10943913820,0,0,0
eg2205,20220218,20220218,112054500,11:20:55,5042,218417,293577,10943964240,1,1,50420
eg2205,20220218,20220218,112055500,11:20:56,5042,218417,293577,10943964240,0,0,0
eg2205,20220218,20220218,112056000,11:20:56,5043,218420,293574,10944115530,3,-3,151290
eg2205,20220218,20220218,112057000,11:20:58,5043,218420,293574,10944115530,0,0,0
eg2205,20220218,20220218,112057500,11:20:58,5044,218422,293572,10944216410,2,-2,100880
eg2205,20220218,20220218,112058000,11:20:58,5043,218425,293569,10944367720,3,-3,151310
eg2205,20220218,20220218,112058500,11:20:59,5043,218425,293569,10944367720,0,0,0
eg2205,20220218,20220218,112059000,11:20:59,5043,218425,293569,10944367720,0,0,0
eg2205,20220218,20220218,112059500,11:21:00,5043,218426,293570,10944418150,1,1,50430
eg2205,20220218,20220218,112100500,11:21:00,5044,218428,293570,10944519030,2,0,100880
eg2205,20220218,20220218,112101500,11:21:02,5044,218428,293570,10944519030,0,0,0
eg2205,20220218,20220218,112102000,11:21:02,5044,218435,293566,10944872100,7,-4,353070
eg2205,20220218,20220218,112102500,11:21:03,5043,218436,293566,10944922530,1,0,50430
eg2205,20220218,20220218,112103000,11:21:03,5044,218437,293566,10944972970,1,0,50440
eg2205,20220218,20220218,112103500,11:21:03,5044,218441,293564,10945174730,4,-2,201760
eg2205,20220218,20220218,112104000,11:21:04,5044,218444,293563,10945326050,3,-1,151320
eg2205,20220218,20220218,112104500,11:21:05,5044,218444,293563,10945326050,0,0,0
eg2205,20220218,20220218,112105000,11:21:05,5044,218456,293551,10945931330,12,-12,605280
eg2205,20220218,20220218,112105500,11:21:06,5045,218521,293574,10949210550,65,23,3279220
eg2205,20220218,20220218,112106000,11:21:07,5046,218527,293574,10949513270,6,0,302720
eg2205,20220218,20220218,112106500,11:21:07,5046,218527,293574,10949513270,0,0,0
eg2205,20220218,20220218,112107000,11:21:09,5046,218529,293574,10949614190,2,0,100920
eg2205,20220218,20220218,112107500,11:21:10,5046,218530,293574,10949664650,1,0,50460
eg2205,20220218,20220218,112108000,11:21:10,5046,218530,293574,10949664650,0,0,0
eg2205,20220218,20220218,112108500,11:21:10,5046,218530,293574,10949664650,0,0,0
eg2205,20220218,20220218,112110000,11:21:10,5044,218587,293592,10952540190,57,18,2875540
eg2205,20220218,20220218,112110500,11:21:11,5045,218588,293592,10952590640,1,0,50450
eg2205,20220218,20220218,112115000,11:21:15,5044,218589,293591,10952641080,1,-1,50440
eg2205,20220218,20220218,112115500,11:21:15,5044,218591,293591,10952741970,2,0,100890
eg2205,20220218,20220218,112116000,11:21:16,5044,218591,293591,10952741970,0,0,0
eg2205,20220218,20220218,112116500,11:21:17,5045,218594,293588,10952893320,3,-3,151350
eg2205,20220218,20220218,112117000,11:21:17,5045,218594,293588,10952893320,0,0,0
eg2205,20220218,20220218,112117500,11:21:18,5045,218594,293588,10952893320,0,0,0
eg2205,20220218,20220218,112118000,11:21:18,5045,218596,293586,10952994220,2,-2,100900
eg2205,20220218,20220218,112118500,11:21:18,5046,218626,293588,10954507970,30,2,1513750
eg2205,20220218,20220218,112119000,11:21:19,5045,218639,293588,10955163820,13,0,655850
eg2205,20220218,20220218,112119500,11:21:19,5045,218659,293588,10956172820,20,0,1009000
eg2205,20220218,20220218,112120000,11:21:20,5045,218663,293586,10956374620,4,-2,201800
eg2205,20220218,20220218,112121000,11:21:22,5045,218665,293584,10956475520,2,-2,100900
eg2205,20220218,20220218,112121500,11:21:22,5045,218667,293584,10956576420,2,0,100900
eg2205,20220218,20220218,112122000,11:21:22,5046,218669,293582,10956677340,2,-2,100920
eg2205,20220218,20220218,112122500,11:21:22,5046,218669,293582,10956677340,0,0,0
eg2205,20220218,20220218,112123000,11:21:23,5045,218671,293583,10956778240,2,1,100900
eg2205,20220218,20220218,112123500,11:21:24,5046,218672,293583,10956828700,1,0,50460
eg2205,20220218,20220218,112124000,11:21:24,5046,218692,293585,10957837840,20,2,1009140
eg2205,20220218,20220218,112124500,11:21:25,5046,218693,293585,10957888300,1,0,50460
eg2205,20220218,20220218,112125000,11:21:29,5046,218693,293585,10957888300,0,0,0
eg2205,20220218,20220218,112126000,11:23:32,5046,218696,293585,10958039690,3,0,151390
eg2205,20220218,20220218,112126500,11:23:33,5046,218697,293586,10958090150,1,1,50460
eg2205,20220218,20220218,112332500,11:23:33,5044,219527,293810,10999976170,830,224,41886020
eg2205,20220218,20220218,112333000,11:23:33,5045,219528,293811,11000026620,1,1,50450
eg2205,20220218,20220218,112333500,11:23:33,5045,219528,293811,11000026620,0,0,0
eg2205,20220218,20220218,112334000,11:23:34,5044,219530,293813,11000127500,2,2,100880
eg2205,20220218,20220218,112334500,11:23:34,5044,219531,293814,11000177940,1,1,50440
eg2205,20220218,20220218,112335000,11:23:35,5044,219533,293816,11000278820,2,2,100880
eg2205,20220218,20220218,112335500,11:23:35,5044,219534,293817,11000329260,1,1,50440
eg2205,20220218,20220218,112336500,11:23:38,5044,219534,293817,11000329260,0,0,0
eg2205,20220218,20220218,112337000,11:23:38,5044,219535,293817,11000379700,1,0,50440
eg2205,20220218,20220218,112338500,11:23:38,5044,219535,293817,11000379700,0,0,0
eg2205,20220218,20220218,112339000,11:23:39,5044,219536,293818,11000430140,1,1,50440
eg2205,20220218,20220218,112339500,11:23:39,5044,219536,293818,11000430140,0,0,0
eg2205,20220218,20220218,112340000,11:23:40,5046,219550,293817,11001136580,14,-1,706440
eg2205,20220218,20220218,112340500,11:23:40,5046,219550,293817,11001136580,0,0,0
eg2205,20220218,20220218,112341000,11:23:41,5046,219550,293817,11001136580,0,0,0
eg2205,20220218,20220218,112341500,11:23:42,5045,219563,293818,11001792480,13,1,655900
eg2205,20220218,20220218,112342000,11:23:42,5046,219565,293816,11001893400,2,-2,100920
eg2205,20220218,20220218,112342500,11:23:42,5047,219567,293817,11001994340,2,1,100940
eg2205,20220218,20220218,112343000,11:23:43,5047,219568,293817,11002044810,1,0,50470
eg2205,20220218,20220218,112343500,11:23:43,5047,219569,293817,11002095280,1,0,50470
eg2205,20220218,20220218,112344000,11:23:45,5047,219569,293817,11002095280,0,0,0
eg2205,20220218,20220218,112345500,11:23:48,5046,219571,293817,11002196200,2,0,100920
eg2205,20220218,20220218,112347500,11:23:48,5046,219572,293816,11002246660,1,-1,50460
eg2205,20220218,20220218,112349500,11:23:50,5047,219574,293818,11002347600,2,2,100940
eg2205,20220218,20220218,112350000,11:23:50,5047,219578,293814,11002549480,4,-4,201880
eg2205,20220218,20220218,112350500,11:23:50,5047,219578,293814,11002549480,0,0,0
eg2205,20220218,20220218,112351000,11:23:51,5047,219586,293808,11002953240,8,-6,403760
eg2205,20220218,20220218,112351500,11:23:51,5047,219590,293804,11003155120,4,-4,201880
eg2205,20220218,20220218,112352000,11:23:52,5048,219621,293784,11004719940,31,-20,1564820
eg2205,20220218,20220218,112352500,11:23:52,5049,219622,293783,11004770430,1,-1,50490
eg2205,20220218,20220218,112353000,11:23:53,5048,219643,293791,11005830510,21,8,1060080
eg2205,20220218,20220218,112353500,11:23:53,5048,219654,293791,11006385790,11,0,555280
eg2205,20220218,20220218,112354000,11:23:54,5048,219664,293781,11006890590,10,-10,504800
eg2205,20220218,20220218,112354500,11:23:55,5048,219664,293781,11006890590,0,0,0
eg2205,20220218,20220218,112355000,11:23:55,5048,219664,293781,11006890590,0,0,0
eg2205,20220218,20220218,112355500,11:23:55,5048,219664,293781,11006890590,0,0,0
eg2205,20220218,20220218,112356000,11:23:56,5047,219674,293780,11007395290,10,-1,504700
eg2205,20220218,20220218,112356500,11:23:56,5047,219674,293780,11007395290,0,0,0
eg2205,20220218,20220218,112357500,11:23:57,5047,219691,293781,11008253280,17,1,857990
eg2205,20220218,20220218,112358000,11:23:58,5047,219691,293781,11008253280,0,0,0
eg2205,20220218,20220218,112358500,11:23:58,5047,219693,293781,11008354220,2,0,100940
eg2205,20220218,20220218,112359000,11:23:59,5047,219693,293781,11008354220,0,0,0
eg2205,20220218,20220218,112359500,11:23:59,5047,219694,293781,11008404690,1,0,50470
eg2205,20220218,20220218,112401000,11:24:01,5047,219700,293780,11008707510,6,-1,302820
eg2205,20220218,20220218,112401500,11:24:01,5047,219709,293771,11009161740,9,-9,454230
eg2205,20220218,20220218,112402000,11:24:02,5047,219709,293771,11009161740,0,0,0
eg2205,20220218,20220218,112402500,11:24:02,5047,219709,293771,11009161740,0,0,0
eg2205,20220218,20220218,112403000,11:24:03,5047,219709,293771,11009161740,0,0,0
eg2205,20220218,20220218,112403500,11:24:04,5047,219709,293771,11009161740,0,0,0
eg2205,20220218,20220218,112404000,11:24:04,5048,219711,293769,11009262700,2,-2,100960
eg2205,20220218,20220218,112404500,11:24:04,5048,219712,293768,11009313180,1,-1,50480
eg2205,20220218,20220218,112405000,11:24:05,5048,219712,293768,11009313180,0,0,0
eg2205,20220218,20220218,112405500,11:24:05,5048,219712,293768,11009313180,0,0,0
eg2205,20220218,20220218,112406000,11:24:06,5048,219714,293766,11009414140,2,-2,100960
eg2205,20220218,20220218,112406500,11:24:06,5047,219715,293767,11009464610,1,1,50470
eg2205,20220218,20220218,112407000,11:24:07,5048,219718,293767,11009616050,3,0,151440
eg2205,20220218,20220218,112408000,11:24:08,5048,219718,293767,11009616050,0,0,0
eg2205,20220218,20220218,112408500,11:24:08,5047,219721,293767,11009767470,3,0,151420
eg2205,20220218,20220218,112409000,11:24:09,5047,219721,293767,11009767470,0,0,0
eg2205,20220218,20220218,112409500,11:24:11,5047,219721,293767,11009767470,0,0,0
eg2205,20220218,20220218,112410000,11:24:12,5047,219722,293767,11009817940,1,0,50470
eg2205,20220218,20220218,112411500,11:24:12,5047,219724,293767,11009918880,2,0,100940
eg2205,20220218,20220218,112412000,11:24:12,5046,219725,293768,11009969340,1,1,50460
eg2205,20220218,20220218,112412500,11:24:12,5046,219728,293770,11010120740,3,2,151400
eg2205,20220218,20220218,112413000,11:24:13,5046,219738,293770,11010625340,10,0,504600
eg2205,20220218,20220218,112413500,11:24:14,5046,219738,293770,11010625340,0,0,0
eg2205,20220218,20220218,112414000,11:24:14,5046,219740,293769,11010726260,2,-1,100920
eg2205,20220218,20220218,112414500,11:24:14,5046,219741,293769,11010776720,1,0,50460
eg2205,20220218,20220218,112416000,11:24:16,5046,219741,293769,11010776720,0,0,0
eg2205,20220218,20220218,112416500,11:24:17,5046,219741,293769,11010776720,0,0,0
eg2205,20220218,20220218,112417000,11:24:17,5046,219741,293769,11010776720,0,0,0
eg2205,20220218,20220218,112417500,11:24:18,5048,219748,293774,11011129990,7,5,353270
eg2205,20220218,20220218,112418000,11:24:18,5046,219749,293775,11011180450,1,1,50460
eg2205,20220218,20220218,112419000,11:24:19,5047,219756,293773,11011533740,7,-2,353290
eg2205,20220218,20220218,112419500,11:24:19,5047,219756,293773,11011533740,0,0,0
eg2205,20220218,20220218,112420000,11:24:20,5047,219756,293773,11011533740,0,0,0
eg2205,20220218,20220218,112420500,11:24:20,5047,219756,293773,11011533740,0,0,0
eg2205,20220218,20220218,112421000,11:24:21,5047,219756,293773,11011533740,0,0,0
eg2205,20220218,20220218,112422000,11:24:22,5048,219757,293773,11011584220,1,0,50480
eg2205,20220218,20220218,112422500,11:24:23,5048,219759,293772,11011685180,2,-1,100960
eg2205,20220218,20220218,112423000,11:24:23,5048,219761,293771,11011786130,2,-1,100950
eg2205,20220218,20220218,112424000,11:24:24,5048,219764,293771,11011937560,3,0,151430
eg2205,20220218,20220218,112424500,11:24:24,5048,219764,293771,11011937560,0,0,0
eg2205,20220218,20220218,112425000,11:24:25,5048,219764,293771,11011937560,0,0,0
eg2205,20220218,20220218,112425500,11:24:25,5048,219765,293771,11011988040,1,0,50480
eg2205,20220218,20220218,112426500,11:24:26,5047,219766,293771,11012038510,1,0,50470
eg2205,20220218,20220218,112427000,11:24:27,5047,219768,293771,11012139460,2,0,100950
eg2205,20220218,20220218,112427500,11:24:28,5047,219769,293771,11012189930,1,0,50470
eg2205,20220218,20220218,112428500,11:24:28,5048,219770,293770,11012240410,1,-1,50480
eg2205,20220218,20220218,112429000,11:24:29,5047,219777,293771,11012593700,7,1,353290
eg2205,20220218,20220218,112429500,11:24:29,5047,219777,293771,11012593700,0,0,0
eg2205,20220218,20220218,112431000,11:24:31,5047,219777,293771,11012593700,0,0,0
eg2205,20220218,20220218,112431500,11:24:31,5046,219779,293769,11012694620,2,-2,100920
eg2205,20220218,20220218,112432000,11:24:32,5046,219779,293769,11012694620,0,0,0
eg2205,20220218,20220218,112432500,11:24:32,5046,219779,293769,11012694620,0,0,0
eg2205,20220218,20220218,112433000,11:24:33,5046,219779,293769,11012694620,0,0,0
eg2205,20220218,20220218,112434000,11:24:34,5046,219779,293769,11012694620,0,0,0
eg2205,20220218,20220218,112434500,11:24:34,5046,219779,293769,11012694620,0,0,0
eg2205,20220218,20220218,112435000,11:24:35,5047,219780,293770,11012745090,1,1,50470
eg2205,20220218,20220218,112435500,11:24:35,5047,219781,293770,11012795560,1,0,50470
eg2205,20220218,20220218,112437000,11:24:37,5048,219784,293772,11012946980,3,2,151420
eg2205,20220218,20220218,112437500,11:24:38,5047,219785,293772,11012997450,1,0,50470
eg2205,20220218,20220218,112438000,11:24:39,5047,219786,293771,11013047920,1,-1,50470
eg2205,20220218,20220218,112438500,11:24:39,5047,219786,293771,11013047920,0,0,0
eg2205,20220218,20220218,112440500,11:24:40,5047,219786,293771,11013047920,0,0,0
eg2205,20220218,20220218,112442000,11:24:42,5047,219787,293772,11013098390,1,1,50470
eg2205,20220218,20220218,112443000,11:24:43,5046,219788,293771,11013148850,1,-1,50460
eg2205,20220218,20220218,112443500,11:24:43,5047,219797,293778,11013602990,9,7,454140
eg2205,20220218,20220218,112444000,11:24:44,5047,219798,293779,11013653460,1,1,50470
eg2205,20220218,20220218,112444500,11:24:44,5047,219808,293777,11014158120,10,-2,504660
eg2205,20220218,20220218,112445000,11:24:45,5046,219813,293778,11014410460,5,1,252340
eg2205,20220218,20220218,112445500,11:24:45,5047,219815,293778,11014511400,2,0,100940
eg2205,20220218,20220218,112447000,11:24:47,5046,219821,293776,11014814160,6,-2,302760
eg2205,20220218,20220218,112447500,11:24:47,5046,219835,293762,11015520600,14,-14,706440
eg2205,20220218,20220218,112448000,11:24:48,5046,219835,293762,11015520600,0,0,0
eg2205,20220218,20220218,112449000,11:24:49,5046,219835,293762,11015520600,0,0,0
eg2205,20220218,20220218,112450000,11:24:50,5046,219835,293762,11015520600,0,0,0
eg2205,20220218,20220218,112450500,11:24:50,5046,219836,293761,11015571060,1,-1,50460
eg2205,20220218,20220218,112451000,11:24:51,5046,219841,293756,11015823360,5,-5,252300
eg2205,20220218,20220218,112451500,11:24:51,5046,219841,293756,11015823360,0,0,0
eg2205,20220218,20220218,112452000,11:24:52,5046,219841,293756,11015823360,0,0,0
eg2205,20220218,20220218,112452500,11:24:52,5047,219844,293759,11015974770,3,3,151410
eg2205,20220218,20220218,112453000,11:24:53,5047,219844,293759,11015974770,0,0,0
eg2205,20220218,20220218,112454000,11:24:54,5046,219845,293760,11016025230,1,1,50460
eg2205,20220218,20220218,112454500,11:24:54,5046,219853,293756,11016428910,8,-4,403680
eg2205,20220218,20220218,112455000,11:24:55,5046,219855,293756,11016529830,2,0,100920
eg2205,20220218,20220218,112455500,11:24:56,5046,219855,293756,11016529830,0,0,0
eg2205,20220218,20220218,112457000,11:24:57,5046,219859,293752,11016731670,4,-4,201840
eg2205,20220218,20220218,112457500,11:24:57,5046,219860,293751,11016782130,1,-1,50460
eg2205,20220218,20220218,112459000,11:24:59,5046,219861,293751,11016832590,1,0,50460
eg2205,20220218,20220218,112459500,11:24:59,5045,219862,293751,11016883040,1,0,50450
eg2205,20220218,20220218,112500500,11:25:01,5045,219874,293748,11017488510,12,-3,605470
eg2205,20220218,20220218,112501000,11:25:01,5046,219891,293740,11018346320,17,-8,857810
eg2205,20220218,20220218,112501500,11:25:03,5046,219891,293740,11018346320,0,0,0
eg2205,20220218,20220218,112502000,11:25:05,5047,219904,293731,11019002420,13,-9,656100
eg2205,20220218,20220218,112502500,11:25:06,5047,219905,293732,11019052890,1,1,50470
eg2205,20220218,20220218,112503000,11:25:06,5047,219905,293732,11019052890,0,0,0
eg2205,20220218,20220218,112504500,11:25:06,5047,219905,293732,11019052890,0,0,0
eg2205,20220218,20220218,112505000,11:25:06,5047,219961,293710,11021879740,56,-22,2826850
eg2205,20220218,20220218,112505500,11:25:06,5049,220047,293681,11026221800,86,-29,4342060
eg2205,20220218,20220218,112506000,11:25:06,5049,220048,293681,11026272290,1,0,50490
eg2205,20220218,20220218,112506500,11:25:07,5049,220049,293682,11026322780,1,1,50490
eg2205,20220218,20220218,112507000,11:25:07,5049,220050,293683,11026373270,1,1,50490
eg2205,20220218,20220218,112507500,11:25:07,5049,220051,293682,11026423760,1,-1,50490
eg2205,20220218,20220218,112508000,11:25:08,5049,220063,293675,11027029640,12,-7,605880
eg2205,20220218,20220218,112508500,11:25:08,5049,220068,293673,11027282090,5,-2,252450
eg2205,20220218,20220218,112509000,11:25:09,5048,220121,293682,11029957530,53,9,2675440
eg2205,20220218,20220218,112509500,11:25:09,5048,220134,293685,11030613770,13,3,656240
eg2205,20220218,20220218,112510000,11:25:10,5048,220134,293685,11030613770,0,0,0
eg2205,20220218,20220218,112510500,11:25:10,5048,220135,293684,11030664250,1,-1,50480
eg2205,20220218,20220218,112511000,11:25:11,5048,220135,293684,11030664250,0,0,0
eg2205,20220218,20220218,112512000,11:25:12,5047,220136,293683,11030714720,1,-1,50470
eg2205,20220218,20220218,112512500,11:25:12,5047,220136,293683,11030714720,0,0,0
eg2205,20220218,20220218,112513000,11:25:13,5048,220137,293682,11030765200,1,-1,50480
eg2205,20220218,20220218,112514000,11:25:15,5048,220137,293682,11030765200,0,0,0
eg2205,20220218,20220218,112514500,11:25:15,5048,220137,293682,11030765200,0,0,0
eg2205,20220218,20220218,112515000,11:25:16,5047,220138,293682,11030815670,1,0,50470
eg2205,20220218,20220218,112515500,11:25:16,5047,220138,293682,11030815670,0,0,0
eg2205,20220218,20220218,112516000,11:25:16,5048,220140,293683,11030916630,2,1,100960
eg2205,20220218,20220218,112516500,11:25:16,5047,220142,293683,11031017570,2,0,100940
eg2205,20220218,20220218,112517000,11:25:18,5047,220142,293683,11031017570,0,0,0
eg2205,20220218,20220218,112517500,11:25:18,5047,220142,293683,11031017570,0,0,0
eg2205,20220218,20220218,112518000,11:25:18,5047,220143,293684,11031068040,1,1,50470
eg2205,20220218,20220218,112518500,11:25:19,5047,220143,293684,11031068040,0,0,0
eg2205,20220218,20220218,112519000,11:25:19,5048,220150,293684,11031421390,7,0,353350
eg2205,20220218,20220218,112519500,11:25:19,5048,220150,293684,11031421390,0,0,0
eg2205,20220218,20220218,112522000,11:25:22,5047,220151,293685,11031471860,1,1,50470
eg2205,20220218,20220218,112522500,11:25:22,5048,220168,293691,11032330000,17,6,858140
eg2205,20220218,20220218,112523000,11:25:23,5048,220169,293692,11032380480,1,1,50480
eg2205,20220218,20220218,112524000,11:25:25,5048,220169,293692,11032380480,0,0,0
eg2205,20220218,20220218,112524500,11:25:25,5048,220172,293692,11032531920,3,0,151440
eg2205,20220218,20220218,112525000,11:25:25,5048,220188,293708,11033339600,16,16,807680
eg2205,20220218,20220218,112525500,11:25:26,5048,220252,293726,11036570820,64,18,3231220
eg2205,20220218,20220218,112526000,11:25:26,5048,220252,293726,11036570820,0,0,0
eg2205,20220218,20220218,112526500,11:25:27,5049,220255,293725,11036722290,3,-1,151470
eg2205,20220218,20220218,112528500,11:25:28,5048,220267,293722,11037328050,12,-3,605760
eg2205,20220218,20220218,112529000,11:25:29,5048,220267,293722,11037328050,0,0,0
eg2205,20220218,20220218,112529500,11:25:30,5047,220295,293740,11038741040,28,18,1412990
eg2205,20220218,20220218,112530000,11:25:30,5047,220295,293740,11038741040,0,0,0
eg2205,20220218,20220218,112530500,11:25:31,5046,220307,293742,11039346560,12,2,605520
eg2205,20220218,20220218,112531000,11:25:31,5046,220313,293742,11039649320,6,0,302760
eg2205,20220218,20220218,112531500,11:25:32,5046,220313,293742,11039649320,0,0,0
eg2205,20220218,20220218,112532000,11:25:32,5046,220313,293742,11039649320,0,0,0
eg2205,20220218,20220218,112532500,11:25:33,5046,220317,293742,11039851160,4,0,201840
eg2205,20220218,20220218,112533000,11:25:33,5046,220317,293742,11039851160,0,0,0
eg2205,20220218,20220218,112533500,11:25:33,5046,220317,293742,11039851160,0,0,0
eg2205,20220218,20220218,112534000,11:25:34,5047,220318,293742,11039901630,1,0,50470
eg2205,20220218,20220218,112534500,11:25:34,5046,220319,293742,11039952090,1,0,50460
eg2205,20220218,20220218,112535000,11:25:36,5047,220324,293744,11040204440,5,2,252350
eg2205,20220218,20220218,112535500,11:25:37,5047,220324,293744,11040204440,0,0,0
eg2205,20220218,20220218,112536000,11:25:37,5047,220326,293745,11040305380,2,1,100940
eg2205,20220218,20220218,112536500,11:25:37,5048,220327,293745,11040355860,1,0,50480
eg2205,20220218,20220218,112537000,11:25:37,5048,220327,293745,11040355860,0,0,0
eg2205,20220218,20220218,112538000,11:25:38,5047,220328,293745,11040406330,1,0,50470
eg2205,20220218,20220218,112540500,11:25:40,5047,220328,293745,11040406330,0,0,0
eg2205,20220218,20220218,112541000,11:25:41,5047,220329,293745,11040456800,1,0,50470
eg2205,20220218,20220218,112541500,11:25:41,5048,220338,293742,11040911100,9,-3,454300
eg2205,20220218,20220218,112542000,11:25:42,5047,220347,293739,11041365410,9,-3,454310
eg2205,20220218,20220218,112542500,11:25:42,5047,220347,293739,11041365410,0,0,0
eg2205,20220218,20220218,112543000,11:25:43,5047,220347,293739,11041365410,0,0,0
eg2205,20220218,20220218,112543500,11:25:43,5047,220347,293739,11041365410,0,0,0
eg2205,20220218,20220218,112544500,11:25:44,5048,220352,293735,11041617810,5,-4,252400
eg2205,20220218,20220218,112545000,11:25:45,5048,220353,293734,11041668290,1,-1,50480
eg2205,20220218,20220218,112545500,11:25:46,5048,220353,293734,11041668290,0,0,0
eg2205,20220218,20220218,112546000,11:25:47,5048,220353,293734,11041668290,0,0,0
eg2205,20220218,20220218,112546500,11:25:47,5048,220354,293733,11041718770,1,-1,50480
eg2205,20220218,20220218,112547000,11:25:48,5048,220362,293733,11042122620,8,0,403850
eg2205,20220218,20220218,112547500,11:25:48,5049,220364,293733,11042223590,2,0,100970
eg2205,20220218,20220218,112548000,11:25:48,5049,220364,293733,11042223590,0,0,0
eg2205,20220218,20220218,112548500,11:25:48,5048,220365,293732,11042274070,1,-1,50480
eg2205,20220218,20220218,112549000,11:25:49,5048,220365,293732,11042274070,0,0,0
eg2205,20220218,20220218,112549500,11:25:49,5048,220366,293732,11042324550,1,0,50480
eg2205,20220218,20220218,112550000,11:25:50,5047,220367,293732,11042375020,1,0,50470
eg2205,20220218,20220218,112550500,11:25:50,5048,220373,293735,11042677900,6,3,302880
eg2205,20220218,20220218,112551000,11:25:51,5048,220374,293736,11042728380,1,1,50480
eg2205,20220218,20220218,112551500,11:25:51,5048,220376,293737,11042829340,2,1,100960
eg2205,20220218,20220218,112552500,11:25:52,5049,220377,293737,11042879830,1,0,50490
eg2205,20220218,20220218,112553000,11:25:53,5049,220399,293716,11043990600,22,-21,1110770
eg2205,20220218,20220218,112553500,11:25:54,5049,220420,293696,11045050920,21,-20,1060320
eg2205,20220218,20220218,112554000,11:25:54,5049,220610,293723,11054645900,190,27,9594980
eg2205,20220218,20220218,112554500,11:25:54,5049,220731,293772,11060756390,121,49,6110490
eg2205,20220218,20220218,112555000,11:25:55,5051,220738,293768,11061109960,7,-4,353570
eg2205,20220218,20220218,112555500,11:25:56,5051,220788,293741,11063635430,50,-27,2525470
eg2205,20220218,20220218,112556000,11:25:57,5051,220811,293728,11064797070,23,-13,1161640
eg2205,20220218,20220218,112556500,11:25:57,5050,220817,293723,11065100070,6,-5,303000
eg2205,20220218,20220218,112557000,11:25:57,5051,220823,293721,11065403090,6,-2,303020
eg2205,20220218,20220218,112557500,11:25:57,5050,220827,293722,11065605100,4,1,202010
eg2205,20220218,20220218,112558000,11:25:59,5050,220832,293723,11065857600,5,1,252500
eg2205,20220218,20220218,112558500,11:25:59,5050,220833,293723,11065908100,1,0,50500
eg2205,20220218,20220218,112559000,11:26:00,5050,220839,293720,11066211100,6,-3,303000
eg2205,20220218,20220218,112559500,11:26:00,5050,220841,293720,11066312100,2,0,101000
eg2205,20220218,20220218,112600000,11:26:00,5050,220842,293719,11066362600,1,-1,50500
eg2205,20220218,20220218,112600500,11:26:01,5050,220842,293719,11066362600,0,0,0
eg2205,20220218,20220218,112601000,11:26:01,5050,220843,293719,11066413100,1,0,50500
eg2205,20220218,20220218,112601500,11:26:01,5050,220844,293719,11066463600,1,0,50500
eg2205,20220218,20220218,112602000,11:26:03,5050,220844,293719,11066463600,0,0,0
eg2205,20220218,20220218,112602500,11:26:03,5050,220846,293719,11066564590,2,0,100990
eg2205,20220218,20220218,112603000,11:26:03,5049,220847,293720,11066615080,1,1,50490
eg2205,20220218,20220218,112603500,11:26:03,5049,220956,293657,11072118500,109,-63,5503420
eg2205,20220218,20220218,112604000,11:26:04,5049,220964,293655,11072522420,8,-2,403920
eg2205,20220218,20220218,112604500,11:26:05,5049,220969,293651,11072774870,5,-4,252450
eg2205,20220218,20220218,112605000,11:26:05,5050,220995,293653,11074087870,26,2,1313000
eg2205,20220218,20220218,112605500,11:26:05,5050,220998,293651,11074239370,3,-2,151500
eg2205,20220218,20220218,112606000,11:26:06,5051,221026,293630,11075653650,28,-21,1414280
eg2205,20220218,20220218,112606500,11:26:06,5051,221048,293616,11076765030,22,-14,1111380
eg2205,20220218,20220218,112607000,11:26:09,5051,221058,293610,11077270170,10,-6,505140
eg2205,20220218,20220218,112607500,11:26:09,5051,221061,293610,11077421700,3,0,151530
eg2205,20220218,20220218,112608000,11:26:09,5050,221062,293609,11077472200,1,-1,50500
eg2205,20220218,20220218,112609000,11:26:10,5051,221065,293608,11077623710,3,-1,151510
eg2205,20220218,20220218,112609500,11:26:10,5051,221069,293610,11077825750,4,2,202040
eg2205,20220218,20220218,112610000,11:26:10,5051,221070,293610,11077876260,1,0,50510
eg2205,20220218,20220218,112610500,11:26:10,5051,221072,293610,11077977280,2,0,101020
eg2205,20220218,20220218,112611000,11:26:11,5051,221074,293610,11078078310,2,0,101030
eg2205,20220218,20220218,112611500,11:26:13,5051,221085,293610,11078633920,11,0,555610
eg2205,20220218,20220218,112612000,11:26:14,5052,221086,293609,11078684440,1,-1,50520
eg2205,20220218,20220218,112612500,11:26:14,5052,221098,293600,11079290660,12,-9,606220
eg2205,20220218,20220218,112613000,11:26:15,5052,221100,293600,11079391690,2,0,101030
eg2205,20220218,20220218,112614000,11:26:15,5052,221104,293598,11079593760,4,-2,202070
eg2205,20220218,20220218,112614500,11:26:15,5051,221106,293598,11079694780,2,0,101020
eg2205,20220218,20220218,112615000,11:26:16,5051,221108,293599,11079795810,2,1,101030
eg2205,20220218,20220218,112615500,11:26:16,5051,221119,293599,11080351430,11,0,555620
eg2205,20220218,20220218,112616000,11:26:16,5051,221148,293597,11081816220,29,-2,1464790
eg2205,20220218,20220218,112616500,11:26:16,5050,221163,293585,11082573720,15,-12,757500
eg2205,20220218,20220218,112617000,11:26:17,5050,221179,293578,11083381710,16,-7,807990
eg2205,20220218,20220218,112617500,11:26:17,5051,221211,293576,11084997880,32,-2,1616170
eg2205,20220218,20220218,112618000,11:26:18,5050,221239,293574,11086411880,28,-2,1414000
eg2205,20220218,20220218,112618500,11:26:18,5050,221240,293575,11086462380,1,1,50500
eg2205,20220218,20220218,112619000,11:26:19,5050,221243,293575,11086613880,3,0,151500
eg2205,20220218,20220218,112619500,11:26:20,5049,221253,293566,11087118780,10,-9,504900
eg2205,20220218,20220218,112620000,11:26:20,5051,221263,293575,11087623880,10,9,505100
eg2205,20220218,20220218,112620500,11:26:20,5051,221263,293575,11087623880,0,0,0
eg2205,20220218,20220218,112621000,11:26:21,5051,221264,293574,11087674390,1,-1,50510
eg2205,20220218,20220218,112621500,11:26:21,5051,221264,293574,11087674390,0,0,0
eg2205,20220218,20220218,112622000,11:26:22,5051,221271,293577,11088027960,7,3,353570
eg2205,20220218,20220218,112622500,11:26:22,5051,221276,293577,11088280510,5,0,252550
eg2205,20220218,20220218,112623000,11:26:23,5050,221297,293569,11089341090,21,-8,1060580
eg2205,20220218,20220218,112623500,11:26:23,5050,221298,293570,11089391590,1,1,50500
eg2205,20220218,20220218,112624000,11:26:24,5050,221301,293568,11089543090,3,-2,151500
eg2205,20220218,20220218,112624500,11:26:24,5050,221302,293569,11089593590,1,1,50500
eg2205,20220218,20220218,112625000,11:26:25,5050,221304,293569,11089694590,2,0,101000
eg2205,20220218,20220218,112625500,11:26:25,5051,221305,293570,11089745100,1,1,50510
eg2205,20220218,20220218,112626000,11:26:26,5051,221305,293570,11089745100,0,0,0
eg2205,20220218,20220218,112626500,11:26:26,5051,221305,293570,11089745100,0,0,0
eg2205,20220218,20220218,112627500,11:26:27,5051,221305,293570,11089745100,0,0,0
eg2205,20220218,20220218,112628000,11:26:28,5051,221352,293533,11092118270,47,-37,2373170
eg2205,20220218,20220218,112628500,11:26:28,5051,221357,293537,11092370780,5,4,252510
eg2205,20220218,20220218,112629500,11:26:30,5049,221364,293535,11092724260,7,-2,353480
eg2205,20220218,20220218,112630000,11:26:31,5049,221364,293535,11092724260,0,0,0
eg2205,20220218,20220218,112630500,11:26:31,5050,221365,293535,11092774760,1,0,50500
eg2205,20220218,20220218,112631000,11:26:31,5049,221373,293531,11093178680,8,-4,403920
eg2205,20220218,20220218,112632000,11:26:32,5049,221374,293531,11093229170,1,0,50490
eg2205,20220218,20220218,112632500,11:26:32,5049,221394,293531,11094238970,20,0,1009800
eg2205,20220218,20220218,112633000,11:26:33,5050,221448,293537,11096965440,54,6,2726470
eg2205,20220218,20220218,112633500,11:26:34,5049,221455,293538,11097318870,7,1,353430
eg2205,20220218,20220218,112634000,11:26:34,5049,221457,293536,11097419850,2,-2,100980
eg2205,20220218,20220218,112634500,11:26:37,5050,221464,293533,11097773350,7,-3,353500
eg2205,20220218,20220218,112635000,11:26:37,5050,221464,293533,11097773350,0,0,0
eg2205,20220218,20220218,112635500,11:26:37,5050,221467,293532,11097924850,3,-1,151500
eg2205,20220218,20220218,112637000,11:26:46,5050,221467,293532,11097924850,0,0,0
eg2205,20220218,20220218,112637500,11:26:54,5050,221471,293529,11098126850,4,-3,202000
eg2205,20220218,20220218,112638000,11:27:10,5051,221472,293530,11098177360,1,1,50510
eg2205,20220218,20220218,112638500,11:27:10,5050,221493,293549,11099237870,21,19,1060510
eg2205,20220218,20220218,112653000,11:27:11,5050,221493,293549,11099237870,0,0,0
eg2205,20220218,20220218,112710000,11:27:12,5051,221855,293441,11117523050,362,-108,18285180
eg2205,20220218,20220218,112710500,11:27:12,5051,221859,293441,11117725080,4,0,202030
eg2205,20220218,20220218,112711000,11:27:12,5051,221859,293441,11117725080,0,0,0
eg2205,20220218,20220218,112713000,11:27:14,5050,221883,293427,11118937080,24,-14,1212000
eg2205,20220218,20220218,112713500,11:27:14,5050,221913,293448,11120452080,30,21,1515000
eg2205,20220218,20220218,112714000,11:27:14,5051,221918,293449,11120704620,5,1,252540
eg2205,20220218,20220218,112714500,11:27:15,5051,221918,293449,11120704620,0,0,0
eg2205,20220218,20220218,112715000,11:27:15,5051,221918,293449,11120704620,0,0,0
eg2205,20220218,20220218,112715500,11:27:16,5051,221924,293453,11121007680,6,4,303060
eg2205,20220218,20220218,112716000,11:27:16,5051,221924,293453,11121007680,0,0,0
eg2205,20220218,20220218,112716500,11:27:17,5052,221925,293452,11121058200,1,-1,50520
eg2205,20220218,20220218,112717000,11:27:17,5052,221927,293452,11121159230,2,0,101030
eg2205,20220218,20220218,112717500,11:27:17,5051,221928,293452,11121209740,1,0,50510
eg2205,20220218,20220218,112718000,11:27:18,5051,221933,293452,11121462290,5,0,252550
eg2205,20220218,20220218,112718500,11:27:19,5052,221934,293451,11121512810,1,-1,50520
eg2205,20220218,20220218,112719500,11:27:20,5052,221937,293451,11121664370,3,0,151560
eg2205,20220218,20220218,112720000,11:27:20,5051,221940,293452,11121815910,3,1,151540
eg2205,20220218,20220218,112720500,11:27:21,5052,222042,293469,11126969880,102,17,5153970
eg2205,20220218,20220218,112721000,11:27:21,5052,222053,293463,11127525690,11,-6,555810
eg2205,20220218,20220218,112721500,11:27:22,5052,222054,293462,11127576210,1,-1,50520
eg2205,20220218,20220218,112722000,11:27:22,5052,222060,293458,11127879330,6,-4,303120
eg2205,20220218,20220218,112722500,11:27:22,5052,222067,293453,11128232970,7,-5,353640
eg2205,20220218,20220218,112723000,11:27:26,5052,222067,293453,11128232970,0,0,0
eg2205,20220218,20220218,112723500,11:27:27,5052,222067,293453,11128232970,0,0,0
eg2205,20220218,20220218,112726500,11:27:27,5050,222113,293453,11130556330,46,0,2323360
eg2205,20220218,20220218,112727500,11:27:27,5051,222114,293454,11130606840,1,1,50510
eg2205,20220218,20220218,112728000,11:27:28,5051,222122,293456,11131010920,8,2,404080
eg2205,20220218,20220218,112728500,11:27:28,5051,222123,293456,11131061430,1,0,50510
eg2205,20220218,20220218,112729000,11:27:29,5051,222123,293456,11131061430,0,0,0
eg2205,20220218,20220218,112729500,11:27:29,5050,222126,293455,11131212940,3,-1,151510
eg2205,20220218,20220218,112730000,11:27:30,5050,222142,293462,11132020940,16,7,808000
eg2205,20220218,20220218,112730500,11:27:31,5050,222143,293463,11132071440,1,1,50500
eg2205,20220218,20220218,112731000,11:27:32,5050,222143,293463,11132071440,0,0,0
eg2205,20220218,20220218,112731500,11:27:35,5050,222144,293464,11132121940,1,1,50500
eg2205,20220218,20220218,112735500,11:27:36,5050,222186,293460,11134242950,42,-4,2121010
eg2205,20220218,20220218,112736000,11:27:37,5050,222186,293460,11134242950,0,0,0
eg2205,20220218,20220218,112736500,11:27:37,5050,222189,293459,11134394440,3,-1,151490
eg2205,20220218,20220218,112737000,11:27:38,5049,222190,293458,11134444930,1,-1,50490
eg2205,20220218,20220218,112738000,11:27:38,5049,222191,293457,11134495420,1,-1,50490
eg2205,20220218,20220218,112738500,11:27:39,5049,222192,293456,11134545910,1,-1,50490
eg2205,20220218,20220218,112739000,11:27:39,5049,222194,293455,11134646900,2,-1,100990
eg2205,20220218,20220218,112739500,11:27:39,5049,222194,293455,11134646900,0,0,0
eg2205,20220218,20220218,112740000,11:27:40,5050,222197,293455,11134798400,3,0,151500
eg2205,20220218,20220218,112741000,11:27:41,5049,222198,293454,11134848890,1,-1,50490
eg2205,20220218,20220218,112742000,11:27:42,5049,222202,293451,11135050850,4,-3,201960
eg2205,20220218,20220218,112743500,11:27:43,5049,222208,293449,11135353790,6,-2,302940
eg2205,20220218,20220218,112744000,11:27:44,5050,222210,293447,11135454790,2,-2,101000
eg2205,20220218,20220218,112744500,11:27:45,5050,222212,293447,11135555790,2,0,101000
eg2205,20220218,20220218,112745000,11:27:45,5050,222227,293447,11136313290,15,0,757500
eg2205,20220218,20220218,112745500,11:27:46,5050,222227,293447,11136313290,0,0,0
eg2205,20220218,20220218,112746500,11:27:47,5049,222228,293447,11136363780,1,0,50490
eg2205,20220218,20220218,112747000,11:27:47,5049,222239,293447,11136919170,11,0,555390
eg2205,20220218,20220218,112748000,11:27:49,5050,222251,293449,11137525170,12,2,606000
eg2205,20220218,20220218,112748500,11:27:54,5050,222265,293448,11138232170,14,-1,707000
eg2205,20220218,20220218,112749000,11:27:54,5050,222268,293446,11138383670,3,-2,151500
eg2205,20220218,20220218,112749500,11:27:54,5050,222272,293447,11138585700,4,1,202030
eg2205,20220218,20220218,112754000,11:27:54,5050,222289,293439,11139444160,17,-8,858460
eg2205,20220218,20220218,112754500,11:27:54,5050,222289,293439,11139444160,0,0,0
eg2205,20220218,20220218,112755000,11:27:55,5050,222289,293439,11139444160,0,0,0
eg2205,20220218,20220218,112755500,11:27:55,5050,222289,293439,11139444160,0,0,0
eg2205,20220218,20220218,112756000,11:27:56,5050,222291,293440,11139545160,2,1,101000
eg2205,20220218,20220218,112756500,11:27:56,5050,222292,293440,11139595660,1,0,50500
eg2205,20220218,20220218,112757000,11:27:57,5050,222295,293438,11139747160,3,-2,151500
eg2205,20220218,20220218,112757500,11:27:57,5049,222296,293438,11139797650,1,0,50490
eg2205,20220218,20220218,112758000,11:27:58,5051,222297,293437,11139848160,1,-1,50510
eg2205,20220218,20220218,112758500,11:27:59,5050,222301,293439,11140050160,4,2,202000
eg2205,20220218,20220218,112759000,11:27:59,5051,222303,293439,11140151180,2,0,101020
eg2205,20220218,20220218,112759500,11:27:59,5051,222303,293439,11140151180,0,0,0
eg2205,20220218,20220218,112800000,11:28:00,5051,222318,293437,11140908830,15,-2,757650
eg2205,20220218,20220218,112800500,11:28:01,5051,222318,293437,11140908830,0,0,0
eg2205,20220218,20220218,112801000,11:28:01,5051,222324,293432,11141211880,6,-5,303050
eg2205,20220218,20220218,112801500,11:28:02,5051,222326,293433,11141312890,2,1,101010
eg2205,20220218,20220218,112802000,11:28:03,5050,222328,293434,11141413890,2,1,101000
eg2205,20220218,20220218,112802500,11:28:03,5052,222331,293436,11141565430,3,2,151540
eg2205,20220218,20220218,112803000,11:28:04,5052,222331,293436,11141565430,0,0,0
eg2205,20220218,20220218,112803500,11:28:04,5052,222337,293440,11141868450,6,4,303020
eg2205,20220218,20220218,112804000,11:28:04,5051,222340,293439,11142020000,3,-1,151550
eg2205,20220218,20220218,112804500,11:28:05,5052,222344,293440,11142222080,4,1,202080
eg2205,20220218,20220218,112805000,11:28:06,5052,222346,293440,11142323120,2,0,101040
eg2205,20220218,20220218,112805500,11:28:06,5052,222346,293440,11142323120,0,0,0
eg2205,20220218,20220218,112806000,11:28:10,5052,222349,293439,11142474670,3,-1,151550
eg2205,20220218,20220218,112807500,11:28:11,5052,222349,293439,11142474670,0,0,0
eg2205,20220218,20220218,112810000,11:28:11,5051,222366,293443,11143333490,17,4,858820
eg2205,20220218,20220218,112811500,11:28:12,5051,222367,293443,11143384000,1,0,50510
eg2205,20220218,20220218,112812000,11:28:12,5052,222369,293445,11143485040,2,2,101040
eg2205,20220218,20220218,112812500,11:28:13,5052,222369,293445,11143485040,0,0,0
eg2205,20220218,20220218,112813000,11:28:13,5051,222370,293444,11143535550,1,-1,50510
eg2205,20220218,20220218,112813500,11:28:14,5052,222408,293421,11145455310,38,-23,1919760
eg2205,20220218,20220218,112814000,11:28:14,5052,222421,293410,11146112070,13,-11,656760
eg2205,20220218,20220218,112814500,11:28:14,5051,222424,293409,11146263600,3,-1,151530
eg2205,20220218,20220218,112815000,11:28:15,5051,222426,293407,11146364620,2,-2,101020
eg2205,20220218,20220218,112815500,11:28:15,5051,222426,293407,11146364620,0,0,0
eg2205,20220218,20220218,112816500,11:28:16,5051,222426,293407,11146364620,0,0,0
eg2205,20220218,20220218,112817500,11:28:17,5051,222431,293404,11146617170,5,-3,252550
eg2205,20220218,20220218,112818000,11:28:18,5052,222433,293404,11146718200,2,0,101030
eg2205,20220218,20220218,112818500,11:28:18,5052,222433,293404,11146718200,0,0,0
eg2205,20220218,20220218,112819000,11:28:19,5052,222446,293403,11147374960,13,-1,656760
eg2205,20220218,20220218,112819500,11:28:19,5051,222451,293398,11147627510,5,-5,252550
eg2205,20220218,20220218,112820000,11:28:20,5051,222451,293398,11147627510,0,0,0
eg2205,20220218,20220218,112820500,11:28:20,5050,222452,293398,11147678010,1,0,50500
eg2205,20220218,20220218,112821000,11:28:21,5050,222452,293398,11147678010,0,0,0
eg2205,20220218,20220218,112821500,11:28:22,5051,222458,293393,11147981070,6,-5,303060
eg2205,20220218,20220218,112822000,11:28:22,5051,222458,293393,11147981070,0,0,0
eg2205,20220218,20220218,112822500,11:28:22,5051,222458,293393,11147981070,0,0,0
eg2205,20220218,20220218,112823000,11:28:23,5051,222462,293393,11148183110,4,0,202040
eg2205,20220218,20220218,112823500,11:28:23,5051,222462,293393,11148183110,0,0,0
eg2205,20220218,20220218,112824000,11:28:24,5051,222464,293393,11148284130,2,0,101020
eg2205,20220218,20220218,112824500,11:28:24,5051,222466,293393,11148385150,2,0,101020
eg2205,20220218,20220218,112825500,11:28:25,5051,222467,293392,11148435660,1,-1,50510
eg2205,20220218,20220218,112826000,11:28:26,5051,222467,293392,11148435660,0,0,0
eg2205,20220218,20220218,112826500,11:28:26,5051,222467,293392,11148435660,0,0,0
eg2205,20220218,20220218,112828000,11:28:28,5051,222468,293391,11148486170,1,-1,50510
eg2205,20220218,20220218,112828500,11:28:28,5051,222469,293390,11148536680,1,-1,50510
eg2205,20220218,20220218,112829000,11:28:29,5050,222541,293434,11152172730,72,44,3636050
eg2205,20220218,20220218,112829500,11:28:29,5050,222598,293491,11155051230,57,57,2878500
eg2205,20220218,20220218,112830000,11:28:30,5049,222618,293491,11156061030,20,0,1009800
eg2205,20220218,20220218,112830500,11:28:31,5049,222628,293486,11156565970,10,-5,504940
eg2205,20220218,20220218,112831000,11:28:31,5050,222630,293488,11156666970,2,2,101000
eg2205,20220218,20220218,112831500,11:28:31,5050,222631,293489,11156717470,1,1,50500
eg2205,20220218,20220218,112832000,11:28:32,5049,222633,293488,11156818460,2,-1,100990
eg2205,20220218,20220218,112832500,11:28:33,5050,222634,293488,11156868960,1,0,50500
eg2205,20220218,20220218,112833000,11:28:33,5050,222635,293488,11156919460,1,0,50500
eg2205,20220218,20220218,112833500,11:28:33,5050,222641,293488,11157222460,6,0,303000
eg2205,20220218,20220218,112834000,11:28:34,5050,222641,293488,11157222460,0,0,0
eg2205,20220218,20220218,112834500,11:28:34,5050,222641,293488,11157222460,0,0,0
eg2205,20220218,20220218,112835000,11:28:35,5050,222642,293487,11157272960,1,-1,50500
eg2205,20220218,20220218,112835500,11:28:35,5050,222643,293487,11157323460,1,0,50500
eg2205,20220218,20220218,112836000,11:28:37,5051,222649,293482,11157626510,6,-5,303050
eg2205,20220218,20220218,112836500,11:28:37,5050,222665,293469,11158434510,16,-13,808000
eg2205,20220218,20220218,112837000,11:28:37,5050,222671,293469,11158737510,6,0,303000
eg2205,20220218,20220218,112837500,11:28:37,5050,222683,293468,11159343510,12,-1,606000
eg2205,20220218,20220218,112838000,11:28:38,5050,222685,293466,11159444510,2,-2,101000
eg2205,20220218,20220218,112838500,11:28:38,5050,222690,293461,11159697010,5,-5,252500
eg2205,20220218,20220218,112839000,11:28:39,5050,222696,293462,11160000010,6,1,303000
eg2205,20220218,20220218,112839500,11:28:40,5050,222696,293462,11160000010,0,0,0
eg2205,20220218,20220218,112840000,11:28:40,5050,222696,293462,11160000010,0,0,0
eg2205,20220218,20220218,112840500,11:28:40,5050,222702,293464,11160303010,6,2,303000
eg2205,20220218,20220218,112841000,11:28:41,5051,222703,293464,11160353520,1,0,50510
eg2205,20220218,20220218,112841500,11:28:41,5050,222704,293464,11160404020,1,0,50500
eg2205,20220218,20220218,112842000,11:28:42,5050,222734,293462,11161919120,30,-2,1515100
eg2205,20220218,20220218,112842500,11:28:42,5050,222747,293462,11162575620,13,0,656500
eg2205,20220218,20220218,112843000,11:28:43,5050,222755,293459,11162979620,8,-3,404000
eg2205,20220218,20220218,112843500,11:28:44,5050,222768,293446,11163636120,13,-13,656500
eg2205,20220218,20220218,112844000,11:28:44,5049,222769,293446,11163686610,1,0,50490
eg2205,20220218,20220218,112844500,11:28:44,5049,222770,293445,11163737100,1,-1,50490
eg2205,20220218,20220218,112845000,11:28:45,5049,222773,293445,11163888590,3,0,151490
eg2205,20220218,20220218,112845500,11:28:45,5050,222775,293445,11163989580,2,0,100990
eg2205,20220218,20220218,112846000,11:28:46,5050,222775,293445,11163989580,0,0,0
eg2205,20220218,20220218,112846500,11:28:46,5051,222780,293444,11164242130,5,-1,252550
eg2205,20220218,20220218,112847000,11:28:47,5051,222787,293438,11164595700,7,-6,353570
eg2205,20220218,20220218,112847500,11:28:48,5051,222787,293438,11164595700,0,0,0
eg2205,20220218,20220218,112848000,11:28:48,5051,222787,293438,11164595700,0,0,0
eg2205,20220218,20220218,112848500,11:28:48,5052,222797,293438,11165100880,10,0,505180
eg2205,20220218,20220218,112849000,11:28:49,5052,222797,293438,11165100880,0,0,0
eg2205,20220218,20220218,112849500,11:28:50,5052,222797,293438,11165100880,0,0,0
eg2205,20220218,20220218,112850000,11:28:50,5052,222797,293438,11165100880,0,0,0
eg2205,20220218,20220218,112850500,11:28:50,5051,222804,293435,11165454460,7,-3,353580
eg2205,20220218,20220218,112851000,11:28:51,5051,222804,293435,11165454460,0,0,0
eg2205,20220218,20220218,112851500,11:28:51,5051,222804,293435,11165454460,0,0,0
eg2205,20220218,20220218,112852000,11:28:53,5051,222805,293436,11165504970,1,1,50510
eg2205,20220218,20220218,112852500,11:28:53,5052,222806,293436,11165555490,1,0,50520
eg2205,20220218,20220218,112853000,11:28:54,5052,222806,293436,11165555490,0,0,0
eg2205,20220218,20220218,112853500,11:28:54,5052,222806,293436,11165555490,0,0,0
eg2205,20220218,20220218,112854000,11:28:54,5051,222807,293435,11165606000,1,-1,50510
eg2205,20220218,20220218,112854500,11:28:54,5051,222808,293435,11165656510,1,0,50510
eg2205,20220218,20220218,112856000,11:28:56,5051,222808,293435,11165656510,0,0,0
eg2205,20220218,20220218,112857000,11:28:57,5052,222822,293425,11166363790,14,-10,707280
eg2205,20220218,20220218,112857500,11:28:58,5052,222822,293425,11166363790,0,0,0
eg2205,20220218,20220218,112858000,11:28:58,5053,222824,293424,11166464840,2,-1,101050
eg2205,20220218,20220218,112858500,11:28:59,5053,222838,293425,11167172240,14,1,707400
eg2205,20220218,20220218,112859000,11:28:59,5052,222840,293423,11167273290,2,-2,101050
eg2205,20220218,20220218,112859500,11:29:00,5052,222844,293420,11167475380,4,-3,202090
eg2205,20220218,20220218,112900000,11:29:00,5052,222850,293414,11167778500,6,-6,303120
eg2205,20220218,20220218,112900500,11:29:01,5052,222857,293414,11168132180,7,0,353680
eg2205,20220218,20220218,112901000,11:29:01,5052,222868,293409,11168687930,11,-5,555750
eg2205,20220218,20220218,112901500,11:29:01,5051,222883,293398,11169445580,15,-11,757650
eg2205,20220218,20220218,112902000,11:29:02,5052,222886,293397,11169597120,3,-1,151540
eg2205,20220218,20220218,112902500,11:29:03,5052,222920,293365,11171314800,34,-32,1717680
eg2205,20220218,20220218,112903000,11:29:03,5051,222924,293367,11171516860,4,2,202060
eg2205,20220218,20220218,112903500,11:29:04,5053,222968,293378,11173740140,44,11,2223280
eg2205,20220218,20220218,112904000,11:29:04,5052,222973,293379,11173992750,5,1,252610
eg2205,20220218,20220218,112904500,11:29:04,5052,222973,293379,11173992750,0,0,0
eg2205,20220218,20220218,112905000,11:29:05,5052,222976,293377,11174144310,3,-2,151560
eg2205,20220218,20220218,112905500,11:29:06,5052,222978,293375,11174245350,2,-2,101040
eg2205,20220218,20220218,112906000,11:29:06,5052,222980,293373,11174346390,2,-2,101040
eg2205,20220218,20220218,112906500,11:29:06,5051,222982,293373,11174447410,2,0,101020
eg2205,20220218,20220218,112907000,11:29:07,5051,222982,293373,11174447410,0,0,0
eg2205,20220218,20220218,112908000,11:29:08,5051,222982,293373,11174447410,0,0,0
eg2205,20220218,20220218,112908500,11:29:08,5052,222987,293372,11174700030,5,-1,252620
eg2205,20220218,20220218,112909000,11:29:09,5053,222991,293372,11174902150,4,0,202120
eg2205,20220218,20220218,112909500,11:29:09,5053,222997,293372,11175205330,6,0,303180
eg2205,20220218,20220218,112910000,11:29:10,5053,223000,293372,11175356920,3,0,151590
eg2205,20220218,20220218,112910500,11:29:10,5052,223001,293373,11175407440,1,1,50520
eg2205,20220218,20220218,112911000,11:29:11,5052,223001,293373,11175407440,0,0,0
eg2205,20220218,20220218,112911500,11:29:12,5052,223005,293373,11175609520,4,0,202080
eg2205,20220218,20220218,112912000,11:29:12,5052,223024,293383,11176569450,19,10,959930
eg2205,20220218,20220218,112912500,11:29:12,5052,223025,293383,11176619970,1,0,50520
eg2205,20220218,20220218,112913000,11:29:13,5052,223026,293383,11176670490,1,0,50520
eg2205,20220218,20220218,112913500,11:29:14,5052,223026,293383,11176670490,0,0,0
eg2205,20220218,20220218,112914000,11:29:14,5052,223028,293383,11176771540,2,0,101050
eg2205,20220218,20220218,112914500,11:29:14,5052,223042,293389,11177478820,14,6,707280
eg2205,20220218,20220218,112915000,11:29:15,5052,223042,293389,11177478820,0,0,0
eg2205,20220218,20220218,112915500,11:29:16,5053,223059,293401,11178337670,17,12,858850
eg2205,20220218,20220218,112916500,11:29:17,5053,223059,293401,11178337670,0,0,0
eg2205,20220218,20220218,112917000,11:29:20,5052,223062,293400,11178489220,3,-1,151550
eg2205,20220218,20220218,112917500,11:29:21,5051,223066,293400,11178691260,4,0,202040
eg2205,20220218,20220218,112918000,11:29:21,5052,223068,293398,11178792300,2,-2,101040
eg2205,20220218,20220218,112920500,11:29:21,5052,223079,293399,11179348100,11,1,555800
eg2205,20220218,20220218,112921000,11:29:22,5052,223085,293395,11179651240,6,-4,303140
eg2205,20220218,20220218,112921500,11:29:24,5052,223091,293390,11179954410,6,-5,303170
eg2205,20220218,20220218,112922000,11:29:24,5052,223091,293390,11179954410,0,0,0
eg2205,20220218,20220218,112922500,11:29:24,5053,223109,293373,11180863940,18,-17,909530
eg2205,20220218,20220218,112923000,11:29:24,5053,223109,293373,11180863940,0,0,0
eg2205,20220218,20220218,112924000,11:29:24,5052,223126,293368,11181722850,17,-5,858910
eg2205,20220218,20220218,112924500,11:29:24,5053,223127,293368,11181773380,1,0,50530
eg2205,20220218,20220218,112925000,11:29:25,5053,223127,293368,11181773380,0,0,0
eg2205,20220218,20220218,112925500,11:29:25,5052,223132,293368,11182025980,5,0,252600
eg2205,20220218,20220218,112926000,11:29:26,5053,223134,293369,11182127030,2,1,101050
eg2205,20220218,20220218,112926500,11:29:26,5053,223144,293371,11182632330,10,2,505300
eg2205,20220218,20220218,112927000,11:29:27,5053,223145,293370,11182682860,1,-1,50530
eg2205,20220218,20220218,112927500,11:29:27,5053,223147,293370,11182783920,2,0,101060
eg2205,20220218,20220218,112928000,11:29:28,5053,223150,293370,11182935510,3,0,151590
eg2205,20220218,20220218,112928500,11:29:28,5053,223150,293370,11182935510,0,0,0
eg2205,20220218,20220218,112929000,11:29:29,5053,223151,293369,11182986040,1,-1,50530
eg2205,20220218,20220218,112929500,11:29:29,5053,223151,293369,11182986040,0,0,0
eg2205,20220218,20220218,112930000,11:29:30,5053,223151,293369,11182986040,0,0,0
eg2205,20220218,20220218,112930500,11:29:31,5053,223160,293373,11183440810,9,4,454770
eg2205,20220218,20220218,112931000,11:29:32,5053,223165,293375,11183693460,5,2,252650
eg2205,20220218,20220218,112931500,11:29:32,5054,223166,293375,11183744000,1,0,50540
eg2205,20220218,20220218,112932000,11:29:32,5054,223215,293347,11186220400,49,-28,2476400
eg2205,20220218,20220218,112932500,11:29:36,5053,223230,293344,11186978390,15,-3,757990
eg2205,20220218,20220218,112933000,11:29:37,5054,223234,293342,11187180540,4,-2,202150
eg2205,20220218,20220218,112933500,11:29:37,5054,223234,293342,11187180540,0,0,0
eg2205,20220218,20220218,112936500,11:29:38,5054,223314,293340,11191222700,80,-2,4042160
eg2205,20220218,20220218,112937500,11:29:38,5053,223325,293331,11191778550,11,-9,555850
eg2205,20220218,20220218,112938000,11:29:38,5053,223329,293328,11191980700,4,-3,202150
eg2205,20220218,20220218,112938500,11:29:39,5053,223331,293326,11192081760,2,-2,101060
eg2205,20220218,20220218,112939000,11:29:39,5054,223332,293326,11192132300,1,0,50540
eg2205,20220218,20220218,112939500,11:29:40,5053,223362,293304,11193648300,30,-22,1516000
eg2205,20220218,20220218,112940000,11:29:40,5052,223363,293304,11193698820,1,0,50520
eg2205,20220218,20220218,112940500,11:29:40,5052,223364,293304,11193749340,1,0,50520
eg2205,20220218,20220218,112941000,11:29:41,5054,223377,293302,11194406240,13,-2,656900
eg2205,20220218,20220218,112941500,11:29:42,5052,223379,293303,11194507280,2,1,101040
eg2205,20220218,20220218,112942000,11:29:42,5052,223379,293303,11194507280,0,0,0
eg2205,20220218,20220218,112942500,11:29:44,5053,223389,293304,11195012580,10,1,505300
eg2205,20220218,20220218,112943000,11:29:45,5054,223403,293303,11195720010,14,-1,707430
eg2205,20220218,20220218,112943500,11:29:45,5053,223404,293303,11195770540,1,0,50530
eg2205,20220218,20220218,112944000,11:29:45,5053,223405,293303,11195821070,1,0,50530
eg2205,20220218,20220218,112944500,11:29:45,5054,223410,293303,11196073770,5,0,252700
eg2205,20220218,20220218,112945000,11:29:46,5054,223413,293301,11196225380,3,-2,151610
eg2205,20220218,20220218,112945500,11:29:46,5053,223415,293302,11196326450,2,1,101070
eg2205,20220218,20220218,112946000,11:29:46,5054,223419,293301,11196528610,4,-1,202160
eg2205,20220218,20220218,112946500,11:29:47,5054,223423,293301,11196730740,4,0,202130
eg2205,20220218,20220218,112947500,11:29:48,5054,223445,293298,11197842440,22,-3,1111700
eg2205,20220218,20220218,112948000,11:29:48,5053,223446,293299,11197892970,1,1,50530
eg2205,20220218,20220218,112948500,11:29:49,5054,223447,293298,11197943510,1,-1,50540
eg2205,20220218,20220218,112949000,11:29:50,5054,223448,293298,11197994050,1,0,50540
eg2205,20220218,20220218,112949500,11:29:50,5054,223449,293298,11198044590,1,0,50540
eg2205,20220218,20220218,112950000,11:29:51,5054,223450,293298,11198095130,1,0,50540
eg2205,20220218,20220218,112950500,11:29:51,5054,223450,293298,11198095130,0,0,0
eg2205,20220218,20220218,112951500,11:29:52,5053,223453,293298,11198246730,3,0,151600
eg2205,20220218,20220218,112952000,11:29:52,5053,223455,293300,11198347800,2,2,101070
eg2205,20220218,20220218,112952500,11:29:53,5054,223456,293299,11198398340,1,-1,50540
eg2205,20220218,20220218,112953000,11:29:53,5053,223461,293299,11198650990,5,0,252650
eg2205,20220218,20220218,112953500,11:29:54,5054,223466,293299,11198903690,5,0,252700
eg2205,20220218,20220218,112954000,11:29:54,5053,223471,293299,11199156340,5,0,252650
eg2205,20220218,20220218,112954500,11:29:54,5053,223471,293299,11199156340,0,0,0
eg2205,20220218,20220218,112955000,11:29:55,5053,223493,293317,11200268000,22,18,1111660
eg2205,20220218,20220218,112955500,11:29:56,5053,223497,293318,11200470120,4,1,202120
eg2205,20220218,20220218,112956000,11:29:56,5053,223500,293319,11200621710,3,1,151590
eg2205,20220218,20220218,112957000,11:30:00,5053,223505,293317,11200874360,5,-2,252650
eg2205,20220218,20220218,112957500,11:30:02,5052,223508,293315,11201025940,3,-2,151580
eg2205,20220218,20220218,112959500,11:30:02,5051,223554,293307,11203349880,46,-8,2323940
eg2205,20220218,20220218,113001000,11:30:03,5051,223560,293305,11203652980,6,-2,303100
eg2205,20220218,20220218,113001500,11:30:03,5051,223563,293307,11203804510,3,2,151530
eg2205,20220218,20220218,133001500,13:30:02,5051,223709,293332,11211182800,146,25,7378290
eg2205,20220218,20220218,133002000,13:30:08,5053,223756,293333,11213557670,47,1,2374870
eg2205,20220218,20220218,133002500,13:30:09,5053,223799,293332,11215731130,43,-1,2173460
eg2205,20220218,20220218,133008500,13:30:10,5052,224516,293225,11251950510,717,-107,36219380
eg2205,20220218,20220218,133009500,13:30:10,5052,224561,293196,11254223920,45,-29,2273410
eg2205,20220218,20220218,133010000,13:30:11,5052,224612,293214,11256800440,51,18,2576520
eg2205,20220218,20220218,133010500,13:30:12,5051,224642,293204,11258315940,30,-10,1515500
eg2205,20220218,20220218,133011000,13:30:12,5052,224670,293193,11259730490,28,-11,1414550
eg2205,20220218,20220218,133011500,13:30:13,5052,224671,293192,11259781010,1,-1,50520
eg2205,20220218,20220218,133012500,13:30:13,5053,224686,293186,11260538970,15,-6,757960
eg2205,20220218,20220218,133013000,13:30:13,5053,224697,293179,11261094800,11,-7,555830
eg2205,20220218,20220218,133013500,13:30:14,5053,224710,293175,11261751680,13,-4,656880
eg2205,20220218,20220218,133014000,13:30:16,5053,224712,293175,11261852740,2,0,101060
eg2205,20220218,20220218,133014500,13:30:17,5053,224717,293176,11262105390,5,1,252650
eg2205,20220218,20220218,133015000,13:30:17,5052,224723,293176,11262408510,6,0,303120
eg2205,20220218,20220218,133016500,13:30:18,5053,224771,293143,11264833950,48,-33,2425440
eg2205,20220218,20220218,133017000,13:30:18,5052,224783,293140,11265440260,12,-3,606310
eg2205,20220218,20220218,133017500,13:30:19,5053,224795,293148,11266046640,12,8,606380
eg2205,20220218,20220218,133018000,13:30:19,5052,224802,293148,11266400280,7,0,353640
eg2205,20220218,20220218,133018500,13:30:20,5053,224805,293149,11266551850,3,1,151570
eg2205,20220218,20220218,133019000,13:30:20,5052,224806,293149,11266602370,1,0,50520
eg2205,20220218,20220218,133019500,13:30:20,5053,224808,293150,11266703430,2,1,101060
eg2205,20220218,20220218,133020000,13:30:21,5053,224808,293150,11266703430,0,0,0
eg2205,20220218,20220218,133020500,13:30:21,5053,224809,293149,11266753960,1,-1,50530
eg2205,20220218,20220218,133021000,13:30:21,5053,224809,293149,11266753960,0,0,0
eg2205,20220218,20220218,133021500,13:30:22,5053,224812,293149,11266905540,3,0,151580
eg2205,20220218,20220218,133022000,13:30:38,5053,224826,293141,11267612920,14,-8,707380
eg2205,20220218,20220218,133022500,13:30:38,5053,224827,293140,11267663450,1,-1,50530
eg2205,20220218,20220218,133023000,13:30:38,5052,224829,293139,11267764500,2,-1,101050
eg2205,20220218,20220218,133038000,13:30:40,5054,225155,293067,11284238090,326,-72,16473590
eg2205,20220218,20220218,133038500,13:30:42,5055,225163,293068,11284642470,8,1,404380
eg2205,20220218,20220218,133040500,13:30:42,5054,225173,293061,11285147890,10,-7,505420
eg2205,20220218,20220218,133041000,13:30:43,5055,225176,293059,11285299540,3,-2,151650
eg2205,20220218,20220218,133042500,13:30:44,5054,225183,293058,11285653340,7,-1,353800
eg2205,20220218,20220218,133043000,13:30:44,5055,225184,293058,11285703890,1,0,50550
eg2205,20220218,20220218,133044000,13:30:46,5055,225185,293058,11285754440,1,0,50550
eg2205,20220218,20220218,133044500,13:30:46,5054,225186,293058,11285804980,1,0,50540
eg2205,20220218,20220218,133045000,13:30:46,5055,225190,293059,11286007180,4,1,202200
eg2205,20220218,20220218,133045500,13:30:46,5054,225191,293059,11286057720,1,0,50540
eg2205,20220218,20220218,133046000,13:30:47,5055,225198,293055,11286411560,7,-4,353840
eg2205,20220218,20220218,133046500,13:30:47,5055,225198,293055,11286411560,0,0,0
eg2205,20220218,20220218,133047000,13:30:48,5054,225213,293045,11287169800,15,-10,758240
eg2205,20220218,20220218,133047500,13:30:48,5054,225213,293045,11287169800,0,0,0
eg2205,20220218,20220218,133048000,13:30:48,5056,225214,293045,11287220360,1,0,50560
eg2205,20220218,20220218,133048500,13:30:49,5056,225224,293038,11287725930,10,-7,505570
eg2205,20220218,20220218,133049000,13:30:49,5056,225286,293024,11290860620,62,-14,3134690
eg2205,20220218,20220218,133049500,13:30:50,5056,225316,293019,11292377610,30,-5,1516990
eg2205,20220218,20220218,133050000,13:30:50,5057,225321,293017,11292630460,5,-2,252850
eg2205,20220218,20220218,133050500,13:30:51,5058,225401,292970,11296676110,80,-47,4045650
eg2205,20220218,20220218,133051000,13:30:52,5055,225467,292918,11300012600,66,-52,3336490
eg2205,20220218,20220218,133051500,13:30:52,5056,225476,292916,11300467700,9,-2,455100
eg2205,20220218,20220218,133052000,13:30:53,5056,225476,292916,11300467700,0,0,0
eg2205,20220218,20220218,133052500,13:30:53,5056,225477,292917,11300518260,1,1,50560
eg2205,20220218,20220218,133053000,13:30:54,5057,225479,292915,11300619400,2,-2,101140
eg2205,20220218,20220218,133053500,13:30:54,5057,225484,292915,11300872220,5,0,252820
eg2205,20220218,20220218,133054000,13:30:54,5056,225500,292920,11301681240,16,5,809020
eg2205,20220218,20220218,133054500,13:30:55,5057,225501,292920,11301731810,1,0,50570
eg2205,20220218,20220218,133055000,13:30:55,5058,225509,292920,11302136430,8,0,404620
eg2205,20220218,20220218,133055500,13:30:56,5058,225509,292920,11302136430,0,0,0
eg2205,20220218,20220218,133056000,13:30:57,5057,225512,292920,11302288160,3,0,151730
eg2205,20220218,20220218,133056500,13:30:57,5057,225517,292919,11302541050,5,-1,252890
eg2205,20220218,20220218,133057000,13:30:58,5058,225535,292917,11303451490,18,-2,910440
eg2205,20220218,20220218,133057500,13:30:58,5058,225539,292915,11303653800,4,-2,202310
eg2205,20220218,20220218,133058000,13:30:58,5058,225544,292913,11303906700,5,-2,252900
eg2205,20220218,20220218,133058500,13:30:59,5057,225545,292914,11303957270,1,1,50570
eg2205,20220218,20220218,133059000,13:30:59,5058,225556,292917,11304513590,11,3,556320
eg2205,20220218,20220218,133059500,13:31:00,5057,225557,292916,11304564160,1,-1,50570
eg2205,20220218,20220218,133100000,13:31:00,5058,225614,292908,11307447150,57,-8,2882990
eg2205,20220218,20220218,133100500,13:31:00,5057,225619,292909,11307700020,5,1,252870
eg2205,20220218,20220218,133101000,13:31:01,5057,225624,292908,11307952890,5,-1,252870
eg2205,20220218,20220218,133101500,13:31:01,5057,225627,292908,11308104600,3,0,151710
eg2205,20220218,20220218,133102000,13:31:02,5057,225640,292898,11308762040,13,-10,657440
eg2205,20220218,20220218,133102500,13:31:03,5058,225642,292896,11308863200,2,-2,101160
eg2205,20220218,20220218,133103000,13:31:03,5058,225644,292897,11308964350,2,1,101150
eg2205,20220218,20220218,133103500,13:31:05,5057,225650,292894,11309267790,6,-3,303440
eg2205,20220218,20220218,133104000,13:31:06,5058,225667,292894,11310127550,17,0,859760
eg2205,20220218,20220218,133104500,13:31:07,5057,225671,292891,11310329860,4,-3,202310
eg2205,20220218,20220218,133105500,13:31:08,5058,225701,292875,11311847230,30,-16,1517370
eg2205,20220218,20220218,133106000,13:31:08,5060,225809,292811,11317311190,108,-64,5463960
eg2205,20220218,20220218,133107500,13:31:08,5058,226039,292773,11328947550,230,-38,11636360
eg2205,20220218,20220218,133108500,13:31:09,5058,226065,292770,11330262740,26,-3,1315190
eg2205,20220218,20220218,133109000,13:31:09,5058,226065,292770,11330262740,0,0,0
eg2205,20220218,20220218,133109500,13:31:10,5058,226071,292765,11330566230,6,-5,303490
eg2205,20220218,20220218,133110000,13:31:11,5057,226080,292761,11331021370,9,-4,455140
eg2205,20220218,20220218,133110500,13:31:11,5058,226083,292762,11331173110,3,1,151740
eg2205,20220218,20220218,133111000,13:31:11,5058,226085,292761,11331274270,2,-1,101160
eg2205,20220218,20220218,133111500,13:31:12,5058,226098,292762,11331931760,13,1,657490
eg2205,20220218,20220218,133112000,13:31:12,5058,226099,292762,11331982340,1,0,50580
eg2205,20220218,20220218,133112500,13:31:13,5057,226106,292762,11332336380,7,0,354040
eg2205,20220218,20220218,133113000,13:31:13,5057,226106,292762,11332336380,0,0,0
eg2205,20220218,20220218,133113500,13:31:14,5058,226109,292762,11332488120,3,0,151740
eg2205,20220218,20220218,133114000,13:31:15,5058,226109,292762,11332488120,0,0,0
eg2205,20220218,20220218,133114500,13:31:15,5059,226111,292760,11332589300,2,-2,101180
eg2205,20220218,20220218,133115000,13:31:15,5058,226112,292759,11332639880,1,-1,50580
eg2205,20220218,20220218,133115500,13:31:16,5059,226117,292754,11332892790,5,-5,252910
eg2205,20220218,20220218,133116000,13:31:16,5058,226119,292755,11332993950,2,1,101160
eg2205,20220218,20220218,133116500,13:31:17,5058,226121,292753,11333095110,2,-2,101160
eg2205,20220218,20220218,133117000,13:31:17,5057,226126,292754,11333347980,5,1,252870
eg2205,20220218,20220218,133117500,13:31:18,5058,226137,292755,11333904350,11,1,556370
eg2205,20220218,20220218,133118000,13:31:18,5058,226144,292750,11334258430,7,-5,354080
eg2205,20220218,20220218,133118500,13:31:19,5058,226145,292750,11334309010,1,0,50580
eg2205,20220218,20220218,133119000,13:31:19,5059,226149,292748,11334511360,4,-2,202350
eg2205,20220218,20220218,133119500,13:31:20,5058,226152,292750,11334663120,3,2,151760
eg2205,20220218,20220218,133120000,13:31:20,5058,226158,292752,11334966630,6,2,303510
eg2205,20220218,20220218,133120500,13:31:21,5059,226160,292753,11335067800,2,1,101170
eg2205,20220218,20220218,133121000,13:31:21,5058,226166,292753,11335371310,6,0,303510
eg2205,20220218,20220218,133121500,13:31:22,5059,226169,292750,11335523080,3,-3,151770
eg2205,20220218,20220218,133122000,13:31:22,5059,226194,292751,11336787830,25,1,1264750
eg2205,20220218,20220218,133122500,13:31:23,5060,226197,292751,11336939620,3,0,151790
eg2205,20220218,20220218,133123000,13:31:25,5059,226200,292748,11337091390,3,-3,151770
eg2205,20220218,20220218,133123500,13:31:25,5058,226260,292717,11340126340,60,-31,3034950
eg2205,20220218,20220218,133124000,13:31:25,5059,226265,292713,11340379290,5,-4,252950
eg2205,20220218,20220218,133124500,13:31:25,5058,226268,292711,11340531040,3,-2,151750
eg2205,20220218,20220218,133157500,13:31:57,5058,226271,292711,11340682800,3,0,151760
eg2205,20220218,20220218,133158500,13:31:58,5058,226272,292711,11340733380,1,0,50580
eg2205,20220218,20220218,133159000,13:31:59,5058,226291,292713,11341694420,19,2,961040
eg2205,20220218,20220218,133159500,13:32:00,5058,226299,292713,11342099080,8,0,404660
eg2205,20220218,20220218,133200500,13:32:01,5058,226861,292672,11370523220,562,-41,28424140
eg2205,20220218,20220218,133201000,13:32:01,5058,226866,292671,11370776140,5,-1,252920
eg2205,20220218,20220218,133201500,13:32:01,5058,226866,292671,11370776140,0,0,0
eg2205,20220218,20220218,133202000,13:32:03,5058,226869,292671,11370927900,3,0,151760
eg2205,20220218,20220218,133202500,13:32:03,5058,226883,292662,11371636020,14,-9,708120
eg2205,20220218,20220218,133203000,13:32:04,5058,226898,292649,11372394720,15,-13,758700
eg2205,20220218,20220218,133203500,13:32:05,5058,226899,292650,11372445300,1,1,50580
eg2205,20220218,20220218,133204000,13:32:05,5059,226902,292651,11372597070,3,1,151770
eg2205,20220218,20220218,133205000,13:32:06,5058,226928,292643,11373912180,26,-8,1315110
eg2205,20220218,20220218,133205500,13:32:06,5058,226929,292643,11373962760,1,0,50580
eg2205,20220218,20220218,133206000,13:32:06,5058,226942,292636,11374620300,13,-7,657540
eg2205,20220218,20220218,133206500,13:32:07,5058,226955,292635,11375277840,13,-1,657540
eg2205,20220218,20220218,133207000,13:32:07,5058,226961,292633,11375581270,6,-2,303430
eg2205,20220218,20220218,133207500,13:32:07,5058,226966,292628,11375834170,5,-5,252900
eg2205,20220218,20220218,133208000,13:32:09,5058,226966,292628,11375834170,0,0,0
eg2205,20220218,20220218,133208500,13:32:10,5058,226976,292620,11376339930,10,-8,505760
eg2205,20220218,20220218,133209000,13:32:10,5057,227000,292630,11377553610,24,10,1213680
eg2205,20220218,20220218,133209500,13:32:10,5057,227120,292570,11383620870,120,-60,6067260
eg2205,20220218,20220218,133210000,13:32:10,5055,227121,292570,11383671420,1,0,50550
eg2205,20220218,20220218,133210500,13:32:13,5055,227141,292567,11384682530,20,-3,1011110
eg2205,20220218,20220218,133211000,13:32:14,5056,227146,292562,11384935330,5,-5,252800
eg2205,20220218,20220218,133213000,13:32:15,5056,227188,292553,11387058650,42,-9,2123320
eg2205,20220218,20220218,133214000,13:32:15,5057,227201,292544,11387715970,13,-9,657320
eg2205,20220218,20220218,133214500,13:32:16,5056,227230,292528,11389182480,29,-16,1466510
eg2205,20220218,20220218,133215000,13:32:16,5057,227232,292528,11389283620,2,0,101140
eg2205,20220218,20220218,133215500,13:32:16,5058,227237,292526,11389536520,5,-2,252900
eg2205,20220218,20220218,133216000,13:32:17,5057,227238,292526,11389587090,1,0,50570
eg2205,20220218,20220218,133216500,13:32:17,5058,227263,292521,11390851590,25,-5,1264500
eg2205,20220218,20220218,133217000,13:32:17,5059,227269,292517,11391155120,6,-4,303530
eg2205,20220218,20220218,133217500,13:32:18,5058,227271,292517,11391256280,2,0,101160
eg2205,20220218,20220218,133218000,13:32:18,5058,227291,292518,11392268010,20,1,1011730
eg2205,20220218,20220218,133219000,13:32:20,5058,227297,292516,11392571540,6,-2,303530
eg2205,20220218,20220218,133219500,13:32:20,5059,227298,292516,11392622130,1,0,50590
eg2205,20220218,20220218,133220000,13:32:21,5058,227301,292515,11392773890,3,-1,151760
eg2205,20220218,20220218,133220500,13:32:21,5059,227306,292510,11393026840,5,-5,252950
eg2205,20220218,20220218,133221000,13:32:21,5059,227358,292522,11395657520,52,12,2630680
eg2205,20220218,20220218,133221500,13:32:22,5059,227371,292515,11396315250,13,-7,657730
eg2205,20220218,20220218,133222000,13:32:22,5060,227645,292504,11410179650,274,-11,13864400
eg2205,20220218,20220218,133222500,13:32:23,5060,227668,292513,11411343650,23,9,1164000
eg2205,20220218,20220218,133223000,13:32:24,5061,227720,292516,11413975370,52,3,2631720
eg2205,20220218,20220218,133223500,13:32:24,5061,227743,292501,11415139490,23,-15,1164120
eg2205,20220218,20220218,133224000,13:32:24,5059,227774,292479,11416708090,31,-22,1568600
eg2205,20220218,20220218,133224500,13:32:24,5061,227784,292480,11417214140,10,1,506050
eg2205,20220218,20220218,133225000,13:32:25,5060,227787,292480,11417365950,3,0,151810
eg2205,20220218,20220218,133225500,13:32:25,5061,227796,292476,11417821430,9,-4,455480
eg2205,20220218,20220218,133226000,13:32:27,5061,227808,292478,11418428730,12,2,607300
eg2205,20220218,20220218,133226500,13:32:27,5061,227814,292478,11418732390,6,0,303660
eg2205,20220218,20220218,133227000,13:32:27,5061,227819,292477,11418985430,5,-1,253040
eg2205,20220218,20220218,133227500,13:32:28,5060,227827,292482,11419390250,8,5,404820
eg2205,20220218,20220218,133228000,13:32:32,5061,227832,292486,11419643300,5,4,253050
eg2205,20220218,20220218,133228500,13:32:32,5061,227833,292485,11419693910,1,-1,50610
eg2205,20220218,20220218,133229000,13:32:33,5061,227840,292486,11420048180,7,1,354270
eg2205,20220218,20220218,133232000,13:32:35,5061,227885,292478,11422325660,45,-8,2277480
eg2205,20220218,20220218,133232500,13:32:35,5061,227896,292479,11422882370,11,1,556710
eg2205,20220218,20220218,133234500,13:32:35,5060,227930,292479,11424602880,34,0,1720510
eg2205,20220218,20220218,133235000,13:32:36,5060,227934,292478,11424805280,4,-1,202400
eg2205,20220218,20220218,133235500,13:32:36,5061,227942,292484,11425210120,8,6,404840
eg2205,20220218,20220218,133236000,13:32:36,5061,227951,292476,11425665550,9,-8,455430
eg2205,20220218,20220218,133236500,13:32:37,5061,227957,292473,11425969210,6,-3,303660
eg2205,20220218,20220218,133237000,13:32:37,5061,227959,292474,11426070430,2,1,101220
eg2205,20220218,20220218,133237500,13:32:37,5061,227963,292474,11426272850,4,0,202420
eg2205,20220218,20220218,133238000,13:32:38,5060,227972,292468,11426728340,9,-6,455490
eg2205,20220218,20220218,133238500,13:32:39,5059,227995,292478,11427891970,23,10,1163630
eg2205,20220218,20220218,133239000,13:32:39,5059,228008,292475,11428549710,13,-3,657740
eg2205,20220218,20220218,133239500,13:32:40,5057,228061,292495,11431230100,53,20,2680390
eg2205,20220218,20220218,133240000,13:32:40,5058,228065,292495,11431432410,4,0,202310
eg2205,20220218,20220218,133240500,13:32:40,5058,228078,292488,11432089870,13,-7,657460
eg2205,20220218,20220218,133241000,13:32:41,5058,228083,292486,11432342740,5,-2,252870
eg2205,20220218,20220218,133241500,13:32:42,5058,228084,292486,11432393320,1,0,50580
eg2205,20220218,20220218,133242000,13:32:42,5058,228088,292487,11432595620,4,1,202300
eg2205,20220218,20220218,133242500,13:32:42,5056,228093,292487,11432848500,5,0,252880
eg2205,20220218,20220218,133243000,13:32:43,5058,228096,292487,11433000240,3,0,151740
eg2205,20220218,20220218,133243500,13:32:43,5056,228110,292480,11433708180,14,-7,707940
eg2205,20220218,20220218,133244000,13:32:44,5058,228124,292481,11434416290,14,1,708110
eg2205,20220218,20220218,133244500,13:32:45,5058,228135,292478,11434972590,11,-3,556300
eg2205,20220218,20220218,133245000,13:32:45,5057,228140,292474,11435225440,5,-4,252850
eg2205,20220218,20220218,133245500,13:32:45,5057,228145,292475,11435478260,5,1,252820
eg2205,20220218,20220218,133246000,13:32:47,5057,228145,292475,11435478260,0,0,0
eg2205,20220218,20220218,133246500,13:32:47,5056,228167,292462,11436590580,22,-13,1112320
eg2205,20220218,20220218,133247000,13:32:47,5056,228168,292462,11436641140,1,0,50560
eg2205,20220218,20220218,133247500,13:32:48,5056,228170,292462,11436742260,2,0,101120
eg2205,20220218,20220218,133248000,13:32:48,5056,228174,292460,11436944500,4,-2,202240
eg2205,20220218,20220218,133248500,13:32:49,5055,228181,292454,11437298380,7,-6,353880
eg2205,20220218,20220218,133249000,13:32:49,5056,228188,292452,11437652280,7,-2,353900
eg2205,20220218,20220218,133249500,13:32:50,5056,228190,292452,11437753400,2,0,101120
eg2205,20220218,20220218,133250000,13:32:50,5058,228199,292451,11438208530,9,-1,455130
eg2205,20220218,20220218,133250500,13:32:52,5056,228204,292448,11438461370,5,-3,252840
eg2205,20220218,20220218,133251000,13:32:52,5056,228205,292447,11438511930,1,-1,50560
eg2205,20220218,20220218,133251500,13:32:53,5058,228207,292447,11438613090,2,0,101160
eg2205,20220218,20220218,133252500,13:32:53,5057,228217,292449,11439118780,10,2,505690
eg2205,20220218,20220218,133253000,13:32:53,5057,228219,292449,11439219920,2,0,101140
eg2205,20220218,20220218,133253500,13:32:54,5057,228225,292453,11439523340,6,4,303420
eg2205,20220218,20220218,133254000,13:32:54,5057,228226,292453,11439573910,1,0,50570
eg2205,20220218,20220218,133254500,13:32:55,5057,228235,292453,11440029010,9,0,455100
eg2205,20220218,20220218,133255000,13:32:55,5058,228263,292447,11441445000,28,-6,1415990
eg2205,20220218,20220218,133255500,13:32:55,5057,228267,292444,11441647280,4,-3,202280
eg2205,20220218,20220218,133256000,13:32:56,5057,228276,292441,11442102440,9,-3,455160
eg2205,20220218,20220218,133256500,13:32:56,5058,228286,292442,11442608210,10,1,505770
eg2205,20220218,20220218,133257000,13:32:59,5057,228308,292431,11443720750,22,-11,1112540
eg2205,20220218,20220218,133257500,13:33:00,5057,228315,292430,11444074770,7,-1,354020
eg2205,20220218,20220218,133258000,13:33:00,5058,228319,292430,11444277090,4,0,202320
eg2205,20220218,20220218,133258500,13:33:00,5059,228349,292412,11445794660,30,-18,1517570
eg2205,20220218,20220218,133259500,13:33:01,5058,228383,292381,11447514680,34,-31,1720020
eg2205,20220218,20220218,133300000,13:33:01,5059,228393,292371,11448020570,10,-10,505890
eg2205,20220218,20220218,133300500,13:33:01,5058,228419,292351,11449335890,26,-20,1315320
eg2205,20220218,20220218,133301000,13:33:02,5059,228455,292327,11451157130,36,-24,1821240
eg2205,20220218,20220218,133301500,13:33:02,5059,228572,292310,11457076140,117,-17,5919010
eg2205,20220218,20220218,133302000,13:33:02,5058,228671,292231,11462084530,99,-79,5008390
eg2205,20220218,20220218,133302500,13:33:03,5058,228672,292231,11462135110,1,0,50580
eg2205,20220218,20220218,133303000,13:33:03,5059,228677,292226,11462388060,5,-5,252950
eg2205,20220218,20220218,133303500,13:33:04,5058,228681,292225,11462590380,4,-1,202320
eg2205,20220218,20220218,133304000,13:33:04,5059,228688,292218,11462944510,7,-7,354130
eg2205,20220218,20220218,133304500,13:33:05,5058,228730,292203,11465068880,42,-15,2124370
eg2205,20220218,20220218,133305000,13:33:05,5058,228731,292203,11465119460,1,0,50580
eg2205,20220218,20220218,133305500,13:33:05,5058,228736,292199,11465372360,5,-4,252900
eg2205,20220218,20220218,133306000,13:33:06,5058,228736,292199,11465372360,0,0,0
eg2205,20220218,20220218,133306500,13:33:06,5058,228741,292195,11465625260,5,-4,252900
eg2205,20220218,20220218,133307000,13:33:07,5058,228771,292203,11467142500,30,8,1517240
eg2205,20220218,20220218,133307500,13:33:08,5058,228795,292201,11468356420,24,-2,1213920
eg2205,20220218,20220218,133308000,13:33:08,5058,228806,292194,11468912800,11,-7,556380
eg2205,20220218,20220218,133308500,13:33:09,5058,228811,292192,11469165700,5,-2,252900
eg2205,20220218,20220218,133309000,13:33:09,5058,228811,292192,11469165700,0,0,0
eg2205,20220218,20220218,133309500,13:33:10,5057,228817,292192,11469469170,6,0,303470
eg2205,20220218,20220218,133310000,13:33:11,5058,228824,292188,11469823210,7,-4,354040
eg2205,20220218,20220218,133310500,13:33:12,5058,228830,292182,11470126720,6,-6,303510
eg2205,20220218,20220218,133311000,13:33:13,5058,228837,292178,11470480760,7,-4,354040
eg2205,20220218,20220218,133311500,13:33:14,5057,228839,292177,11470581900,2,-1,101140
eg2205,20220218,20220218,133312000,13:33:14,5058,228849,292172,11471087650,10,-5,505750
eg2205,20220218,20220218,133313500,13:33:15,5058,228871,292170,11472200460,22,-2,1112810
eg2205,20220218,20220218,133314000,13:33:17,5058,228879,292168,11472605140,8,-2,404680
eg2205,20220218,20220218,133314500,13:33:17,5058,228882,292169,11472756880,3,1,151740
eg2205,20220218,20220218,133315000,13:33:18,5058,228883,292169,11472807460,1,0,50580
eg2205,20220218,20220218,133315500,13:33:18,5059,228948,292208,11476096160,65,39,3288700
eg2205,20220218,20220218,133317000,13:33:18,5062,229008,292211,11479133060,60,3,3036900
eg2205,20220218,20220218,133317500,13:33:19,5062,229027,292208,11480094900,19,-3,961840
eg2205,20220218,20220218,133318000,13:33:19,5063,229035,292208,11480499910,8,0,405010
eg2205,20220218,20220218,133318500,13:33:19,5063,229050,292202,11481259360,15,-6,759450
eg2205,20220218,20220218,133319000,13:33:20,5062,229059,292194,11481715020,9,-8,455660
eg2205,20220218,20220218,133319500,13:33:20,5063,229064,292192,11481968130,5,-2,253110
eg2205,20220218,20220218,133320000,13:33:21,5063,229083,292189,11482930070,19,-3,961940
eg2205,20220218,20220218,133320500,13:33:21,5063,229089,292187,11483233850,6,-2,303780
eg2205,20220218,20220218,133321000,13:33:22,5063,229093,292188,11483436360,4,1,202510
eg2205,20220218,20220218,133321500,13:33:22,5063,229104,292190,11483993290,11,2,556930
eg2205,20220218,20220218,133322000,13:33:22,5062,229121,292186,11484853960,17,-4,860670
eg2205,20220218,20220218,133322500,13:33:22,5062,229136,292177,11485613310,15,-9,759350
eg2205,20220218,20220218,133323000,13:33:23,5064,229238,292205,11490777490,102,28,5164180
eg2205,20220218,20220218,133323500,13:33:24,5062,229341,292256,11495992930,103,51,5215440
eg2205,20220218,20220218,133324000,13:33:24,5061,229362,292250,11497055810,21,-6,1062880
eg2205,20220218,20220218,133324500,13:33:25,5061,229365,292249,11497207640,3,-1,151830
eg2205,20220218,20220218,133325000,13:33:26,5061,229377,292245,11497814960,12,-4,607320
eg2205,20220218,20220218,133325500,13:33:26,5061,229384,292245,11498169230,7,0,354270
eg2205,20220218,20220218,133326000,13:33:28,5062,229387,292248,11498321090,3,3,151860
eg2205,20220218,20220218,133326500,13:33:29,5062,229387,292248,11498321090,0,0,0
eg2205,20220218,20220218,133327000,13:33:29,5062,229387,292248,11498321090,0,0,0
eg2205,20220218,20220218,133327500,13:33:29,5062,229387,292248,11498321090,0,0,0
eg2205,20220218,20220218,133328500,13:33:30,5062,229409,292244,11499434670,22,-4,1113580
eg2205,20220218,20220218,133329000,13:33:30,5061,229416,292238,11499788940,7,-6,354270
eg2205,20220218,20220218,133329500,13:33:30,5061,229422,292233,11500092650,6,-5,303710
eg2205,20220218,20220218,133330000,13:33:30,5060,229426,292236,11500295050,4,3,202400
eg2205,20220218,20220218,133330500,13:33:31,5061,229431,292232,11500548100,5,-4,253050
eg2205,20220218,20220218,133331000,13:33:32,5060,229453,292220,11501661300,22,-12,1113200
eg2205,20220218,20220218,133331500,13:33:32,5060,229459,292215,11501964900,6,-5,303600
eg2205,20220218,20220218,133332000,13:33:32,5060,229464,292210,11502217900,5,-5,253000
eg2205,20220218,20220218,133333000,13:33:33,5060,229469,292205,11502470900,5,-5,253000
eg2205,20220218,20220218,133333500,13:33:33,5060,229469,292205,11502470900,0,0,0
eg2205,20220218,20220218,133334000,13:33:34,5060,229476,292200,11502825100,7,-5,354200
eg2205,20220218,20220218,133334500,13:33:34,5059,229488,292192,11503432250,12,-8,607150
eg2205,20220218,20220218,133335000,13:33:35,5060,229493,292195,11503685250,5,3,253000
eg2205,20220218,20220218,133335500,13:33:35,5060,229500,292191,11504039450,7,-4,354200
eg2205,20220218,20220218,133336000,13:33:36,5061,229506,292190,11504343100,6,-1,303650
eg2205,20220218,20220218,133336500,13:33:36,5060,229507,292190,11504393700,1,0,50600
eg2205,20220218,20220218,133337000,13:33:37,5061,229523,292194,11505203460,16,4,809760
eg2205,20220218,20220218,133337500,13:33:37,5061,229524,292194,11505254070,1,0,50610
eg2205,20220218,20220218,133338000,13:33:38,5061,229530,292194,11505557780,6,0,303710
eg2205,20220218,20220218,133338500,13:33:39,5061,229538,292198,11505962660,8,4,404880
eg2205,20220218,20220218,133339000,13:33:39,5061,229543,292201,11506215730,5,3,253070
eg2205,20220218,20220218,133340000,13:33:40,5062,229546,292202,11506367570,3,1,151840
eg2205,20220218,20220218,133340500,13:33:41,5062,229590,292189,11508594680,44,-13,2227110
eg2205,20220218,20220218,133341000,13:33:41,5061,229591,292190,11508645290,1,1,50610
eg2205,20220218,20220218,133341500,13:33:42,5061,229598,292191,11508999600,7,1,354310
eg2205,20220218,20220218,133342000,13:33:42,5062,229599,292192,11509050220,1,1,50620
eg2205,20220218,20220218,133342500,13:33:42,5061,229605,292187,11509353910,6,-5,303690
eg2205,20220218,20220218,133343000,13:33:43,5062,229614,292187,11509809480,9,0,455570
eg2205,20220218,20220218,133344000,13:33:45,5062,229618,292186,11510011950,4,-1,202470
eg2205,20220218,20220218,133344500,13:33:45,5061,229621,292185,11510163790,3,-1,151840
eg2205,20220218,20220218,133345000,13:33:45,5061,229630,292185,11510619330,9,0,455540
eg2205,20220218,20220218,133345500,13:33:46,5062,229635,292183,11510872410,5,-2,253080
eg2205,20220218,20220218,133346500,13:33:48,5062,229639,292182,11511074890,4,-1,202480
eg2205,20220218,20220218,133347000,13:33:48,5062,229640,292182,11511125510,1,0,50620
eg2205,20220218,20220218,133347500,13:33:49,5062,229643,292181,11511277370,3,-1,151860
eg2205,20220218,20220218,133348000,13:33:49,5063,229650,292176,11511631680,7,-5,354310
eg2205,20220218,20220218,133348500,13:33:49,5061,229651,292175,11511682290,1,-1,50610
eg2205,20220218,20220218,133349000,13:33:50,5062,229655,292178,11511884770,4,3,202480
eg2205,20220218,20220218,133349500,13:33:50,5062,229655,292178,11511884770,0,0,0
eg2205,20220218,20220218,133350000,13:33:50,5062,229659,292177,11512087280,4,-1,202510
eg2205,20220218,20220218,133350500,13:33:50,5062,229661,292177,11512188520,2,0,101240
eg2205,20220218,20220218,133351000,13:33:51,5062,229670,292177,11512644130,9,0,455610
eg2205,20220218,20220218,133351500,13:33:52,5063,229697,292170,11514010900,27,-7,1366770
eg2205,20220218,20220218,133352000,13:33:52,5063,229698,292170,11514061530,1,0,50630
eg2205,20220218,20220218,133352500,13:33:52,5061,229763,292210,11517351210,65,40,3289680
eg2205,20220218,20220218,133353000,13:33:53,5061,229764,292211,11517401820,1,1,50610
eg2205,20220218,20220218,133353500,13:33:53,5061,229770,292211,11517705510,6,0,303690
eg2205,20220218,20220218,133354000,13:33:54,5061,229775,292210,11517958540,5,-1,253030
eg2205,20220218,20220218,133354500,13:33:54,5062,229780,292210,11518211620,5,0,253080
eg2205,20220218,20220218,133355000,13:33:56,5062,229786,292208,11518515310,6,-2,303690
eg2205,20220218,20220218,133355500,13:33:56,5062,229786,292208,11518515310,0,0,0
eg2205,20220218,20220218,133356000,13:33:56,5061,229790,292208,11518717740,4,0,202430
eg2205,20220218,20220218,133356500,13:33:57,5060,229801,292206,11519274340,11,-2,556600
eg2205,20220218,20220218,133357000,13:33:57,5060,229808,292205,11519628580,7,-1,354240
eg2205,20220218,20220218,133357500,13:33:58,5061,229809,292205,11519679190,1,0,50610
eg2205,20220218,20220218,133358000,13:33:58,5061,229812,292202,11519831020,3,-3,151830
eg2205,20220218,20220218,133358500,13:33:58,5061,229817,292200,11520084070,5,-2,253050
eg2205,20220218,20220218,133359000,13:33:59,5061,229827,292194,11520590180,10,-6,506110
eg2205,20220218,20220218,133359500,13:33:59,5061,229827,292194,11520590180,0,0,0
eg2205,20220218,20220218,133400000,13:34:00,5062,229836,292194,11521045700,9,0,455520
eg2205,20220218,20220218,133400500,13:34:00,5061,229837,292193,11521096310,1,-1,50610
eg2205,20220218,20220218,133401000,13:34:01,5061,229845,292185,11521501220,8,-8,404910
eg2205,20220218,20220218,133401500,13:34:02,5062,229849,292182,11521703690,4,-3,202470
eg2205,20220218,20220218,133402000,13:34:02,5062,229852,292184,11521855550,3,2,151860
eg2205,20220218,20220218,133402500,13:34:10,5062,229863,292178,11522412350,11,-6,556800
eg2205,20220218,20220218,133403000,13:34:10,5062,229868,292175,11522665450,5,-3,253100
eg2205,20220218,20220218,133403500,13:34:11,5063,229875,292171,11523019830,7,-4,354380
eg2205,20220218,20220218,133410000,13:34:12,5062,229993,292128,11528993560,118,-43,5973730
eg2205,20220218,20220218,133410500,13:34:12,5063,230002,292128,11529449150,9,0,455590
eg2205,20220218,20220218,133411000,13:34:12,5063,230002,292128,11529449150,0,0,0
eg2205,20220218,20220218,133411500,13:34:12,5062,230008,292125,11529752880,6,-3,303730
eg2205,20220218,20220218,133412000,13:34:12,5061,230027,292114,11530714560,19,-11,961680
eg2205,20220218,20220218,133412500,13:34:13,5062,230038,292112,11531271310,11,-2,556750
eg2205,20220218,20220218,133413000,13:34:13,5062,230040,292114,11531372550,2,2,101240
eg2205,20220218,20220218,133413500,13:34:14,5062,230043,292114,11531524410,3,0,151860
eg2205,20220218,20220218,133414000,13:34:14,5062,230048,292116,11531777500,5,2,253090
eg2205,20220218,20220218,133414500,13:34:15,5062,230052,292115,11531979980,4,-1,202480
eg2205,20220218,20220218,133415000,13:34:15,5062,230081,292104,11533448240,29,-11,1468260
eg2205,20220218,20220218,133415500,13:34:16,5063,230084,292104,11533600130,3,0,151890
eg2205,20220218,20220218,133416000,13:34:16,5064,230088,292100,11533802690,4,-4,202560
eg2205,20220218,20220218,133416500,13:34:16,5063,230090,292099,11533903950,2,-1,101260
eg2205,20220218,20220218,133417000,13:34:17,5063,230104,292090,11534612810,14,-9,708860
eg2205,20220218,20220218,133417500,13:34:17,5065,230306,292127,11544843700,202,37,10230890
eg2205,20220218,20220218,133418000,13:34:18,5064,230393,292097,11549250170,87,-30,4406470
eg2205,20220218,20220218,133418500,13:34:18,5064,230411,292085,11550161760,18,-12,911590
eg2205,20220218,20220218,133419000,13:34:19,5064,230415,292085,11550364320,4,0,202560
eg2205,20220218,20220218,133419500,13:34:20,5065,230434,292073,11551326660,19,-12,962340
eg2205,20220218,20220218,133420000,13:34:20,5065,230466,292051,11552947450,32,-22,1620790
eg2205,20220218,20220218,133420500,13:34:21,5066,230584,292073,11558925340,118,22,5977890
eg2205,20220218,20220218,133421000,13:34:23,5066,230619,292067,11560698310,35,-6,1772970
eg2205,20220218,20220218,133421500,13:34:23,5066,230624,292064,11560951610,5,-3,253300
eg2205,20220218,20220218,133423000,13:34:24,5066,230645,292061,11562015380,21,-3,1063770
eg2205,20220218,20220218,133423500,13:34:24,5065,230656,292070,11562572530,11,9,557150
eg2205,20220218,20220218,133424000,13:34:24,5065,230663,292071,11562927130,7,1,354600
eg2205,20220218,20220218,133424500,13:34:24,5066,230674,292074,11563484320,11,3,557190
eg2205,20220218,20220218,133425000,13:34:25,5065,230677,292074,11563636270,3,0,151950
eg2205,20220218,20220218,133425500,13:34:25,5066,230696,292071,11564598760,19,-3,962490
eg2205,20220218,20220218,133426000,13:34:26,5066,230749,292070,11567283840,53,-1,2685080
eg2205,20220218,20220218,133426500,13:34:26,5067,230759,292066,11567790470,10,-4,506630
eg2205,20220218,20220218,133427000,13:34:27,5067,230788,292052,11569259810,29,-14,1469340
eg2205,20220218,20220218,133427500,13:34:27,5066,230792,292051,11569462450,4,-1,202640
eg2205,20220218,20220218,133428000,13:34:28,5067,230807,292039,11570222500,15,-12,760050
eg2205,20220218,20220218,133428500,13:34:29,5067,230815,292038,11570627820,8,-1,405320
eg2205,20220218,20220218,133429000,13:34:29,5067,230827,292032,11571235850,12,-6,608030
eg2205,20220218,20220218,133429500,13:34:29,5067,230828,292033,11571286520,1,1,50670
eg2205,20220218,20220218,133430000,13:34:30,5067,230845,292033,11572147850,17,0,861330
eg2205,20220218,20220218,133430500,13:34:30,5066,230849,292031,11572350520,4,-2,202670
eg2205,20220218,20220218,133431000,13:34:31,5067,230866,292028,11573211800,17,-3,861280
eg2205,20220218,20220218,133431500,13:34:31,5066,230872,292028,11573515760,6,0,303960
eg2205,20220218,20220218,133432000,13:34:32,5066,230878,292027,11573819720,6,-1,303960
eg2205,20220218,20220218,133432500,13:34:32,5066,230878,292027,11573819720,0,0,0
eg2205,20220218,20220218,133433000,13:34:33,5067,230883,292028,11574073050,5,1,253330
eg2205,20220218,20220218,133433500,13:34:34,5065,230885,292029,11574174360,2,1,101310
eg2205,20220218,20220218,133434000,13:34:34,5065,230889,292028,11574376990,4,-1,202630
eg2205,20220218,20220218,133434500,13:34:35,5066,230891,292028,11574478310,2,0,101320
eg2205,20220218,20220218,133435000,13:34:35,5066,230914,292040,11575643540,23,12,1165230
eg2205,20220218,20220218,133435500,13:34:36,5066,230921,292040,11575998160,7,0,354620
eg2205,20220218,20220218,133436000,13:34:36,5066,230968,292038,11578378840,47,-2,2380680
eg2205,20220218,20220218,133436500,13:34:36,5066,231041,292021,11582076090,73,-17,3697250
eg2205,20220218,20220218,133437000,13:34:37,5065,231054,292018,11582734540,13,-3,658450
eg2205,20220218,20220218,133437500,13:34:38,5064,231066,292013,11583342330,12,-5,607790
eg2205,20220218,20220218,133438000,13:34:38,5065,231073,292013,11583696880,7,0,354550
eg2205,20220218,20220218,133438500,13:34:38,5065,231075,292011,11583798180,2,-2,101300
eg2205,20220218,20220218,133439000,13:34:39,5065,231099,292024,11585013770,24,13,1215590
eg2205,20220218,20220218,133439500,13:34:39,5066,231100,292024,11585064430,1,0,50660
eg2205,20220218,20220218,133440500,13:34:41,5066,231107,292025,11585419000,7,1,354570
eg2205,20220218,20220218,133441000,13:34:41,5065,231112,292027,11585672280,5,2,253280
eg2205,20220218,20220218,133441500,13:34:41,5066,231127,292030,11586432180,15,3,759900
eg2205,20220218,20220218,133442000,13:34:43,5067,231130,292027,11586584180,3,-3,152000
eg2205,20220218,20220218,133442500,13:34:44,5066,231137,292023,11586938800,7,-4,354620
eg2205,20220218,20220218,133443000,13:34:45,5065,231162,292022,11588205150,25,-1,1266350
eg2205,20220218,20220218,133443500,13:34:45,5067,231169,292024,11588559800,7,2,354650
eg2205,20220218,20220218,133444000,13:34:45,5065,231171,292026,11588661100,2,2,101300
eg2205,20220218,20220218,133445000,13:34:46,5065,231175,292027,11588863730,4,1,202630
eg2205,20220218,20220218,133445500,13:34:46,5066,231176,292027,11588914390,1,0,50660
eg2205,20220218,20220218,133446000,13:34:46,5066,231178,292029,11589015710,2,2,101320
eg2205,20220218,20220218,133446500,13:34:47,5065,231183,292032,11589268980,5,3,253270
eg2205,20220218,20220218,133447000,13:34:47,5065,231198,292031,11590028780,15,-1,759800
eg2205,20220218,20220218,133447500,13:34:47,5065,231238,292009,11592054780,40,-22,2026000
eg2205,20220218,20220218,133448000,13:34:48,5065,231241,292012,11592206750,3,3,151970
eg2205,20220218,20220218,133448500,13:34:49,5065,231250,292014,11592662600,9,2,455850
eg2205,20220218,20220218,133449000,13:34:49,5064,231345,291983,11597473400,95,-31,4810800
eg2205,20220218,20220218,133449500,13:34:49,5064,231352,291976,11597827880,7,-7,354480
eg2205,20220218,20220218,133450000,13:34:50,5064,231361,291972,11598283620,9,-4,455740
eg2205,20220218,20220218,133450500,13:34:51,5063,231365,291972,11598486170,4,0,202550
eg2205,20220218,20220218,133451000,13:34:51,5064,231373,291974,11598891280,8,2,405110
eg2205,20220218,20220218,133451500,13:34:51,5064,231379,291974,11599195120,6,0,303840
eg2205,20220218,20220218,133452000,13:34:52,5063,231390,291973,11599752050,11,-1,556930
eg2205,20220218,20220218,133452500,13:34:52,5063,231427,291949,11601625360,37,-24,1873310
eg2205,20220218,20220218,133453000,13:34:53,5063,231430,291949,11601777250,3,0,151890
eg2205,20220218,20220218,133453500,13:34:55,5063,231436,291943,11602081030,6,-6,303780
eg2205,20220218,20220218,133454000,13:34:56,5064,231488,291981,11604714120,52,38,2633090
eg2205,20220218,20220218,133454500,13:34:56,5065,231499,291972,11605271250,11,-9,557130
eg2205,20220218,20220218,133455000,13:34:56,5065,231519,291952,11606284250,20,-20,1013000
eg2205,20220218,20220218,133455500,13:34:56,5064,231529,291943,11606790730,10,-9,506480
eg2205,20220218,20220218,133456000,13:34:56,5064,231531,291943,11606892010,2,0,101280
eg2205,20220218,20220218,133456500,13:34:57,5064,231539,291937,11607297180,8,-6,405170
eg2205,20220218,20220218,133457000,13:34:57,5065,231557,291934,11608208750,18,-3,911570
eg2205,20220218,20220218,133458000,13:34:58,5065,231623,291892,11611551540,66,-42,3342790
eg2205,20220218,20220218,133458500,13:34:59,5066,231626,291891,11611703520,3,-1,151980
eg2205,20220218,20220218,133459000,13:34:59,5065,231638,291883,11612311380,12,-8,607860
eg2205,20220218,20220218,133459500,13:35:00,5065,231643,291879,11612564660,5,-4,253280
eg2205,20220218,20220218,133500000,13:35:00,5065,231658,291876,11613324430,15,-3,759770
eg2205,20220218,20220218,133500500,13:35:00,5065,231661,291879,11613476380,3,3,151950
eg2205,20220218,20220218,133501000,13:35:04,5065,231668,291879,11613830930,7,0,354550
eg2205,20220218,20220218,133501500,13:35:04,5065,231670,291880,11613932230,2,1,101300
eg2205,20220218,20220218,133502000,13:35:10,5065,231679,291881,11614388070,9,1,455840
eg2205,20220218,20220218,133504500,13:35:10,5065,231739,291895,11617427200,60,14,3039130
eg2205,20220218,20220218,133510000,13:35:10,5065,231900,291890,11625581830,161,-5,8154630
eg2205,20220218,20220218,133510500,13:35:11,5064,231917,291895,11626442710,17,5,860880
eg2205,20220218,20220218,133511000,13:35:11,5065,231919,291896,11626544000,2,1,101290
eg2205,20220218,20220218,133511500,13:35:12,5064,231921,291896,11626645280,2,0,101280
eg2205,20220218,20220218,133512000,13:35:12,5065,231928,291896,11626999830,7,0,354550
eg2205,20220218,20220218,133512500,13:35:13,5065,231929,291897,11627050480,1,1,50650
eg2205,20220218,20220218,133513000,13:35:13,5065,231989,291944,11630089530,60,47,3039050
eg2205,20220218,20220218,133513500,13:35:14,5065,231992,291945,11630241480,3,1,151950
eg2205,20220218,20220218,133514000,13:35:14,5065,232002,291943,11630748050,10,-2,506570
eg2205,20220218,20220218,133514500,13:35:14,5065,232002,291943,11630748050,0,0,0
eg2205,20220218,20220218,133515000,13:35:15,5065,232009,291943,11631102650,7,0,354600
eg2205,20220218,20220218,133515500,13:35:16,5066,232013,291940,11631305290,4,-3,202640
eg2205,20220218,20220218,133516000,13:35:16,5066,232019,291936,11631609250,6,-4,303960
eg2205,20220218,20220218,133516500,13:35:16,5066,232026,291929,11631963920,7,-7,354670
eg2205,20220218,20220218,133517000,13:35:17,5066,232027,291929,11632014580,1,0,50660
eg2205,20220218,20220218,133517500,13:35:18,5066,232036,291926,11632470570,9,-3,455990
eg2205,20220218,20220218,133518000,13:35:18,5067,232040,291927,11632673220,4,1,202650
eg2205,20220218,20220218,133518500,13:35:19,5068,232090,291936,11635206730,50,9,2533510
eg2205,20220218,20220218,133519000,13:35:19,5068,232171,291915,11639311430,81,-21,4104700
eg2205,20220218,20220218,133519500,13:35:20,5068,232195,291904,11640527630,24,-11,1216200
eg2205,20220218,20220218,133520000,13:35:20,5068,232196,291904,11640578310,1,0,50680
eg2205,20220218,20220218,133520500,13:35:21,5068,232204,291897,11640983730,8,-7,405420
eg2205,20220218,20220218,133521000,13:35:21,5068,232223,291889,11641946510,19,-8,962780
eg2205,20220218,20220218,133521500,13:35:22,5068,232226,291889,11642098550,3,0,152040
eg2205,20220218,20220218,133522000,13:35:22,5067,232240,291887,11642808000,14,-2,709450
