eg2204,20220218,20220218,112003000,11:20:04,5007,14569,72357,725071820,14569,1371,725071820
eg2204,20220218,20220218,112004500,11:20:09,5007,14569,72357,725071820,0,0,0
eg2204,20220218,20220218,112005000,11:20:10,5007,14569,72357,725071820,0,0,0
eg2204,20220218,20220218,112007500,11:20:10,5007,14569,72357,725071820,0,0,0
eg2204,20220218,20220218,112008000,11:20:10,5007,14569,72357,725071820,0,0,0
eg2204,20220218,20220218,112009000,11:20:10,5007,14569,72357,725071820,0,0,0
eg2204,20220218,20220218,112010000,11:20:10,5007,14569,72357,725071820,0,0,0
eg2204,20220218,20220218,112010500,11:20:10,5007,14569,72357,725071820,0,0,0
eg2204,20220218,20220218,112011500,11:20:12,5007,14569,72357,725071820,0,0,0
eg2204,20220218,20220218,112013500,11:20:13,5007,14569,72357,725071820,0,0,0
eg2204,20220218,20220218,112014000,11:20:14,5007,14569,72357,725071820,0,0,0
eg2204,20220218,20220218,112015000,11:20:15,5007,14569,72357,725071820,0,0,0
eg2204,20220218,20220218,112015500,11:20:16,5007,14569,72357,725071820,0,0,0
eg2204,20220218,20220218,112016000,11:20:16,5007,14569,72357,725071820,0,0,0
eg2204,20220218,20220218,112016500,11:20:16,5007,14569,72357,725071820,0,0,0
eg2204,20220218,20220218,112017000,11:20:17,5007,14569,72357,725071820,0,0,0
eg2204,20220218,20220218,112017500,11:20:17,5007,14569,72357,725071820,0,0,0
eg2204,20220218,20220218,112018000,11:20:18,5007,14569,72357,725071820,0,0,0
eg2204,20220218,20220218,112018500,11:20:18,5007,14569,72357,725071820,0,0,0
eg2204,20220218,20220218,112019000,11:20:19,5007,14569,72357,725071820,0,0,0
eg2204,20220218,20220218,112019500,11:20:20,5007,14569,72357,725071820,0,0,0
eg2204,20220218,20220218,112020000,11:20:20,5007,14569,72357,725071820,0,0,0
eg2204,20220218,20220218,112020500,11:20:21,5007,14569,72357,725071820,0,0,0
eg2204,20220218,20220218,112021000,11:20:21,5007,14569,72357,725071820,0,0,0
eg2204,20220218,20220218,112022000,11:20:22,5007,14569,72357,725071820,0,0,0
eg2204,20220218,20220218,112022500,11:20:23,5007,14569,72357,725071820,0,0,0
eg2204,20220218,20220218,112023000,11:20:23,5007,14569,72357,725071820,0,0,0
eg2204,20220218,20220218,112023500,11:20:23,5007,14569,72357,725071820,0,0,0
eg2204,20220218,20220218,112024000,11:20:24,5007,14569,72357,725071820,0,0,0
eg2204,20220218,20220218,112024500,11:20:24,5007,14569,72357,725071820,0,0,0
eg2204,20220218,20220218,112025000,11:20:25,5007,14569,72357,725071820,0,0,0
eg2204,20220218,20220218,112025500,11:20:25,5007,14569,72357,725071820,0,0,0
eg2204,20220218,20220218,112026000,11:20:26,5007,14569,72357,725071820,0,0,0
eg2204,20220218,20220218,112026500,11:20:26,5007,14569,72357,725071820,0,0,0
eg2204,20220218,20220218,112027000,11:20:27,5007,14569,72357,725071820,0,0,0
eg2204,20220218,20220218,112029000,11:20:29,5007,14569,72357,725071820,0,0,0
eg2204,20220218,20220218,112030000,11:20:31,5007,14569,72357,725071820,0,0,0
eg2204,20220218,20220218,112030500,11:20:31,5007,14569,72357,725071820,0,0,0
eg2204,20220218,20220218,112031000,11:20:32,5007,14569,72357,725071820,0,0,0
eg2204,20220218,20220218,112031500,11:20:32,5007,14569,72357,725071820,0,0,0
eg2204,20220218,20220218,112032000,11:20:32,5007,14569,72357,725071820,0,0,0
eg2204,20220218,20220218,112032500,11:20:32,5007,14569,72357,725071820,0,0,0
eg2204,20220218,20220218,112033000,11:20:33,5007,14569,72357,725071820,0,0,0
eg2204,20220218,20220218,112033500,11:20:33,5007,14569,72357,725071820,0,0,0
eg2204,20220218,20220218,112034000,11:20:34,5007,14569,72357,725071820,0,0,0
eg2204,20220218,20220218,112035000,11:20:35,5007,14569,72357,725071820,0,0,0
eg2204,20220218,20220218,112035500,11:20:35,5005,14570,72356,725121870,1,-1,50050
eg2204,20220218,20220218,112036000,11:20:36,5005,14570,72356,725121870,0,0,0
eg2204,20220218,20220218,112036500,11:20:37,5005,14570,72356,725121870,0,0,0
eg2204,20220218,20220218,112037000,11:20:37,5005,14570,72356,725121870,0,0,0
eg2204,20220218,20220218,112037500,11:20:38,5005,14570,72356,725121870,0,0,0
eg2204,20220218,20220218,112038000,11:20:38,5005,14570,72356,725121870,0,0,0
eg2204,20220218,20220218,112038500,11:20:38,5005,14570,72356,725121870,0,0,0
eg2204,20220218,20220218,112039000,11:20:39,5005,14570,72356,725121870,0,0,0
eg2204,20220218,20220218,112039500,11:20:40,5005,14570,72356,725121870,0,0,0
eg2204,20220218,20220218,112040000,11:20:40,5005,14570,72356,725121870,0,0,0
eg2204,20220218,20220218,112041000,11:20:41,5005,14570,72356,725121870,0,0,0
eg2204,20220218,20220218,112041500,11:20:41,5005,14570,72356,725121870,0,0,0
eg2204,20220218,20220218,112042000,11:20:42,5005,14570,72356,725121870,0,0,0
eg2204,20220218,20220218,112042500,11:20:42,5005,14570,72356,725121870,0,0,0
eg2204,20220218,20220218,112043000,11:20:43,5005,14570,72356,725121870,0,0,0
eg2204,20220218,20220218,112043500,11:20:44,5005,14570,72356,725121870,0,0,0
eg2204,20220218,20220218,112044000,11:20:44,5005,14570,72356,725121870,0,0,0
eg2204,20220218,20220218,112045500,11:20:46,5005,14570,72356,725121870,0,0,0
eg2204,20220218,20220218,112046000,11:20:46,5005,14570,72356,725121870,0,0,0
eg2204,20220218,20220218,112046500,11:20:46,5005,14570,72356,725121870,0,0,0
eg2204,20220218,20220218,112047000,11:20:48,5005,14570,72356,725121870,0,0,0
eg2204,20220218,20220218,112047500,11:20:48,5005,14570,72356,725121870,0,0,0
eg2204,20220218,20220218,112048000,11:20:48,5005,14570,72356,725121870,0,0,0
eg2204,20220218,20220218,112048500,11:20:50,5005,14570,72356,725121870,0,0,0
eg2204,20220218,20220218,112050500,11:20:51,5005,14570,72356,725121870,0,0,0
eg2204,20220218,20220218,112051000,11:20:51,5005,14570,72356,725121870,0,0,0
eg2204,20220218,20220218,112051500,11:20:52,5005,14570,72356,725121870,0,0,0
eg2204,20220218,20220218,112052000,11:20:53,5005,14570,72356,725121870,0,0,0
eg2204,20220218,20220218,112052500,11:20:53,5005,14570,72356,725121870,0,0,0
eg2204,20220218,20220218,112053000,11:20:53,5005,14570,72356,725121870,0,0,0
eg2204,20220218,20220218,112053500,11:20:53,5005,14570,72356,725121870,0,0,0
eg2204,20220218,20220218,112054500,11:20:55,5005,14570,72356,725121870,0,0,0
eg2204,20220218,20220218,112056000,11:20:56,5005,14570,72356,725121870,0,0,0
eg2204,20220218,20220218,112056500,11:20:57,5005,14570,72356,725121870,0,0,0
eg2204,20220218,20220218,112057000,11:20:58,5005,14570,72356,725121870,0,0,0
eg2204,20220218,20220218,112057500,11:20:58,5005,14570,72356,725121870,0,0,0
eg2204,20220218,20220218,112058000,11:20:59,5005,14570,72356,725121870,0,0,0
eg2204,20220218,20220218,112058500,11:20:59,5005,14570,72356,725121870,0,0,0
eg2204,20220218,20220218,112059000,11:21:00,5005,14570,72356,725121870,0,0,0
eg2204,20220218,20220218,112059500,11:21:00,5005,14570,72356,725121870,0,0,0
eg2204,20220218,20220218,112100500,11:21:01,5005,14570,72356,725121870,0,0,0
eg2204,20220218,20220218,112101500,11:21:02,5005,14570,72356,725121870,0,0,0
eg2204,20220218,20220218,112102000,11:21:03,5005,14570,72356,725121870,0,0,0
eg2204,20220218,20220218,112102500,11:21:03,5005,14570,72356,725121870,0,0,0
eg2204,20220218,20220218,112103000,11:21:03,5005,14570,72356,725121870,0,0,0
eg2204,20220218,20220218,112103500,11:21:04,5005,14570,72356,725121870,0,0,0
eg2204,20220218,20220218,112104000,11:21:04,5005,14570,72356,725121870,0,0,0
eg2204,20220218,20220218,112104500,11:21:05,5005,14570,72356,725121870,0,0,0
eg2204,20220218,20220218,112105000,11:21:05,5005,14570,72356,725121870,0,0,0
eg2204,20220218,20220218,112105500,11:21:07,5008,14574,72356,725322190,4,0,200320
eg2204,20220218,20220218,112106000,11:21:07,5008,14574,72356,725322190,0,0,0
eg2204,20220218,20220218,112110000,11:21:10,5008,14574,72356,725322190,0,0,0
eg2204,20220218,20220218,112110500,11:21:11,5008,14574,72356,725322190,0,0,0
eg2204,20220218,20220218,112111000,11:21:11,5008,14574,72356,725322190,0,0,0
eg2204,20220218,20220218,112112500,11:21:13,5008,14574,72356,725322190,0,0,0
eg2204,20220218,20220218,112113000,11:21:13,5008,14574,72356,725322190,0,0,0
eg2204,20220218,20220218,112115000,11:21:15,5008,14574,72356,725322190,0,0,0
eg2204,20220218,20220218,112115500,11:21:15,5008,14574,72356,725322190,0,0,0
eg2204,20220218,20220218,112116000,11:21:16,5008,14574,72356,725322190,0,0,0
eg2204,20220218,20220218,112116500,11:21:17,5008,14574,72356,725322190,0,0,0
eg2204,20220218,20220218,112117000,11:21:17,5008,14574,72356,725322190,0,0,0
eg2204,20220218,20220218,112117500,11:21:18,5008,14574,72356,725322190,0,0,0
eg2204,20220218,20220218,112118000,11:21:18,5008,14574,72356,725322190,0,0,0
eg2204,20220218,20220218,112118500,11:21:18,5008,14574,72356,725322190,0,0,0
eg2204,20220218,20220218,112119000,11:21:19,5008,14574,72356,725322190,0,0,0
eg2204,20220218,20220218,112119500,11:21:19,5008,14574,72356,725322190,0,0,0
eg2204,20220218,20220218,112120000,11:21:20,5008,14574,72356,725322190,0,0,0
eg2204,20220218,20220218,112120500,11:21:22,5008,14574,72356,725322190,0,0,0
eg2204,20220218,20220218,112121000,11:21:22,5008,14574,72356,725322190,0,0,0
eg2204,20220218,20220218,112121500,11:21:22,5008,14574,72356,725322190,0,0,0
eg2204,20220218,20220218,112122000,11:21:22,5008,14574,72356,725322190,0,0,0
eg2204,20220218,20220218,112122500,11:21:22,5008,14574,72356,725322190,0,0,0
eg2204,20220218,20220218,112123000,11:21:23,5008,14574,72356,725322190,0,0,0
eg2204,20220218,20220218,112123500,11:21:24,5008,14574,72356,725322190,0,0,0
eg2204,20220218,20220218,112124000,11:21:24,5008,14574,72356,725322190,0,0,0
eg2204,20220218,20220218,112124500,11:21:25,5009,14580,72350,725622690,6,-6,300500
eg2204,20220218,20220218,112125000,11:22:28,5009,14580,72350,725622690,0,0,0
eg2204,20220218,20220218,112126000,11:23:33,5009,14580,72350,725622690,0,0,0
eg2204,20220218,20220218,112332500,11:23:33,5009,14580,72350,725622690,0,0,0
eg2204,20220218,20220218,112333000,11:23:33,5009,14580,72350,725622690,0,0,0
eg2204,20220218,20220218,112333500,11:23:33,5009,14580,72350,725622690,0,0,0
eg2204,20220218,20220218,112334000,11:23:34,5009,14580,72350,725622690,0,0,0
eg2204,20220218,20220218,112334500,11:23:34,5009,14580,72350,725622690,0,0,0
eg2204,20220218,20220218,112335000,11:23:35,5009,14580,72350,725622690,0,0,0
eg2204,20220218,20220218,112335500,11:23:35,5009,14580,72350,725622690,0,0,0
eg2204,20220218,20220218,112337000,11:23:38,5009,14580,72350,725622690,0,0,0
eg2204,20220218,20220218,112338500,11:23:38,5009,14580,72350,725622690,0,0,0
eg2204,20220218,20220218,112339000,11:23:39,5009,14580,72350,725622690,0,0,0
eg2204,20220218,20220218,112339500,11:23:39,5009,14580,72350,725622690,0,0,0
eg2204,20220218,20220218,112340000,11:23:40,5009,14580,72350,725622690,0,0,0
eg2204,20220218,20220218,112340500,11:23:40,5009,14580,72350,725622690,0,0,0
eg2204,20220218,20220218,112341000,11:23:41,5009,14580,72350,725622690,0,0,0
eg2204,20220218,20220218,112341500,11:23:42,5008,14638,72347,728527390,58,-3,2904700
eg2204,20220218,20220218,112342000,11:23:42,5008,14638,72347,728527390,0,0,0
eg2204,20220218,20220218,112343000,11:23:43,5008,14638,72347,728527390,0,0,0
eg2204,20220218,20220218,112343500,11:23:43,5008,14638,72347,728527390,0,0,0
eg2204,20220218,20220218,112344000,11:23:48,5008,14638,72347,728527390,0,0,0
eg2204,20220218,20220218,112345500,11:23:48,5008,14640,72345,728627550,2,-2,100160
eg2204,20220218,20220218,112347500,11:23:48,5008,14640,72345,728627550,0,0,0
eg2204,20220218,20220218,112350000,11:23:50,5008,14640,72345,728627550,0,0,0
eg2204,20220218,20220218,112350500,11:23:50,5009,14641,72344,728677640,1,-1,50090
eg2204,20220218,20220218,112351000,11:23:51,5009,14644,72343,728827910,3,-1,150270
eg2204,20220218,20220218,112351500,11:23:51,5009,14644,72343,728827910,0,0,0
eg2204,20220218,20220218,112352000,11:23:52,5009,14644,72343,728827910,0,0,0
eg2204,20220218,20220218,112352500,11:23:53,5009,14644,72343,728827910,0,0,0
eg2204,20220218,20220218,112353000,11:23:53,5009,14644,72343,728827910,0,0,0
eg2204,20220218,20220218,112353500,11:23:53,5009,14644,72343,728827910,0,0,0
eg2204,20220218,20220218,112354000,11:23:54,5009,14644,72343,728827910,0,0,0
eg2204,20220218,20220218,112354500,11:23:55,5009,14644,72343,728827910,0,0,0
eg2204,20220218,20220218,112355000,11:23:55,5009,14644,72343,728827910,0,0,0
eg2204,20220218,20220218,112355500,11:23:55,5009,14644,72343,728827910,0,0,0
eg2204,20220218,20220218,112356000,11:23:56,5009,14644,72343,728827910,0,0,0
eg2204,20220218,20220218,112356500,11:23:56,5009,14644,72343,728827910,0,0,0
eg2204,20220218,20220218,112357000,11:23:57,5009,14644,72343,728827910,0,0,0
eg2204,20220218,20220218,112357500,11:23:57,5009,14644,72343,728827910,0,0,0
eg2204,20220218,20220218,112358000,11:23:58,5009,14644,72343,728827910,0,0,0
eg2204,20220218,20220218,112358500,11:23:58,5009,14644,72343,728827910,0,0,0
eg2204,20220218,20220218,112359500,11:23:59,5009,14644,72343,728827910,0,0,0
eg2204,20220218,20220218,112401000,11:24:01,5009,14644,72343,728827910,0,0,0
eg2204,20220218,20220218,112401500,11:24:01,5009,14644,72343,728827910,0,0,0
eg2204,20220218,20220218,112402000,11:24:02,5009,14644,72343,728827910,0,0,0
eg2204,20220218,20220218,112402500,11:24:02,5009,14644,72343,728827910,0,0,0
eg2204,20220218,20220218,112403000,11:24:03,5009,14644,72343,728827910,0,0,0
eg2204,20220218,20220218,112403500,11:24:04,5009,14644,72343,728827910,0,0,0
eg2204,20220218,20220218,112404000,11:24:04,5009,14644,72343,728827910,0,0,0
eg2204,20220218,20220218,112404500,11:24:04,5009,14644,72343,728827910,0,0,0
eg2204,20220218,20220218,112405000,11:24:05,5009,14644,72343,728827910,0,0,0
eg2204,20220218,20220218,112405500,11:24:05,5009,14644,72343,728827910,0,0,0
eg2204,20220218,20220218,112406500,11:24:06,5009,14644,72343,728827910,0,0,0
eg2204,20220218,20220218,112407000,11:24:07,5009,14644,72343,728827910,0,0,0
eg2204,20220218,20220218,112408500,11:24:08,5009,14644,72343,728827910,0,0,0
eg2204,20220218,20220218,112409000,11:24:11,5009,14644,72343,728827910,0,0,0
eg2204,20220218,20220218,112410000,11:24:12,5009,14644,72343,728827910,0,0,0
eg2204,20220218,20220218,112411500,11:24:12,5009,14644,72343,728827910,0,0,0
eg2204,20220218,20220218,112412000,11:24:12,5009,14644,72343,728827910,0,0,0
eg2204,20220218,20220218,112412500,11:24:13,5009,14644,72343,728827910,0,0,0
eg2204,20220218,20220218,112413000,11:24:13,5009,14644,72343,728827910,0,0,0
eg2204,20220218,20220218,112413500,11:24:14,5009,14644,72343,728827910,0,0,0
eg2204,20220218,20220218,112414000,11:24:14,5009,14644,72343,728827910,0,0,0
eg2204,20220218,20220218,112414500,11:24:15,5009,14644,72343,728827910,0,0,0
eg2204,20220218,20220218,112415000,11:24:15,5009,14644,72343,728827910,0,0,0
eg2204,20220218,20220218,112415500,11:24:15,5009,14644,72343,728827910,0,0,0
eg2204,20220218,20220218,112416000,11:24:16,5009,14644,72343,728827910,0,0,0
eg2204,20220218,20220218,112416500,11:24:17,5009,14644,72343,728827910,0,0,0
eg2204,20220218,20220218,112417000,11:24:17,5009,14644,72343,728827910,0,0,0
eg2204,20220218,20220218,112417500,11:24:18,5009,14644,72343,728827910,0,0,0
eg2204,20220218,20220218,112418000,11:24:18,5009,14644,72343,728827910,0,0,0
eg2204,20220218,20220218,112419000,11:24:19,5009,14644,72343,728827910,0,0,0
eg2204,20220218,20220218,112419500,11:24:20,5009,14644,72343,728827910,0,0,0
eg2204,20220218,20220218,112420000,11:24:20,5009,14644,72343,728827910,0,0,0
eg2204,20220218,20220218,112420500,11:24:20,5009,14644,72343,728827910,0,0,0
eg2204,20220218,20220218,112421000,11:24:21,5009,14644,72343,728827910,0,0,0
eg2204,20220218,20220218,112422500,11:24:23,5009,14644,72343,728827910,0,0,0
eg2204,20220218,20220218,112423000,11:24:23,5009,14644,72343,728827910,0,0,0
eg2204,20220218,20220218,112424000,11:24:24,5009,14644,72343,728827910,0,0,0
eg2204,20220218,20220218,112424500,11:24:24,5009,14644,72343,728827910,0,0,0
eg2204,20220218,20220218,112425000,11:24:25,5009,14644,72343,728827910,0,0,0
eg2204,20220218,20220218,112426500,11:24:26,5009,14644,72343,728827910,0,0,0
eg2204,20220218,20220218,112427000,11:24:27,5009,14644,72343,728827910,0,0,0
eg2204,20220218,20220218,112427500,11:24:28,5009,14644,72343,728827910,0,0,0
eg2204,20220218,20220218,112428000,11:24:28,5009,14644,72343,728827910,0,0,0
eg2204,20220218,20220218,112429000,11:24:29,5009,14644,72343,728827910,0,0,0
eg2204,20220218,20220218,112429500,11:24:29,5009,14644,72343,728827910,0,0,0
eg2204,20220218,20220218,112430000,11:24:30,5009,14644,72343,728827910,0,0,0
eg2204,20220218,20220218,112431000,11:24:31,5009,14644,72343,728827910,0,0,0
eg2204,20220218,20220218,112431500,11:24:31,5009,14644,72343,728827910,0,0,0
eg2204,20220218,20220218,112432000,11:24:32,5009,14644,72343,728827910,0,0,0
eg2204,20220218,20220218,112432500,11:24:32,5009,14644,72343,728827910,0,0,0
eg2204,20220218,20220218,112433000,11:24:33,5009,14644,72343,728827910,0,0,0
eg2204,20220218,20220218,112434500,11:24:34,5009,14644,72343,728827910,0,0,0
eg2204,20220218,20220218,112435000,11:24:35,5009,14644,72343,728827910,0,0,0
eg2204,20220218,20220218,112435500,11:24:35,5009,14644,72343,728827910,0,0,0
eg2204,20220218,20220218,112437000,11:24:37,5009,14644,72343,728827910,0,0,0
eg2204,20220218,20220218,112437500,11:24:39,5009,14644,72343,728827910,0,0,0
eg2204,20220218,20220218,112438000,11:24:39,5009,14644,72343,728827910,0,0,0
eg2204,20220218,20220218,112438500,11:24:39,5009,14644,72343,728827910,0,0,0
eg2204,20220218,20220218,112439000,11:24:40,5009,14644,72343,728827910,0,0,0
eg2204,20220218,20220218,112439500,11:24:40,5009,14644,72343,728827910,0,0,0
eg2204,20220218,20220218,112443500,11:24:43,5009,14645,72344,728878000,1,1,50090
eg2204,20220218,20220218,112444000,11:24:44,5009,14645,72344,728878000,0,0,0
eg2204,20220218,20220218,112444500,11:24:44,5009,14645,72344,728878000,0,0,0
eg2204,20220218,20220218,112445000,11:24:45,5009,14645,72344,728878000,0,0,0
eg2204,20220218,20220218,112445500,11:24:45,5009,14645,72344,728878000,0,0,0
eg2204,20220218,20220218,112446000,11:24:46,5009,14645,72344,728878000,0,0,0
eg2204,20220218,20220218,112446500,11:24:46,5009,14645,72344,728878000,0,0,0
eg2204,20220218,20220218,112447000,11:24:47,5009,14645,72344,728878000,0,0,0
eg2204,20220218,20220218,112447500,11:24:47,5009,14645,72344,728878000,0,0,0
eg2204,20220218,20220218,112448000,11:24:48,5009,14645,72344,728878000,0,0,0
eg2204,20220218,20220218,112449000,11:24:49,5009,14645,72344,728878000,0,0,0
eg2204,20220218,20220218,112450500,11:24:50,5009,14645,72344,728878000,0,0,0
eg2204,20220218,20220218,112451000,11:24:51,5009,14645,72344,728878000,0,0,0
eg2204,20220218,20220218,112451500,11:24:52,5009,14645,72344,728878000,0,0,0
eg2204,20220218,20220218,112452000,11:24:52,5009,14645,72344,728878000,0,0,0
eg2204,20220218,20220218,112453000,11:24:53,5009,14645,72344,728878000,0,0,0
eg2204,20220218,20220218,112454000,11:24:54,5009,14645,72344,728878000,0,0,0
eg2204,20220218,20220218,112454500,11:24:54,5009,14645,72344,728878000,0,0,0
eg2204,20220218,20220218,112455000,11:24:55,5009,14645,72344,728878000,0,0,0
eg2204,20220218,20220218,112455500,11:24:56,5009,14645,72344,728878000,0,0,0
eg2204,20220218,20220218,112456000,11:24:56,5009,14645,72344,728878000,0,0,0
eg2204,20220218,20220218,112459500,11:24:59,5009,14645,72344,728878000,0,0,0
eg2204,20220218,20220218,112500500,11:25:01,5009,14645,72344,728878000,0,0,0
eg2204,20220218,20220218,112501000,11:25:02,5009,14645,72344,728878000,0,0,0
eg2204,20220218,20220218,112501500,11:25:04,5009,14645,72344,728878000,0,0,0
eg2204,20220218,20220218,112502000,11:25:05,5009,14645,72344,728878000,0,0,0
eg2204,20220218,20220218,112502500,11:25:06,5009,14645,72344,728878000,0,0,0
eg2204,20220218,20220218,112504500,11:25:06,5009,14645,72344,728878000,0,0,0
eg2204,20220218,20220218,112505000,11:25:06,5009,14645,72344,728878000,0,0,0
eg2204,20220218,20220218,112505500,11:25:06,5012,14646,72344,728928120,1,0,50120
eg2204,20220218,20220218,112506000,11:25:06,5012,14650,72344,729128600,4,0,200480
eg2204,20220218,20220218,112506500,11:25:07,5012,14650,72344,729128600,0,0,0
eg2204,20220218,20220218,112507000,11:25:07,5012,14650,72344,729128600,0,0,0
eg2204,20220218,20220218,112508000,11:25:08,5012,14652,72342,729228840,2,-2,100240
eg2204,20220218,20220218,112508500,11:25:08,5012,14654,72340,729329080,2,-2,100240
eg2204,20220218,20220218,112509000,11:25:09,5012,14654,72340,729329080,0,0,0
eg2204,20220218,20220218,112509500,11:25:09,5012,14654,72340,729329080,0,0,0
eg2204,20220218,20220218,112510000,11:25:10,5012,14654,72340,729329080,0,0,0
eg2204,20220218,20220218,112510500,11:25:10,5012,14654,72340,729329080,0,0,0
eg2204,20220218,20220218,112511000,11:25:11,5012,14654,72340,729329080,0,0,0
eg2204,20220218,20220218,112512000,11:25:12,5012,14654,72340,729329080,0,0,0
eg2204,20220218,20220218,112512500,11:25:12,5012,14654,72340,729329080,0,0,0
eg2204,20220218,20220218,112513000,11:25:13,5012,14654,72340,729329080,0,0,0
eg2204,20220218,20220218,112513500,11:25:15,5012,14654,72340,729329080,0,0,0
eg2204,20220218,20220218,112515000,11:25:16,5012,14654,72340,729329080,0,0,0
eg2204,20220218,20220218,112516500,11:25:16,5012,14654,72340,729329080,0,0,0
eg2204,20220218,20220218,112517000,11:25:18,5012,14654,72340,729329080,0,0,0
eg2204,20220218,20220218,112517500,11:25:18,5012,14654,72340,729329080,0,0,0
eg2204,20220218,20220218,112518000,11:25:19,5012,14654,72340,729329080,0,0,0
eg2204,20220218,20220218,112519000,11:25:19,5012,14654,72340,729329080,0,0,0
eg2204,20220218,20220218,112519500,11:25:20,5012,14654,72340,729329080,0,0,0
eg2204,20220218,20220218,112522000,11:25:22,5012,14654,72340,729329080,0,0,0
eg2204,20220218,20220218,112522500,11:25:23,5012,14654,72340,729329080,0,0,0
eg2204,20220218,20220218,112523000,11:25:23,5012,14654,72340,729329080,0,0,0
eg2204,20220218,20220218,112523500,11:25:24,5012,14654,72340,729329080,0,0,0
eg2204,20220218,20220218,112524000,11:25:25,5012,14654,72340,729329080,0,0,0
eg2204,20220218,20220218,112524500,11:25:25,5012,14654,72340,729329080,0,0,0
eg2204,20220218,20220218,112525000,11:25:25,5012,14654,72340,729329080,0,0,0
eg2204,20220218,20220218,112525500,11:25:26,5012,14654,72340,729329080,0,0,0
eg2204,20220218,20220218,112526000,11:25:26,5012,14654,72340,729329080,0,0,0
eg2204,20220218,20220218,112526500,11:25:27,5012,14654,72340,729329080,0,0,0
eg2204,20220218,20220218,112527000,11:25:28,5012,14654,72340,729329080,0,0,0
eg2204,20220218,20220218,112528500,11:25:28,5012,14654,72340,729329080,0,0,0
eg2204,20220218,20220218,112529000,11:25:29,5012,14654,72340,729329080,0,0,0
eg2204,20220218,20220218,112529500,11:25:30,5010,14655,72339,729379180,1,-1,50100
eg2204,20220218,20220218,112530000,11:25:31,5010,14655,72339,729379180,0,0,0
eg2204,20220218,20220218,112530500,11:25:31,5009,14658,72339,729529450,3,0,150270
eg2204,20220218,20220218,112531000,11:25:31,5008,14660,72337,729629610,2,-2,100160
eg2204,20220218,20220218,112531500,11:25:32,5008,14660,72337,729629610,0,0,0
eg2204,20220218,20220218,112532000,11:25:32,5008,14660,72337,729629610,0,0,0
eg2204,20220218,20220218,112532500,11:25:33,5008,14660,72337,729629610,0,0,0
eg2204,20220218,20220218,112533000,11:25:33,5008,14660,72337,729629610,0,0,0
eg2204,20220218,20220218,112533500,11:25:33,5009,14661,72337,729679700,1,0,50090
eg2204,20220218,20220218,112534000,11:25:34,5009,14661,72337,729679700,0,0,0
eg2204,20220218,20220218,112534500,11:25:36,5009,14661,72337,729679700,0,0,0
eg2204,20220218,20220218,112535000,11:25:36,5009,14662,72337,729729790,1,0,50090
eg2204,20220218,20220218,112535500,11:25:37,5009,14662,72337,729729790,0,0,0
eg2204,20220218,20220218,112536000,11:25:37,5009,14662,72337,729729790,0,0,0
eg2204,20220218,20220218,112536500,11:25:37,5009,14662,72337,729729790,0,0,0
eg2204,20220218,20220218,112537000,11:25:38,5009,14662,72337,729729790,0,0,0
eg2204,20220218,20220218,112537500,11:25:38,5009,14662,72337,729729790,0,0,0
eg2204,20220218,20220218,112538000,11:25:38,5009,14662,72337,729729790,0,0,0
eg2204,20220218,20220218,112541000,11:25:41,5009,14662,72337,729729790,0,0,0
eg2204,20220218,20220218,112541500,11:25:41,5009,14662,72337,729729790,0,0,0
eg2204,20220218,20220218,112542000,11:25:42,5009,14662,72337,729729790,0,0,0
eg2204,20220218,20220218,112542500,11:25:43,5009,14662,72337,729729790,0,0,0
eg2204,20220218,20220218,112543000,11:25:43,5009,14662,72337,729729790,0,0,0
eg2204,20220218,20220218,112543500,11:25:43,5009,14662,72337,729729790,0,0,0
eg2204,20220218,20220218,112544500,11:25:44,5009,14662,72337,729729790,0,0,0
eg2204,20220218,20220218,112545000,11:25:45,5009,14662,72337,729729790,0,0,0
eg2204,20220218,20220218,112545500,11:25:46,5009,14662,72337,729729790,0,0,0
eg2204,20220218,20220218,112546000,11:25:47,5009,14662,72337,729729790,0,0,0
eg2204,20220218,20220218,112546500,11:25:47,5009,14662,72337,729729790,0,0,0
eg2204,20220218,20220218,112547000,11:25:48,5009,14662,72337,729729790,0,0,0
eg2204,20220218,20220218,112547500,11:25:48,5009,14662,72337,729729790,0,0,0
eg2204,20220218,20220218,112548000,11:25:48,5009,14662,72337,729729790,0,0,0
eg2204,20220218,20220218,112548500,11:25:48,5009,14662,72337,729729790,0,0,0
eg2204,20220218,20220218,112550000,11:25:50,5009,14662,72337,729729790,0,0,0
eg2204,20220218,20220218,112550500,11:25:51,5009,14662,72337,729729790,0,0,0
eg2204,20220218,20220218,112551000,11:25:51,5009,14662,72337,729729790,0,0,0
eg2204,20220218,20220218,112551500,11:25:51,5009,14662,72337,729729790,0,0,0
eg2204,20220218,20220218,112552000,11:25:52,5009,14662,72337,729729790,0,0,0
eg2204,20220218,20220218,112552500,11:25:53,5009,14662,72337,729729790,0,0,0
eg2204,20220218,20220218,112553000,11:25:53,5009,14662,72337,729729790,0,0,0
eg2204,20220218,20220218,112553500,11:25:54,5009,14662,72337,729729790,0,0,0
eg2204,20220218,20220218,112554000,11:25:54,5009,14662,72337,729729790,0,0,0
eg2204,20220218,20220218,112554500,11:25:55,5009,14662,72337,729729790,0,0,0
eg2204,20220218,20220218,112555000,11:25:55,5009,14662,72337,729729790,0,0,0
eg2204,20220218,20220218,112555500,11:25:57,5009,14662,72337,729729790,0,0,0
eg2204,20220218,20220218,112556000,11:25:57,5013,14664,72338,729830050,2,1,100260
eg2204,20220218,20220218,112556500,11:25:57,5013,14664,72338,729830050,0,0,0
eg2204,20220218,20220218,112557000,11:25:57,5013,14664,72338,729830050,0,0,0
eg2204,20220218,20220218,112557500,11:25:57,5013,14664,72338,729830050,0,0,0
eg2204,20220218,20220218,112558000,11:25:59,5013,14664,72338,729830050,0,0,0
eg2204,20220218,20220218,112558500,11:25:59,5013,14664,72338,729830050,0,0,0
eg2204,20220218,20220218,112559000,11:26:00,5013,14664,72338,729830050,0,0,0
eg2204,20220218,20220218,112559500,11:26:00,5013,14664,72338,729830050,0,0,0
eg2204,20220218,20220218,112600000,11:26:00,5013,14664,72338,729830050,0,0,0
eg2204,20220218,20220218,112600500,11:26:01,5013,14664,72338,729830050,0,0,0
eg2204,20220218,20220218,112601000,11:26:01,5013,14664,72338,729830050,0,0,0
eg2204,20220218,20220218,112601500,11:26:03,5013,14664,72338,729830050,0,0,0
eg2204,20220218,20220218,112602500,11:26:03,5013,14664,72338,729830050,0,0,0
eg2204,20220218,20220218,112603000,11:26:03,5013,14664,72338,729830050,0,0,0
eg2204,20220218,20220218,112603500,11:26:04,5013,14664,72338,729830050,0,0,0
eg2204,20220218,20220218,112604000,11:26:05,5013,14664,72338,729830050,0,0,0
eg2204,20220218,20220218,112604500,11:26:05,5013,14664,72338,729830050,0,0,0
eg2204,20220218,20220218,112605000,11:26:05,5013,14664,72338,729830050,0,0,0
eg2204,20220218,20220218,112605500,11:26:06,5013,14664,72338,729830050,0,0,0
eg2204,20220218,20220218,112606000,11:26:06,5013,14664,72338,729830050,0,0,0
eg2204,20220218,20220218,112606500,11:26:07,5013,14664,72338,729830050,0,0,0
eg2204,20220218,20220218,112607000,11:26:09,5013,14664,72338,729830050,0,0,0
eg2204,20220218,20220218,112607500,11:26:09,5013,14664,72338,729830050,0,0,0
eg2204,20220218,20220218,112609000,11:26:10,5013,14664,72338,729830050,0,0,0
eg2204,20220218,20220218,112609500,11:26:10,5013,14664,72338,729830050,0,0,0
eg2204,20220218,20220218,112610000,11:26:10,5013,14664,72338,729830050,0,0,0
eg2204,20220218,20220218,112610500,11:26:11,5013,14664,72338,729830050,0,0,0
eg2204,20220218,20220218,112611000,11:26:11,5013,14664,72338,729830050,0,0,0
eg2204,20220218,20220218,112611500,11:26:13,5013,14664,72338,729830050,0,0,0
eg2204,20220218,20220218,112612500,11:26:15,5013,14664,72338,729830050,0,0,0
eg2204,20220218,20220218,112613000,11:26:15,5013,14664,72338,729830050,0,0,0
eg2204,20220218,20220218,112613500,11:26:15,5013,14664,72338,729830050,0,0,0
eg2204,20220218,20220218,112614500,11:26:16,5013,14664,72338,729830050,0,0,0
eg2204,20220218,20220218,112615000,11:26:16,5013,14664,72338,729830050,0,0,0
eg2204,20220218,20220218,112615500,11:26:16,5013,14664,72338,729830050,0,0,0
eg2204,20220218,20220218,112616000,11:26:16,5013,14664,72338,729830050,0,0,0
eg2204,20220218,20220218,112616500,11:26:17,5013,14664,72338,729830050,0,0,0
eg2204,20220218,20220218,112617000,11:26:17,5013,14664,72338,729830050,0,0,0
eg2204,20220218,20220218,112617500,11:26:17,5013,14664,72338,729830050,0,0,0
eg2204,20220218,20220218,112618000,11:26:18,5013,14664,72338,729830050,0,0,0
eg2204,20220218,20220218,112618500,11:26:19,5013,14664,72338,729830050,0,0,0
eg2204,20220218,20220218,112619000,11:26:19,5013,14664,72338,729830050,0,0,0
eg2204,20220218,20220218,112619500,11:26:20,5013,14664,72338,729830050,0,0,0
eg2204,20220218,20220218,112620000,11:26:20,5013,14664,72338,729830050,0,0,0
eg2204,20220218,20220218,112620500,11:26:20,5013,14664,72338,729830050,0,0,0
eg2204,20220218,20220218,112621000,11:26:21,5013,14664,72338,729830050,0,0,0
eg2204,20220218,20220218,112621500,11:26:21,5013,14664,72338,729830050,0,0,0
eg2204,20220218,20220218,112622000,11:26:22,5013,14664,72338,729830050,0,0,0
eg2204,20220218,20220218,112622500,11:26:23,5013,14664,72338,729830050,0,0,0
eg2204,20220218,20220218,112623000,11:26:23,5013,14664,72338,729830050,0,0,0
eg2204,20220218,20220218,112623500,11:26:23,5013,14664,72338,729830050,0,0,0
eg2204,20220218,20220218,112624000,11:26:24,5013,14664,72338,729830050,0,0,0
eg2204,20220218,20220218,112624500,11:26:24,5013,14664,72338,729830050,0,0,0
eg2204,20220218,20220218,112625000,11:26:25,5013,14664,72338,729830050,0,0,0
eg2204,20220218,20220218,112626000,11:26:26,5013,14664,72338,729830050,0,0,0
eg2204,20220218,20220218,112626500,11:26:27,5013,14664,72338,729830050,0,0,0
eg2204,20220218,20220218,112627500,11:26:27,5013,14664,72338,729830050,0,0,0
eg2204,20220218,20220218,112628000,11:26:28,5014,14665,72338,729880190,1,0,50140
eg2204,20220218,20220218,112628500,11:26:28,5014,14665,72338,729880190,0,0,0
eg2204,20220218,20220218,112629000,11:26:30,5014,14665,72338,729880190,0,0,0
eg2204,20220218,20220218,112629500,11:26:31,5014,14665,72338,729880190,0,0,0
eg2204,20220218,20220218,112630000,11:26:31,5014,14665,72338,729880190,0,0,0
eg2204,20220218,20220218,112630500,11:26:31,5014,14665,72338,729880190,0,0,0
eg2204,20220218,20220218,112631000,11:26:31,5014,14665,72338,729880190,0,0,0
eg2204,20220218,20220218,112632000,11:26:32,5014,14665,72338,729880190,0,0,0
eg2204,20220218,20220218,112632500,11:26:32,5014,14665,72338,729880190,0,0,0
eg2204,20220218,20220218,112633000,11:26:33,5014,14665,72338,729880190,0,0,0
eg2204,20220218,20220218,112633500,11:26:34,5014,14665,72338,729880190,0,0,0
eg2204,20220218,20220218,112634000,11:26:35,5014,14665,72338,729880190,0,0,0
eg2204,20220218,20220218,112634500,11:26:37,5014,14665,72338,729880190,0,0,0
eg2204,20220218,20220218,112635000,11:26:37,5014,14665,72338,729880190,0,0,0
eg2204,20220218,20220218,112635500,11:26:38,5014,14665,72338,729880190,0,0,0
eg2204,20220218,20220218,112637000,11:26:39,5014,14665,72338,729880190,0,0,0
eg2204,20220218,20220218,112637500,11:26:54,5014,14665,72338,729880190,0,0,0
eg2204,20220218,20220218,112638000,11:27:10,5014,14665,72338,729880190,0,0,0
eg2204,20220218,20220218,112638500,11:27:10,5014,14665,72338,729880190,0,0,0
eg2204,20220218,20220218,112653500,11:27:11,5014,14665,72338,729880190,0,0,0
eg2204,20220218,20220218,112710000,11:27:12,5014,14665,72338,729880190,0,0,0
eg2204,20220218,20220218,112710500,11:27:12,5014,14665,72338,729880190,0,0,0
eg2204,20220218,20220218,112712000,11:27:12,5014,14665,72338,729880190,0,0,0
eg2204,20220218,20220218,112713000,11:27:14,5014,14665,72338,729880190,0,0,0
eg2204,20220218,20220218,112713500,11:27:14,5014,14665,72338,729880190,0,0,0
eg2204,20220218,20220218,112714000,11:27:15,5014,14665,72338,729880190,0,0,0
eg2204,20220218,20220218,112714500,11:27:15,5014,14665,72338,729880190,0,0,0
eg2204,20220218,20220218,112715000,11:27:16,5014,14665,72338,729880190,0,0,0
eg2204,20220218,20220218,112715500,11:27:16,5014,14665,72338,729880190,0,0,0
eg2204,20220218,20220218,112716000,11:27:17,5014,14665,72338,729880190,0,0,0
eg2204,20220218,20220218,112716500,11:27:17,5014,14665,72338,729880190,0,0,0
eg2204,20220218,20220218,112717000,11:27:17,5014,14665,72338,729880190,0,0,0
eg2204,20220218,20220218,112717500,11:27:17,5014,14665,72338,729880190,0,0,0
eg2204,20220218,20220218,112718000,11:27:18,5014,14665,72338,729880190,0,0,0
eg2204,20220218,20220218,112718500,11:27:19,5014,14665,72338,729880190,0,0,0
eg2204,20220218,20220218,112719500,11:27:20,5014,14665,72338,729880190,0,0,0
eg2204,20220218,20220218,112720000,11:27:20,5014,14665,72338,729880190,0,0,0
eg2204,20220218,20220218,112720500,11:27:21,5016,14688,72341,731033780,23,3,1153590
eg2204,20220218,20220218,112721000,11:27:21,5016,14690,72341,731134100,2,0,100320
eg2204,20220218,20220218,112721500,11:27:22,5016,14690,72341,731134100,0,0,0
eg2204,20220218,20220218,112722000,11:27:22,5016,14690,72341,731134100,0,0,0
eg2204,20220218,20220218,112722500,11:27:22,5016,14690,72341,731134100,0,0,0
eg2204,20220218,20220218,112723000,11:27:26,5016,14690,72341,731134100,0,0,0
eg2204,20220218,20220218,112723500,11:27:27,5016,14690,72341,731134100,0,0,0
eg2204,20220218,20220218,112726500,11:27:27,5016,14690,72341,731134100,0,0,0
eg2204,20220218,20220218,112727000,11:27:27,5016,14690,72341,731134100,0,0,0
eg2204,20220218,20220218,112727500,11:27:27,5016,14690,72341,731134100,0,0,0
eg2204,20220218,20220218,112728000,11:27:28,5016,14690,72341,731134100,0,0,0
eg2204,20220218,20220218,112728500,11:27:28,5016,14690,72341,731134100,0,0,0
eg2204,20220218,20220218,112729000,11:27:29,5016,14690,72341,731134100,0,0,0
eg2204,20220218,20220218,112729500,11:27:29,5016,14690,72341,731134100,0,0,0
eg2204,20220218,20220218,112730000,11:27:30,5016,14690,72341,731134100,0,0,0
eg2204,20220218,20220218,112730500,11:27:31,5016,14690,72341,731134100,0,0,0
eg2204,20220218,20220218,112731000,11:27:33,5016,14690,72341,731134100,0,0,0
eg2204,20220218,20220218,112731500,11:27:35,5016,14690,72341,731134100,0,0,0
eg2204,20220218,20220218,112732000,11:27:36,5016,14690,72341,731134100,0,0,0
eg2204,20220218,20220218,112735500,11:27:36,5016,14690,72341,731134100,0,0,0
eg2204,20220218,20220218,112736000,11:27:37,5016,14690,72341,731134100,0,0,0
eg2204,20220218,20220218,112738000,11:27:39,5016,14690,72341,731134100,0,0,0
eg2204,20220218,20220218,112745000,11:27:45,5016,14690,72341,731134100,0,0,0
eg2204,20220218,20220218,112745500,11:27:46,5016,14690,72341,731134100,0,0,0
eg2204,20220218,20220218,112747000,11:27:47,5013,14692,72342,731234370,2,1,100270
eg2204,20220218,20220218,112747500,11:27:47,5013,14692,72342,731234370,0,0,0
eg2204,20220218,20220218,112748000,11:27:53,5015,14697,72338,731485090,5,-4,250720
eg2204,20220218,20220218,112748500,11:27:54,5015,14697,72338,731485090,0,0,0
eg2204,20220218,20220218,112749000,11:27:54,5015,14697,72338,731485090,0,0,0
eg2204,20220218,20220218,112749500,11:27:54,5015,14697,72338,731485090,0,0,0
eg2204,20220218,20220218,112754000,11:27:54,5015,14697,72338,731485090,0,0,0
eg2204,20220218,20220218,112754500,11:27:54,5015,14697,72338,731485090,0,0,0
eg2204,20220218,20220218,112755000,11:27:55,5015,14697,72338,731485090,0,0,0
eg2204,20220218,20220218,112755500,11:27:55,5015,14697,72338,731485090,0,0,0
eg2204,20220218,20220218,112756000,11:27:56,5015,14697,72338,731485090,0,0,0
eg2204,20220218,20220218,112756500,11:27:56,5015,14697,72338,731485090,0,0,0
eg2204,20220218,20220218,112757000,11:27:57,5015,14697,72338,731485090,0,0,0
eg2204,20220218,20220218,112757500,11:27:57,5015,14697,72338,731485090,0,0,0
eg2204,20220218,20220218,112758000,11:27:58,5016,14703,72337,731786040,6,-1,300950
eg2204,20220218,20220218,112758500,11:27:59,5016,14703,72337,731786040,0,0,0
eg2204,20220218,20220218,112759000,11:27:59,5016,14707,72335,731986680,4,-2,200640
eg2204,20220218,20220218,112759500,11:27:59,5016,14707,72335,731986680,0,0,0
eg2204,20220218,20220218,112800000,11:28:00,5016,14707,72335,731986680,0,0,0
eg2204,20220218,20220218,112800500,11:28:01,5016,14707,72335,731986680,0,0,0
eg2204,20220218,20220218,112801000,11:28:01,5013,14710,72333,732137070,3,-2,150390
eg2204,20220218,20220218,112801500,11:28:02,5013,14710,72333,732137070,0,0,0
eg2204,20220218,20220218,112802000,11:28:03,5013,14710,72333,732137070,0,0,0
eg2204,20220218,20220218,112802500,11:28:03,5013,14710,72333,732137070,0,0,0
eg2204,20220218,20220218,112803000,11:28:04,5013,14710,72333,732137070,0,0,0
eg2204,20220218,20220218,112803500,11:28:04,5013,14710,72333,732137070,0,0,0
eg2204,20220218,20220218,112804000,11:28:04,5013,14710,72333,732137070,0,0,0
eg2204,20220218,20220218,112804500,11:28:05,5013,14710,72333,732137070,0,0,0
eg2204,20220218,20220218,112805000,11:28:06,5013,14710,72333,732137070,0,0,0
eg2204,20220218,20220218,112805500,11:28:06,5013,14710,72333,732137070,0,0,0
eg2204,20220218,20220218,112806000,11:28:10,5013,14710,72333,732137070,0,0,0
eg2204,20220218,20220218,112807500,11:28:11,5013,14710,72333,732137070,0,0,0
eg2204,20220218,20220218,112810000,11:28:11,5013,14710,72333,732137070,0,0,0
eg2204,20220218,20220218,112811500,11:28:12,5013,14710,72333,732137070,0,0,0
eg2204,20220218,20220218,112812000,11:28:13,5013,14710,72333,732137070,0,0,0
eg2204,20220218,20220218,112812500,11:28:13,5013,14710,72333,732137070,0,0,0
eg2204,20220218,20220218,112813500,11:28:14,5013,14710,72333,732137070,0,0,0
eg2204,20220218,20220218,112814000,11:28:14,5013,14710,72333,732137070,0,0,0
eg2204,20220218,20220218,112814500,11:28:14,5013,14710,72333,732137070,0,0,0
eg2204,20220218,20220218,112815000,11:28:15,5013,14710,72333,732137070,0,0,0
eg2204,20220218,20220218,112815500,11:28:15,5013,14710,72333,732137070,0,0,0
eg2204,20220218,20220218,112816500,11:28:16,5013,14710,72333,732137070,0,0,0
eg2204,20220218,20220218,112817000,11:28:17,5013,14710,72333,732137070,0,0,0
eg2204,20220218,20220218,112817500,11:28:17,5015,14711,72332,732187220,1,-1,50150
eg2204,20220218,20220218,112818000,11:28:18,5015,14711,72332,732187220,0,0,0
eg2204,20220218,20220218,112818500,11:28:18,5015,14711,72332,732187220,0,0,0
eg2204,20220218,20220218,112819000,11:28:19,5015,14711,72332,732187220,0,0,0
eg2204,20220218,20220218,112819500,11:28:19,5015,14711,72332,732187220,0,0,0
eg2204,20220218,20220218,112821000,11:28:21,5015,14711,72332,732187220,0,0,0
eg2204,20220218,20220218,112821500,11:28:22,5015,14711,72332,732187220,0,0,0
eg2204,20220218,20220218,112822000,11:28:22,5015,14711,72332,732187220,0,0,0
eg2204,20220218,20220218,112822500,11:28:22,5015,14711,72332,732187220,0,0,0
eg2204,20220218,20220218,112823000,11:28:23,5015,14711,72332,732187220,0,0,0
eg2204,20220218,20220218,112823500,11:28:24,5015,14711,72332,732187220,0,0,0
eg2204,20220218,20220218,112824000,11:28:24,5015,14711,72332,732187220,0,0,0
eg2204,20220218,20220218,112826500,11:28:27,5016,14712,72332,732237380,1,0,50160
eg2204,20220218,20220218,112827000,11:28:27,5016,14712,72332,732237380,0,0,0
eg2204,20220218,20220218,112827500,11:28:27,5016,14712,72332,732237380,0,0,0
eg2204,20220218,20220218,112828000,11:28:28,5016,14712,72332,732237380,0,0,0
eg2204,20220218,20220218,112828500,11:28:28,5016,14712,72332,732237380,0,0,0
eg2204,20220218,20220218,112829000,11:28:29,5016,14712,72332,732237380,0,0,0
eg2204,20220218,20220218,112829500,11:28:30,5016,14712,72332,732237380,0,0,0
eg2204,20220218,20220218,112830000,11:28:30,5016,14712,72332,732237380,0,0,0
eg2204,20220218,20220218,112830500,11:28:31,5016,14712,72332,732237380,0,0,0
eg2204,20220218,20220218,112831000,11:28:31,5016,14712,72332,732237380,0,0,0
eg2204,20220218,20220218,112831500,11:28:32,5016,14712,72332,732237380,0,0,0
eg2204,20220218,20220218,112833500,11:28:34,5016,14712,72332,732237380,0,0,0
eg2204,20220218,20220218,112834000,11:28:34,5016,14712,72332,732237380,0,0,0
eg2204,20220218,20220218,112834500,11:28:34,5016,14712,72332,732237380,0,0,0
eg2204,20220218,20220218,112835500,11:28:36,5016,14712,72332,732237380,0,0,0
eg2204,20220218,20220218,112836000,11:28:37,5016,14712,72332,732237380,0,0,0
eg2204,20220218,20220218,112836500,11:28:37,5016,14712,72332,732237380,0,0,0
eg2204,20220218,20220218,112837000,11:28:37,5016,14712,72332,732237380,0,0,0
eg2204,20220218,20220218,112837500,11:28:38,5016,14712,72332,732237380,0,0,0
eg2204,20220218,20220218,112838000,11:28:38,5016,14712,72332,732237380,0,0,0
eg2204,20220218,20220218,112838500,11:28:38,5016,14712,72332,732237380,0,0,0
eg2204,20220218,20220218,112839000,11:28:40,5016,14712,72332,732237380,0,0,0
eg2204,20220218,20220218,112839500,11:28:40,5016,14712,72332,732237380,0,0,0
eg2204,20220218,20220218,112841000,11:28:41,5016,14712,72332,732237380,0,0,0
eg2204,20220218,20220218,112842000,11:28:42,5016,14712,72332,732237380,0,0,0
eg2204,20220218,20220218,112842500,11:28:43,5016,14712,72332,732237380,0,0,0
eg2204,20220218,20220218,112843000,11:28:43,5016,14712,72332,732237380,0,0,0
eg2204,20220218,20220218,112843500,11:28:44,5016,14712,72332,732237380,0,0,0
eg2204,20220218,20220218,112844000,11:28:44,5016,14712,72332,732237380,0,0,0
eg2204,20220218,20220218,112845000,11:28:45,5016,14712,72332,732237380,0,0,0
eg2204,20220218,20220218,112845500,11:28:45,5016,14712,72332,732237380,0,0,0
eg2204,20220218,20220218,112846000,11:28:46,5016,14712,72332,732237380,0,0,0
eg2204,20220218,20220218,112846500,11:28:46,5016,14712,72332,732237380,0,0,0
eg2204,20220218,20220218,112847000,11:28:47,5016,14712,72332,732237380,0,0,0
eg2204,20220218,20220218,112847500,11:28:48,5016,14712,72332,732237380,0,0,0
eg2204,20220218,20220218,112848000,11:28:48,5016,14712,72332,732237380,0,0,0
eg2204,20220218,20220218,112849000,11:28:49,5015,14714,72330,732337680,2,-2,100300
eg2204,20220218,20220218,112849500,11:28:50,5015,14714,72330,732337680,0,0,0
eg2204,20220218,20220218,112850000,11:28:50,5015,14714,72330,732337680,0,0,0
eg2204,20220218,20220218,112857000,11:28:57,5015,14714,72330,732337680,0,0,0
eg2204,20220218,20220218,112857500,11:28:58,5015,14714,72330,732337680,0,0,0
eg2204,20220218,20220218,112858000,11:28:58,5015,14714,72330,732337680,0,0,0
eg2204,20220218,20220218,112858500,11:28:59,5015,14714,72330,732337680,0,0,0
eg2204,20220218,20220218,112859000,11:28:59,5015,14714,72330,732337680,0,0,0
eg2204,20220218,20220218,112859500,11:29:00,5015,14714,72330,732337680,0,0,0
eg2204,20220218,20220218,112900500,11:29:01,5015,14714,72330,732337680,0,0,0
eg2204,20220218,20220218,112901000,11:29:01,5015,14714,72330,732337680,0,0,0
eg2204,20220218,20220218,112901500,11:29:02,5015,14714,72330,732337680,0,0,0
eg2204,20220218,20220218,112902000,11:29:02,5015,14714,72330,732337680,0,0,0
eg2204,20220218,20220218,112902500,11:29:03,5015,14715,72329,732387830,1,-1,50150
eg2204,20220218,20220218,112903000,11:29:03,5015,14715,72329,732387830,0,0,0
eg2204,20220218,20220218,112903500,11:29:04,5015,14715,72329,732387830,0,0,0
eg2204,20220218,20220218,112904000,11:29:04,5015,14715,72329,732387830,0,0,0
eg2204,20220218,20220218,112904500,11:29:04,5015,14715,72329,732387830,0,0,0
eg2204,20220218,20220218,112905000,11:29:05,5015,14715,72329,732387830,0,0,0
eg2204,20220218,20220218,112905500,11:29:06,5015,14715,72329,732387830,0,0,0
eg2204,20220218,20220218,112906000,11:29:06,5015,14715,72329,732387830,0,0,0
eg2204,20220218,20220218,112907000,11:29:08,5015,14715,72329,732387830,0,0,0
eg2204,20220218,20220218,112907500,11:29:08,5015,14715,72329,732387830,0,0,0
eg2204,20220218,20220218,112908000,11:29:08,5015,14715,72329,732387830,0,0,0
eg2204,20220218,20220218,112908500,11:29:08,5015,14715,72329,732387830,0,0,0
eg2204,20220218,20220218,112909000,11:29:09,5015,14715,72329,732387830,0,0,0
eg2204,20220218,20220218,112909500,11:29:09,5015,14715,72329,732387830,0,0,0
eg2204,20220218,20220218,112910000,11:29:10,5015,14715,72329,732387830,0,0,0
eg2204,20220218,20220218,112910500,11:29:11,5015,14715,72329,732387830,0,0,0
eg2204,20220218,20220218,112911500,11:29:12,5015,14715,72329,732387830,0,0,0
eg2204,20220218,20220218,112912000,11:29:12,5015,14715,72329,732387830,0,0,0
eg2204,20220218,20220218,112912500,11:29:12,5015,14715,72329,732387830,0,0,0
eg2204,20220218,20220218,112913000,11:29:13,5015,14715,72329,732387830,0,0,0
eg2204,20220218,20220218,112914000,11:29:14,5015,14715,72329,732387830,0,0,0
eg2204,20220218,20220218,112914500,11:29:15,5015,14715,72329,732387830,0,0,0
eg2204,20220218,20220218,112915000,11:29:15,5015,14715,72329,732387830,0,0,0
eg2204,20220218,20220218,112916500,11:29:20,5015,14715,72329,732387830,0,0,0
eg2204,20220218,20220218,112917000,11:29:20,5015,14715,72329,732387830,0,0,0
eg2204,20220218,20220218,112920500,11:29:21,5015,14715,72329,732387830,0,0,0
eg2204,20220218,20220218,112921000,11:29:22,5015,14715,72329,732387830,0,0,0
eg2204,20220218,20220218,112921500,11:29:24,5015,14715,72329,732387830,0,0,0
eg2204,20220218,20220218,112922000,11:29:24,5015,14715,72329,732387830,0,0,0
eg2204,20220218,20220218,112922500,11:29:24,5015,14715,72329,732387830,0,0,0
eg2204,20220218,20220218,112923000,11:29:24,5015,14715,72329,732387830,0,0,0
eg2204,20220218,20220218,112924000,11:29:24,5015,14715,72329,732387830,0,0,0
eg2204,20220218,20220218,112924500,11:29:25,5015,14715,72329,732387830,0,0,0
eg2204,20220218,20220218,112925000,11:29:25,5015,14715,72329,732387830,0,0,0
eg2204,20220218,20220218,112925500,11:29:26,5015,14715,72329,732387830,0,0,0
eg2204,20220218,20220218,112926000,11:29:26,5015,14715,72329,732387830,0,0,0
eg2204,20220218,20220218,112926500,11:29:26,5015,14715,72329,732387830,0,0,0
eg2204,20220218,20220218,112927000,11:29:27,5015,14715,72329,732387830,0,0,0
eg2204,20220218,20220218,112928000,11:29:28,5015,14715,72329,732387830,0,0,0
eg2204,20220218,20220218,112928500,11:29:29,5015,14715,72329,732387830,0,0,0
eg2204,20220218,20220218,112930500,11:29:31,5015,14715,72329,732387830,0,0,0
eg2204,20220218,20220218,112931000,11:29:32,5015,14718,72328,732538310,3,-1,150480
eg2204,20220218,20220218,112931500,11:29:32,5015,14718,72328,732538310,0,0,0
eg2204,20220218,20220218,112932000,11:29:32,5015,14718,72328,732538310,0,0,0
eg2204,20220218,20220218,112932500,11:29:37,5015,14718,72328,732538310,0,0,0
eg2204,20220218,20220218,112933000,11:29:37,5015,14718,72328,732538310,0,0,0
eg2204,20220218,20220218,112936500,11:29:38,5015,14718,72328,732538310,0,0,0
eg2204,20220218,20220218,112937500,11:29:38,5015,14718,72328,732538310,0,0,0
eg2204,20220218,20220218,112938000,11:29:38,5015,14718,72328,732538310,0,0,0
eg2204,20220218,20220218,112938500,11:29:39,5015,14718,72328,732538310,0,0,0
eg2204,20220218,20220218,112940000,11:29:40,5015,14718,72328,732538310,0,0,0
eg2204,20220218,20220218,112943000,11:29:45,5015,14718,72328,732538310,0,0,0
eg2204,20220218,20220218,112950500,11:29:52,5015,14718,72328,732538310,0,0,0
eg2204,20220218,20220218,112951500,11:29:52,5015,14718,72328,732538310,0,0,0
eg2204,20220218,20220218,112952000,11:29:53,5015,14718,72328,732538310,0,0,0
eg2204,20220218,20220218,112953000,11:29:54,5015,14718,72328,732538310,0,0,0
eg2204,20220218,20220218,112955500,11:29:56,5015,14718,72328,732538310,0,0,0
eg2204,20220218,20220218,112957500,11:30:02,5015,14718,72328,732538310,0,0,0
eg2204,20220218,20220218,112959500,11:30:02,5013,14729,72329,733089940,11,1,551630
eg2204,20220218,20220218,113001000,11:30:03,5013,14729,72329,733089940,0,0,0
eg2204,20220218,20220218,133001500,13:30:02,5013,14729,72329,733089940,0,0,0
eg2204,20220218,20220218,133002000,13:30:08,5013,14729,72329,733089940,0,0,0
eg2204,20220218,20220218,133002500,13:30:10,5013,14729,72329,733089940,0,0,0
eg2204,20220218,20220218,133008000,13:30:10,5014,14750,72333,734143180,21,4,1053240
eg2204,20220218,20220218,133009500,13:30:10,5015,14751,72333,734193330,1,0,50150
eg2204,20220218,20220218,133010000,13:30:11,5015,14751,72333,734193330,0,0,0
eg2204,20220218,20220218,133010500,13:30:12,5014,14754,72333,734343740,3,0,150410
eg2204,20220218,20220218,133011000,13:30:13,5014,14754,72333,734343740,0,0,0
eg2204,20220218,20220218,133011500,13:30:13,5014,14754,72333,734343740,0,0,0
eg2204,20220218,20220218,133012500,13:30:13,5014,14754,72333,734343740,0,0,0
eg2204,20220218,20220218,133013000,13:30:14,5014,14754,72333,734343740,0,0,0
eg2204,20220218,20220218,133013500,13:30:14,5014,14754,72333,734343740,0,0,0
eg2204,20220218,20220218,133014000,13:30:16,5014,14754,72333,734343740,0,0,0
eg2204,20220218,20220218,133014500,13:30:17,5014,14754,72333,734343740,0,0,0
eg2204,20220218,20220218,133016500,13:30:18,5014,14754,72333,734343740,0,0,0
eg2204,20220218,20220218,133017000,13:30:18,5014,14754,72333,734343740,0,0,0
eg2204,20220218,20220218,133017500,13:30:19,5014,14754,72333,734343740,0,0,0
eg2204,20220218,20220218,133020500,13:30:21,5014,14756,72333,734444020,2,0,100280
eg2204,20220218,20220218,133023000,13:30:38,5014,14756,72333,734444020,0,0,0
eg2204,20220218,20220218,133038000,13:30:40,5014,14756,72333,734444020,0,0,0
eg2204,20220218,20220218,133038500,13:30:42,5014,14756,72333,734444020,0,0,0
eg2204,20220218,20220218,133040500,13:30:42,5014,14756,72333,734444020,0,0,0
eg2204,20220218,20220218,133041000,13:30:43,5014,14756,72333,734444020,0,0,0
eg2204,20220218,20220218,133047000,13:30:48,5018,14765,72331,734895560,9,-2,451540
eg2204,20220218,20220218,133047500,13:30:48,5018,14765,72331,734895560,0,0,0
eg2204,20220218,20220218,133048000,13:30:48,5018,14765,72331,734895560,0,0,0
eg2204,20220218,20220218,133048500,13:30:49,5018,14765,72331,734895560,0,0,0
eg2204,20220218,20220218,133049000,13:30:50,5018,14765,72331,734895560,0,0,0
eg2204,20220218,20220218,133049500,13:30:50,5018,14765,72331,734895560,0,0,0
eg2204,20220218,20220218,133050000,13:30:51,5018,14765,72331,734895560,0,0,0
eg2204,20220218,20220218,133050500,13:30:52,5018,14765,72331,734895560,0,0,0
eg2204,20220218,20220218,133051000,13:30:52,5018,14765,72331,734895560,0,0,0
eg2204,20220218,20220218,133051500,13:30:52,5018,14765,72331,734895560,0,0,0
eg2204,20220218,20220218,133052000,13:30:53,5018,14765,72331,734895560,0,0,0
eg2204,20220218,20220218,133052500,13:30:54,5018,14765,72331,734895560,0,0,0
eg2204,20220218,20220218,133053000,13:30:54,5018,14765,72331,734895560,0,0,0
eg2204,20220218,20220218,133053500,13:30:54,5018,14765,72331,734895560,0,0,0
eg2204,20220218,20220218,133054000,13:30:55,5018,14765,72331,734895560,0,0,0
eg2204,20220218,20220218,133054500,13:30:55,5021,14766,72330,734945770,1,-1,50210
eg2204,20220218,20220218,133055000,13:30:56,5021,14766,72330,734945770,0,0,0
eg2204,20220218,20220218,133055500,13:30:56,5021,14766,72330,734945770,0,0,0
eg2204,20220218,20220218,133056000,13:30:57,5021,14766,72330,734945770,0,0,0
eg2204,20220218,20220218,133056500,13:30:57,5021,14766,72330,734945770,0,0,0
eg2204,20220218,20220218,133057000,13:30:58,5021,14766,72330,734945770,0,0,0
eg2204,20220218,20220218,133057500,13:30:58,5021,14766,72330,734945770,0,0,0
eg2204,20220218,20220218,133058000,13:30:58,5021,14766,72330,734945770,0,0,0
eg2204,20220218,20220218,133058500,13:30:59,5021,14766,72330,734945770,0,0,0
eg2204,20220218,20220218,133059000,13:30:59,5021,14766,72330,734945770,0,0,0
eg2204,20220218,20220218,133059500,13:31:00,5021,14766,72330,734945770,0,0,0
eg2204,20220218,20220218,133100000,13:31:00,5021,14766,72330,734945770,0,0,0
eg2204,20220218,20220218,133100500,13:31:00,5021,14766,72330,734945770,0,0,0
eg2204,20220218,20220218,133101000,13:31:01,5021,14766,72330,734945770,0,0,0
eg2204,20220218,20220218,133101500,13:31:01,5021,14766,72330,734945770,0,0,0
eg2204,20220218,20220218,133102000,13:31:02,5021,14766,72330,734945770,0,0,0
eg2204,20220218,20220218,133102500,13:31:03,5021,14766,72330,734945770,0,0,0
eg2204,20220218,20220218,133103000,13:31:03,5021,14766,72330,734945770,0,0,0
eg2204,20220218,20220218,133103500,13:31:05,5021,14766,72330,734945770,0,0,0
eg2204,20220218,20220218,133104000,13:31:06,5021,14766,72330,734945770,0,0,0
eg2204,20220218,20220218,133105500,13:31:08,5021,14766,72330,734945770,0,0,0
eg2204,20220218,20220218,133106000,13:31:08,5021,14766,72330,734945770,0,0,0
eg2204,20220218,20220218,133107000,13:31:08,5021,14766,72330,734945770,0,0,0
eg2204,20220218,20220218,133107500,13:31:09,5021,14766,72330,734945770,0,0,0
eg2204,20220218,20220218,133108500,13:31:09,5021,14766,72330,734945770,0,0,0
eg2204,20220218,20220218,133109000,13:31:10,5021,14766,72330,734945770,0,0,0
eg2204,20220218,20220218,133109500,13:31:10,5021,14766,72330,734945770,0,0,0
eg2204,20220218,20220218,133110000,13:31:11,5021,14766,72330,734945770,0,0,0
eg2204,20220218,20220218,133110500,13:31:11,5021,14766,72330,734945770,0,0,0
eg2204,20220218,20220218,133111000,13:31:12,5021,14766,72330,734945770,0,0,0
eg2204,20220218,20220218,133111500,13:31:12,5021,14766,72330,734945770,0,0,0
eg2204,20220218,20220218,133112500,13:31:13,5021,14766,72330,734945770,0,0,0
eg2204,20220218,20220218,133113000,13:31:13,5021,14766,72330,734945770,0,0,0
eg2204,20220218,20220218,133113500,13:31:15,5021,14766,72330,734945770,0,0,0
eg2204,20220218,20220218,133114000,13:31:15,5021,14766,72330,734945770,0,0,0
eg2204,20220218,20220218,133114500,13:31:15,5021,14766,72330,734945770,0,0,0
eg2204,20220218,20220218,133115500,13:31:16,5021,14766,72330,734945770,0,0,0
eg2204,20220218,20220218,133116000,13:31:16,5021,14766,72330,734945770,0,0,0
eg2204,20220218,20220218,133116500,13:31:17,5021,14766,72330,734945770,0,0,0
eg2204,20220218,20220218,133117000,13:31:18,5021,14766,72330,734945770,0,0,0
eg2204,20220218,20220218,133117500,13:31:18,5021,14766,72330,734945770,0,0,0
eg2204,20220218,20220218,133118000,13:31:19,5021,14766,72330,734945770,0,0,0
eg2204,20220218,20220218,133118500,13:31:19,5021,14766,72330,734945770,0,0,0
eg2204,20220218,20220218,133119000,13:31:20,5021,14766,72330,734945770,0,0,0
eg2204,20220218,20220218,133119500,13:31:20,5021,14766,72330,734945770,0,0,0
eg2204,20220218,20220218,133120000,13:31:20,5021,14766,72330,734945770,0,0,0
eg2204,20220218,20220218,133120500,13:31:21,5021,14766,72330,734945770,0,0,0
eg2204,20220218,20220218,133121000,13:31:21,5021,14766,72330,734945770,0,0,0
eg2204,20220218,20220218,133121500,13:31:22,5021,14766,72330,734945770,0,0,0
eg2204,20220218,20220218,133122000,13:31:23,5021,14766,72330,734945770,0,0,0
eg2204,20220218,20220218,133122500,13:31:23,5021,14766,72330,734945770,0,0,0
eg2204,20220218,20220218,133123000,13:31:25,5021,14766,72330,734945770,0,0,0
eg2204,20220218,20220218,133123500,13:31:25,5021,14766,72330,734945770,0,0,0
eg2204,20220218,20220218,133124500,13:31:25,5021,14766,72330,734945770,0,0,0
eg2204,20220218,20220218,133159000,13:31:59,5021,14766,72330,734945770,0,0,0
eg2204,20220218,20220218,133159500,13:32:00,5021,14766,72330,734945770,0,0,0
eg2204,20220218,20220218,133200500,13:32:01,5021,14766,72330,734945770,0,0,0
eg2204,20220218,20220218,133201000,13:32:01,5021,14766,72330,734945770,0,0,0
eg2204,20220218,20220218,133201500,13:32:01,5021,14766,72330,734945770,0,0,0
eg2204,20220218,20220218,133202000,13:32:03,5021,14766,72330,734945770,0,0,0
eg2204,20220218,20220218,133202500,13:32:04,5021,14766,72330,734945770,0,0,0
eg2204,20220218,20220218,133203000,13:32:04,5021,14766,72330,734945770,0,0,0
eg2204,20220218,20220218,133203500,13:32:05,5021,14766,72330,734945770,0,0,0
eg2204,20220218,20220218,133205000,13:32:06,5021,14766,72330,734945770,0,0,0
eg2204,20220218,20220218,133205500,13:32:06,5021,14766,72330,734945770,0,0,0
eg2204,20220218,20220218,133206500,13:32:07,5021,14766,72330,734945770,0,0,0
eg2204,20220218,20220218,133209000,13:32:10,5021,14766,72330,734945770,0,0,0
eg2204,20220218,20220218,133209500,13:32:10,5020,14828,72326,738058180,62,-4,3112410
eg2204,20220218,20220218,133210000,13:32:12,5019,14835,72329,738409540,7,3,351360
eg2204,20220218,20220218,133210500,13:32:13,5019,14835,72329,738409540,0,0,0
eg2204,20220218,20220218,133211000,13:32:14,5019,14835,72329,738409540,0,0,0
eg2204,20220218,20220218,133213000,13:32:15,5019,14835,72329,738409540,0,0,0
eg2204,20220218,20220218,133214000,13:32:15,5019,14835,72329,738409540,0,0,0
eg2204,20220218,20220218,133215000,13:32:16,5019,14835,72329,738409540,0,0,0
eg2204,20220218,20220218,133215500,13:32:16,5019,14835,72329,738409540,0,0,0
eg2204,20220218,20220218,133216500,13:32:17,5019,14835,72329,738409540,0,0,0
eg2204,20220218,20220218,133217000,13:32:18,5019,14835,72329,738409540,0,0,0
eg2204,20220218,20220218,133217500,13:32:18,5019,14835,72329,738409540,0,0,0
eg2204,20220218,20220218,133218000,13:32:18,5019,14835,72329,738409540,0,0,0
eg2204,20220218,20220218,133219000,13:32:20,5019,14835,72329,738409540,0,0,0
eg2204,20220218,20220218,133219500,13:32:20,5019,14835,72329,738409540,0,0,0
eg2204,20220218,20220218,133220000,13:32:21,5019,14835,72329,738409540,0,0,0
eg2204,20220218,20220218,133220500,13:32:21,5019,14835,72329,738409540,0,0,0
eg2204,20220218,20220218,133221000,13:32:21,5019,14835,72329,738409540,0,0,0
eg2204,20220218,20220218,133221500,13:32:22,5019,14835,72329,738409540,0,0,0
eg2204,20220218,20220218,133222000,13:32:23,5019,14835,72329,738409540,0,0,0
eg2204,20220218,20220218,133222500,13:32:24,5024,14857,72319,739514420,22,-10,1104880
eg2204,20220218,20220218,133223000,13:32:24,5024,14857,72319,739514420,0,0,0
eg2204,20220218,20220218,133223500,13:32:24,5024,14857,72319,739514420,0,0,0
eg2204,20220218,20220218,133224000,13:32:24,5024,14866,72314,739966580,9,-5,452160
eg2204,20220218,20220218,133224500,13:32:25,5024,14866,72314,739966580,0,0,0
eg2204,20220218,20220218,133225000,13:32:25,5024,14866,72314,739966580,0,0,0
eg2204,20220218,20220218,133225500,13:32:26,5023,14867,72313,740016810,1,-1,50230
eg2204,20220218,20220218,133226000,13:32:27,5023,14867,72313,740016810,0,0,0
eg2204,20220218,20220218,133226500,13:32:27,5023,14867,72313,740016810,0,0,0
eg2204,20220218,20220218,133227000,13:32:27,5023,14867,72313,740016810,0,0,0
eg2204,20220218,20220218,133227500,13:32:31,5023,14867,72313,740016810,0,0,0
eg2204,20220218,20220218,133228500,13:32:32,5023,14867,72313,740016810,0,0,0
eg2204,20220218,20220218,133229000,13:32:33,5023,14867,72313,740016810,0,0,0
eg2204,20220218,20220218,133231500,13:32:35,5023,14867,72313,740016810,0,0,0
eg2204,20220218,20220218,133234500,13:32:35,5023,14867,72313,740016810,0,0,0
eg2204,20220218,20220218,133235000,13:32:36,5023,14867,72313,740016810,0,0,0
eg2204,20220218,20220218,133235500,13:32:36,5023,14867,72313,740016810,0,0,0
eg2204,20220218,20220218,133236000,13:32:37,5023,14867,72313,740016810,0,0,0
eg2204,20220218,20220218,133236500,13:32:37,5023,14867,72313,740016810,0,0,0
eg2204,20220218,20220218,133237000,13:32:37,5023,14867,72313,740016810,0,0,0
eg2204,20220218,20220218,133237500,13:32:38,5023,14867,72313,740016810,0,0,0
eg2204,20220218,20220218,133238000,13:32:38,5023,14867,72313,740016810,0,0,0
eg2204,20220218,20220218,133238500,13:32:39,5023,14867,72313,740016810,0,0,0
eg2204,20220218,20220218,133239000,13:32:39,5023,14867,72313,740016810,0,0,0
eg2204,20220218,20220218,133239500,13:32:40,5020,14910,72318,742175840,43,5,2159030
eg2204,20220218,20220218,133240000,13:32:40,5020,14924,72312,742878600,14,-6,702760
eg2204,20220218,20220218,133240500,13:32:41,5020,14927,72309,743029200,3,-3,150600
eg2204,20220218,20220218,133241000,13:32:41,5020,14927,72309,743029200,0,0,0
eg2204,20220218,20220218,133241500,13:32:42,5020,14927,72309,743029200,0,0,0
eg2204,20220218,20220218,133242000,13:32:42,5020,14927,72309,743029200,0,0,0
eg2204,20220218,20220218,133242500,13:32:42,5019,14928,72310,743079390,1,1,50190
eg2204,20220218,20220218,133243000,13:32:43,5019,14928,72310,743079390,0,0,0
eg2204,20220218,20220218,133243500,13:32:43,5019,14928,72310,743079390,0,0,0
eg2204,20220218,20220218,133244000,13:32:44,5019,14928,72310,743079390,0,0,0
eg2204,20220218,20220218,133244500,13:32:45,5019,14928,72310,743079390,0,0,0
eg2204,20220218,20220218,133245000,13:32:45,5019,14928,72310,743079390,0,0,0
eg2204,20220218,20220218,133245500,13:32:45,5019,14928,72310,743079390,0,0,0
eg2204,20220218,20220218,133246000,13:32:47,5019,14928,72310,743079390,0,0,0
eg2204,20220218,20220218,133246500,13:32:47,5019,14928,72310,743079390,0,0,0
eg2204,20220218,20220218,133247000,13:32:47,5019,14928,72310,743079390,0,0,0
eg2204,20220218,20220218,133247500,13:32:48,5019,14928,72310,743079390,0,0,0
eg2204,20220218,20220218,133248000,13:32:49,5019,14928,72310,743079390,0,0,0
eg2204,20220218,20220218,133248500,13:32:49,5019,14928,72310,743079390,0,0,0
eg2204,20220218,20220218,133249000,13:32:49,5019,14928,72310,743079390,0,0,0
eg2204,20220218,20220218,133249500,13:32:50,5019,14928,72310,743079390,0,0,0
eg2204,20220218,20220218,133250000,13:32:50,5019,14928,72310,743079390,0,0,0
eg2204,20220218,20220218,133250500,13:32:52,5019,14928,72310,743079390,0,0,0
eg2204,20220218,20220218,133251000,13:32:53,5019,14928,72310,743079390,0,0,0
eg2204,20220218,20220218,133251500,13:32:53,5019,14928,72310,743079390,0,0,0
eg2204,20220218,20220218,133252500,13:32:53,5019,14928,72310,743079390,0,0,0
eg2204,20220218,20220218,133253000,13:32:53,5019,14928,72310,743079390,0,0,0
eg2204,20220218,20220218,133253500,13:32:54,5019,14928,72310,743079390,0,0,0
eg2204,20220218,20220218,133254000,13:32:54,5019,14928,72310,743079390,0,0,0
eg2204,20220218,20220218,133254500,13:32:55,5019,14928,72310,743079390,0,0,0
eg2204,20220218,20220218,133255000,13:32:55,5019,14928,72310,743079390,0,0,0
eg2204,20220218,20220218,133255500,13:32:55,5019,14928,72310,743079390,0,0,0
eg2204,20220218,20220218,133256000,13:32:56,5019,14928,72310,743079390,0,0,0
eg2204,20220218,20220218,133256500,13:32:57,5019,14928,72310,743079390,0,0,0
eg2204,20220218,20220218,133257000,13:32:59,5019,14928,72310,743079390,0,0,0
eg2204,20220218,20220218,133257500,13:33:00,5019,14928,72310,743079390,0,0,0
eg2204,20220218,20220218,133259500,13:33:01,5019,14928,72310,743079390,0,0,0
eg2204,20220218,20220218,133300500,13:33:01,5019,14928,72310,743079390,0,0,0
eg2204,20220218,20220218,133302000,13:33:03,5019,14928,72310,743079390,0,0,0
eg2204,20220218,20220218,133302500,13:33:03,5019,14928,72310,743079390,0,0,0
eg2204,20220218,20220218,133303000,13:33:04,5019,14928,72310,743079390,0,0,0
eg2204,20220218,20220218,133303500,13:33:04,5019,14928,72310,743079390,0,0,0
eg2204,20220218,20220218,133304500,13:33:05,5019,14928,72310,743079390,0,0,0
eg2204,20220218,20220218,133305000,13:33:05,5019,14928,72310,743079390,0,0,0
eg2204,20220218,20220218,133305500,13:33:06,5019,14928,72310,743079390,0,0,0
eg2204,20220218,20220218,133306000,13:33:06,5019,14928,72310,743079390,0,0,0
eg2204,20220218,20220218,133306500,13:33:06,5019,14928,72310,743079390,0,0,0
eg2204,20220218,20220218,133307000,13:33:07,5019,14928,72310,743079390,0,0,0
eg2204,20220218,20220218,133307500,13:33:08,5019,14928,72310,743079390,0,0,0
eg2204,20220218,20220218,133308000,13:33:08,5019,14928,72310,743079390,0,0,0
eg2204,20220218,20220218,133308500,13:33:09,5019,14928,72310,743079390,0,0,0
eg2204,20220218,20220218,133309000,13:33:09,5019,14928,72310,743079390,0,0,0
eg2204,20220218,20220218,133309500,13:33:11,5019,14928,72310,743079390,0,0,0
eg2204,20220218,20220218,133310000,13:33:11,5019,14928,72310,743079390,0,0,0
eg2204,20220218,20220218,133310500,13:33:12,5019,14928,72310,743079390,0,0,0
eg2204,20220218,20220218,133311000,13:33:13,5019,14928,72310,743079390,0,0,0
eg2204,20220218,20220218,133311500,13:33:14,5019,14928,72310,743079390,0,0,0
eg2204,20220218,20220218,133312000,13:33:14,5019,14928,72310,743079390,0,0,0
eg2204,20220218,20220218,133313500,13:33:15,5019,14928,72310,743079390,0,0,0
eg2204,20220218,20220218,133314000,13:33:17,5019,14928,72310,743079390,0,0,0
eg2204,20220218,20220218,133314500,13:33:17,5022,14949,72302,744133890,21,-8,1054500
eg2204,20220218,20220218,133315000,13:33:18,5022,14954,72306,744384990,5,4,251100
eg2204,20220218,20220218,133317000,13:33:18,5022,14954,72306,744384990,0,0,0
eg2204,20220218,20220218,133318000,13:33:19,5022,14954,72306,744384990,0,0,0
eg2204,20220218,20220218,133318500,13:33:19,5022,14954,72306,744384990,0,0,0
eg2204,20220218,20220218,133319000,13:33:20,5022,14954,72306,744384990,0,0,0
eg2204,20220218,20220218,133319500,13:33:20,5022,14954,72306,744384990,0,0,0
eg2204,20220218,20220218,133320000,13:33:21,5022,14954,72306,744384990,0,0,0
eg2204,20220218,20220218,133320500,13:33:22,5022,14954,72306,744384990,0,0,0
eg2204,20220218,20220218,133321000,13:33:22,5022,14954,72306,744384990,0,0,0
eg2204,20220218,20220218,133321500,13:33:22,5022,14954,72306,744384990,0,0,0
eg2204,20220218,20220218,133322000,13:33:22,5022,14954,72306,744384990,0,0,0
eg2204,20220218,20220218,133322500,13:33:22,5026,14978,72312,745590640,24,6,1205650
eg2204,20220218,20220218,133323000,13:33:23,5026,14998,72307,746595710,20,-5,1005070
eg2204,20220218,20220218,133323500,13:33:24,5026,15011,72307,747249090,13,0,653380
eg2204,20220218,20220218,133324000,13:33:24,5026,15011,72307,747249090,0,0,0
eg2204,20220218,20220218,133324500,13:33:25,5026,15011,72307,747249090,0,0,0
eg2204,20220218,20220218,133325000,13:33:26,5026,15011,72307,747249090,0,0,0
eg2204,20220218,20220218,133325500,13:33:26,5026,15011,72307,747249090,0,0,0
eg2204,20220218,20220218,133326000,13:33:28,5025,15012,72306,747299340,1,-1,50250
eg2204,20220218,20220218,133326500,13:33:29,5025,15012,72306,747299340,0,0,0
eg2204,20220218,20220218,133327000,13:33:29,5025,15012,72306,747299340,0,0,0
eg2204,20220218,20220218,133328500,13:33:30,5025,15012,72306,747299340,0,0,0
eg2204,20220218,20220218,133329000,13:33:30,5025,15012,72306,747299340,0,0,0
eg2204,20220218,20220218,133329500,13:33:30,5025,15012,72306,747299340,0,0,0
eg2204,20220218,20220218,133330000,13:33:30,5025,15012,72306,747299340,0,0,0
eg2204,20220218,20220218,133330500,13:33:31,5024,15018,72309,747600780,6,3,301440
eg2204,20220218,20220218,133331000,13:33:32,5024,15018,72309,747600780,0,0,0
eg2204,20220218,20220218,133331500,13:33:32,5024,15018,72309,747600780,0,0,0
eg2204,20220218,20220218,133332000,13:33:32,5024,15018,72309,747600780,0,0,0
eg2204,20220218,20220218,133333000,13:33:33,5024,15018,72309,747600780,0,0,0
eg2204,20220218,20220218,133333500,13:33:34,5024,15018,72309,747600780,0,0,0
eg2204,20220218,20220218,133334000,13:33:34,5024,15018,72309,747600780,0,0,0
eg2204,20220218,20220218,133334500,13:33:34,5024,15018,72309,747600780,0,0,0
eg2204,20220218,20220218,133335000,13:33:35,5024,15018,72309,747600780,0,0,0
eg2204,20220218,20220218,133335500,13:33:35,5024,15018,72309,747600780,0,0,0
eg2204,20220218,20220218,133336000,13:33:36,5024,15018,72309,747600780,0,0,0
eg2204,20220218,20220218,133337000,13:33:37,5024,15018,72309,747600780,0,0,0
eg2204,20220218,20220218,133337500,13:33:37,5024,15018,72309,747600780,0,0,0
eg2204,20220218,20220218,133338500,13:33:39,5024,15019,72308,747651020,1,-1,50240
eg2204,20220218,20220218,133339000,13:33:39,5024,15019,72308,747651020,0,0,0
eg2204,20220218,20220218,133340000,13:33:40,5024,15019,72308,747651020,0,0,0
eg2204,20220218,20220218,133340500,13:33:41,5024,15019,72308,747651020,0,0,0
eg2204,20220218,20220218,133341000,13:33:41,5024,15019,72308,747651020,0,0,0
eg2204,20220218,20220218,133341500,13:33:42,5024,15019,72308,747651020,0,0,0
eg2204,20220218,20220218,133342000,13:33:42,5024,15019,72308,747651020,0,0,0
eg2204,20220218,20220218,133342500,13:33:42,5024,15019,72308,747651020,0,0,0
eg2204,20220218,20220218,133343000,13:33:43,5024,15019,72308,747651020,0,0,0
eg2204,20220218,20220218,133343500,13:33:44,5024,15019,72308,747651020,0,0,0
eg2204,20220218,20220218,133345000,13:33:45,5024,15019,72308,747651020,0,0,0
eg2204,20220218,20220218,133345500,13:33:46,5024,15019,72308,747651020,0,0,0
eg2204,20220218,20220218,133346000,13:33:47,5024,15019,72308,747651020,0,0,0
eg2204,20220218,20220218,133347500,13:33:49,5024,15019,72308,747651020,0,0,0
eg2204,20220218,20220218,133348000,13:33:49,5024,15019,72308,747651020,0,0,0
eg2204,20220218,20220218,133348500,13:33:49,5024,15019,72308,747651020,0,0,0
eg2204,20220218,20220218,133349000,13:33:50,5024,15019,72308,747651020,0,0,0
eg2204,20220218,20220218,133349500,13:33:50,5024,15019,72308,747651020,0,0,0
eg2204,20220218,20220218,133350500,13:33:50,5024,15019,72308,747651020,0,0,0
eg2204,20220218,20220218,133351000,13:33:51,5024,15019,72308,747651020,0,0,0
eg2204,20220218,20220218,133351500,13:33:52,5024,15019,72308,747651020,0,0,0
eg2204,20220218,20220218,133352000,13:33:52,5024,15019,72308,747651020,0,0,0
eg2204,20220218,20220218,133352500,13:33:52,5024,15022,72308,747801740,3,0,150720
eg2204,20220218,20220218,133353000,13:33:53,5024,15022,72308,747801740,0,0,0
eg2204,20220218,20220218,133353500,13:33:53,5024,15022,72308,747801740,0,0,0
eg2204,20220218,20220218,133354000,13:33:54,5024,15022,72308,747801740,0,0,0
eg2204,20220218,20220218,133354500,13:33:55,5024,15022,72308,747801740,0,0,0
eg2204,20220218,20220218,133355000,13:33:56,5024,15022,72308,747801740,0,0,0
eg2204,20220218,20220218,133355500,13:33:56,5024,15022,72308,747801740,0,0,0
eg2204,20220218,20220218,133356000,13:33:57,5024,15022,72308,747801740,0,0,0
eg2204,20220218,20220218,133356500,13:33:57,5024,15022,72308,747801740,0,0,0
eg2204,20220218,20220218,133357000,13:33:58,5024,15022,72308,747801740,0,0,0
eg2204,20220218,20220218,133357500,13:33:58,5024,15022,72308,747801740,0,0,0
eg2204,20220218,20220218,133358000,13:33:58,5024,15022,72308,747801740,0,0,0
eg2204,20220218,20220218,133358500,13:33:59,5024,15022,72308,747801740,0,0,0
eg2204,20220218,20220218,133359000,13:33:59,5024,15022,72308,747801740,0,0,0
eg2204,20220218,20220218,133400000,13:34:00,5024,15022,72308,747801740,0,0,0
eg2204,20220218,20220218,133400500,13:34:00,5024,15022,72308,747801740,0,0,0
eg2204,20220218,20220218,133401000,13:34:02,5024,15022,72308,747801740,0,0,0
eg2204,20220218,20220218,133401500,13:34:02,5024,15022,72308,747801740,0,0,0
eg2204,20220218,20220218,133402500,13:34:10,5024,15022,72308,747801740,0,0,0
eg2204,20220218,20220218,133403000,13:34:11,5024,15022,72308,747801740,0,0,0
eg2204,20220218,20220218,133403500,13:34:11,5024,15022,72308,747801740,0,0,0
eg2204,20220218,20220218,133410000,13:34:12,5024,15022,72308,747801740,0,0,0
eg2204,20220218,20220218,133410500,13:34:12,5024,15022,72308,747801740,0,0,0
eg2204,20220218,20220218,133411500,13:34:12,5024,15022,72308,747801740,0,0,0
eg2204,20220218,20220218,133412000,13:34:13,5024,15022,72308,747801740,0,0,0
eg2204,20220218,20220218,133412500,13:34:13,5024,15022,72308,747801740,0,0,0
eg2204,20220218,20220218,133413000,13:34:13,5024,15022,72308,747801740,0,0,0
eg2204,20220218,20220218,133413500,13:34:14,5024,15022,72308,747801740,0,0,0
eg2204,20220218,20220218,133414000,13:34:14,5024,15022,72308,747801740,0,0,0
eg2204,20220218,20220218,133414500,13:34:15,5024,15022,72308,747801740,0,0,0
eg2204,20220218,20220218,133415000,13:34:15,5024,15022,72308,747801740,0,0,0
eg2204,20220218,20220218,133415500,13:34:16,5024,15022,72308,747801740,0,0,0
eg2204,20220218,20220218,133416000,13:34:16,5024,15022,72308,747801740,0,0,0
eg2204,20220218,20220218,133416500,13:34:17,5024,15022,72308,747801740,0,0,0
eg2204,20220218,20220218,133417000,13:34:17,5024,15022,72308,747801740,0,0,0
eg2204,20220218,20220218,133417500,13:34:17,5027,15034,72304,748404940,12,-4,603200
eg2204,20220218,20220218,133418000,13:34:18,5028,15087,72308,751069710,53,4,2664770
eg2204,20220218,20220218,133418500,13:34:19,5027,15088,72308,751119980,1,0,50270
eg2204,20220218,20220218,133419000,13:34:19,5027,15091,72305,751270790,3,-3,150810
eg2204,20220218,20220218,133419500,13:34:20,5027,15091,72305,751270790,0,0,0
eg2204,20220218,20220218,133420000,13:34:20,5027,15091,72305,751270790,0,0,0
eg2204,20220218,20220218,133420500,13:34:23,5027,15091,72305,751270790,0,0,0
eg2204,20220218,20220218,133421000,13:34:23,5027,15091,72305,751270790,0,0,0
eg2204,20220218,20220218,133421500,13:34:23,5027,15091,72305,751270790,0,0,0
eg2204,20220218,20220218,133423000,13:34:24,5027,15091,72305,751270790,0,0,0
eg2204,20220218,20220218,133423500,13:34:24,5027,15091,72305,751270790,0,0,0
eg2204,20220218,20220218,133424000,13:34:24,5027,15091,72305,751270790,0,0,0
eg2204,20220218,20220218,133424500,13:34:24,5027,15091,72305,751270790,0,0,0
eg2204,20220218,20220218,133425000,13:34:25,5028,15095,72301,751471910,4,-4,201120
eg2204,20220218,20220218,133425500,13:34:26,5028,15095,72301,751471910,0,0,0
eg2204,20220218,20220218,133426000,13:34:26,5029,15096,72301,751522200,1,0,50290
eg2204,20220218,20220218,133426500,13:34:26,5029,15096,72301,751522200,0,0,0
eg2204,20220218,20220218,133427000,13:34:27,5029,15096,72301,751522200,0,0,0
eg2204,20220218,20220218,133427500,13:34:27,5029,15096,72301,751522200,0,0,0
eg2204,20220218,20220218,133428000,13:34:28,5029,15096,72301,751522200,0,0,0
eg2204,20220218,20220218,133428500,13:34:29,5029,15096,72301,751522200,0,0,0
eg2204,20220218,20220218,133429000,13:34:29,5029,15096,72301,751522200,0,0,0
eg2204,20220218,20220218,133429500,13:34:29,5029,15096,72301,751522200,0,0,0
eg2204,20220218,20220218,133430000,13:34:30,5029,15096,72301,751522200,0,0,0
eg2204,20220218,20220218,133430500,13:34:30,5029,15096,72301,751522200,0,0,0
eg2204,20220218,20220218,133431000,13:34:31,5029,15096,72301,751522200,0,0,0
eg2204,20220218,20220218,133431500,13:34:31,5029,15096,72301,751522200,0,0,0
eg2204,20220218,20220218,133432000,13:34:32,5029,15096,72301,751522200,0,0,0
eg2204,20220218,20220218,133432500,13:34:32,5029,15096,72301,751522200,0,0,0
eg2204,20220218,20220218,133433000,13:34:33,5029,15096,72301,751522200,0,0,0
eg2204,20220218,20220218,133433500,13:34:34,5029,15096,72301,751522200,0,0,0
eg2204,20220218,20220218,133434000,13:34:34,5029,15096,72301,751522200,0,0,0
eg2204,20220218,20220218,133434500,13:34:35,5029,15096,72301,751522200,0,0,0
eg2204,20220218,20220218,133435000,13:34:35,5029,15096,72301,751522200,0,0,0
eg2204,20220218,20220218,133435500,13:34:36,5029,15096,72301,751522200,0,0,0
eg2204,20220218,20220218,133436000,13:34:36,5029,15096,72301,751522200,0,0,0
eg2204,20220218,20220218,133436500,13:34:36,5029,15096,72301,751522200,0,0,0
eg2204,20220218,20220218,133437000,13:34:37,5029,15096,72301,751522200,0,0,0
eg2204,20220218,20220218,133437500,13:34:38,5029,15096,72301,751522200,0,0,0
eg2204,20220218,20220218,133438000,13:34:38,5029,15096,72301,751522200,0,0,0
eg2204,20220218,20220218,133438500,13:34:39,5029,15096,72301,751522200,0,0,0
eg2204,20220218,20220218,133439000,13:34:39,5029,15096,72301,751522200,0,0,0
eg2204,20220218,20220218,133439500,13:34:40,5029,15096,72301,751522200,0,0,0
eg2204,20220218,20220218,133440500,13:34:41,5029,15096,72301,751522200,0,0,0
eg2204,20220218,20220218,133441000,13:34:41,5029,15096,72301,751522200,0,0,0
eg2204,20220218,20220218,133441500,13:34:43,5029,15096,72301,751522200,0,0,0
eg2204,20220218,20220218,133442000,13:34:44,5029,15096,72301,751522200,0,0,0
eg2204,20220218,20220218,133442500,13:34:44,5029,15096,72301,751522200,0,0,0
eg2204,20220218,20220218,133443000,13:34:45,5029,15096,72301,751522200,0,0,0
eg2204,20220218,20220218,133443500,13:34:45,5029,15096,72301,751522200,0,0,0
eg2204,20220218,20220218,133444000,13:34:45,5029,15096,72301,751522200,0,0,0
eg2204,20220218,20220218,133444500,13:34:46,5029,15096,72301,751522200,0,0,0
eg2204,20220218,20220218,133445000,13:34:46,5029,15096,72301,751522200,0,0,0
eg2204,20220218,20220218,133445500,13:34:46,5029,15096,72301,751522200,0,0,0
eg2204,20220218,20220218,133446000,13:34:46,5029,15096,72301,751522200,0,0,0
eg2204,20220218,20220218,133446500,13:34:47,5029,15096,72301,751522200,0,0,0
eg2204,20220218,20220218,133447000,13:34:47,5029,15096,72301,751522200,0,0,0
eg2204,20220218,20220218,133447500,13:34:47,5029,15096,72301,751522200,0,0,0
eg2204,20220218,20220218,133448000,13:34:48,5029,15096,72301,751522200,0,0,0
eg2204,20220218,20220218,133448500,13:34:49,5029,15096,72301,751522200,0,0,0
eg2204,20220218,20220218,133449000,13:34:49,5027,15102,72307,751823820,6,6,301620
eg2204,20220218,20220218,133449500,13:34:49,5027,15102,72307,751823820,0,0,0
eg2204,20220218,20220218,133450000,13:34:51,5027,15102,72307,751823820,0,0,0
eg2204,20220218,20220218,133450500,13:34:51,5027,15102,72307,751823820,0,0,0
eg2204,20220218,20220218,133451000,13:34:51,5027,15102,72307,751823820,0,0,0
eg2204,20220218,20220218,133451500,13:34:52,5027,15102,72307,751823820,0,0,0
eg2204,20220218,20220218,133452000,13:34:52,5027,15102,72307,751823820,0,0,0
eg2204,20220218,20220218,133452500,13:34:53,5026,15103,72308,751874080,1,1,50260
eg2204,20220218,20220218,133453000,13:34:53,5026,15103,72308,751874080,0,0,0
eg2204,20220218,20220218,133453500,13:34:56,5026,15103,72308,751874080,0,0,0
eg2204,20220218,20220218,133454000,13:34:56,5026,15103,72308,751874080,0,0,0
eg2204,20220218,20220218,133454500,13:34:56,5026,15103,72308,751874080,0,0,0
eg2204,20220218,20220218,133455500,13:34:56,5026,15103,72308,751874080,0,0,0
eg2204,20220218,20220218,133456000,13:34:57,5026,15103,72308,751874080,0,0,0
eg2204,20220218,20220218,133456500,13:34:57,5026,15103,72308,751874080,0,0,0
eg2204,20220218,20220218,133457000,13:34:57,5026,15103,72308,751874080,0,0,0
eg2204,20220218,20220218,133458000,13:34:58,5026,15103,72308,751874080,0,0,0
eg2204,20220218,20220218,133458500,13:34:59,5026,15103,72308,751874080,0,0,0
eg2204,20220218,20220218,133459000,13:34:59,5026,15103,72308,751874080,0,0,0
eg2204,20220218,20220218,133459500,13:35:00,5026,15103,72308,751874080,0,0,0
eg2204,20220218,20220218,133500000,13:35:00,5026,15103,72308,751874080,0,0,0
eg2204,20220218,20220218,133500500,13:35:00,5026,15103,72308,751874080,0,0,0
eg2204,20220218,20220218,133501000,13:35:04,5026,15103,72308,751874080,0,0,0
eg2204,20220218,20220218,133501500,13:35:05,5026,15103,72308,751874080,0,0,0
eg2204,20220218,20220218,133502000,13:35:10,5026,15103,72308,751874080,0,0,0
eg2204,20220218,20220218,133504500,13:35:10,5026,15103,72308,751874080,0,0,0
eg2204,20220218,20220218,133510000,13:35:10,5026,15103,72308,751874080,0,0,0
eg2204,20220218,20220218,133510500,13:35:11,5026,15103,72308,751874080,0,0,0
eg2204,20220218,20220218,133511000,13:35:11,5026,15103,72308,751874080,0,0,0
eg2204,20220218,20220218,133511500,13:35:12,5026,15103,72308,751874080,0,0,0
eg2204,20220218,20220218,133512000,13:35:13,5026,15103,72308,751874080,0,0,0
eg2204,20220218,20220218,133512500,13:35:13,5026,15103,72308,751874080,0,0,0
eg2204,20220218,20220218,133513000,13:35:13,5026,15103,72308,751874080,0,0,0
eg2204,20220218,20220218,133513500,13:35:14,5026,15103,72308,751874080,0,0,0
eg2204,20220218,20220218,133514000,13:35:14,5026,15103,72308,751874080,0,0,0
eg2204,20220218,20220218,133514500,13:35:15,5026,15103,72308,751874080,0,0,0
eg2204,20220218,20220218,133515000,13:35:15,5026,15103,72308,751874080,0,0,0
eg2204,20220218,20220218,133515500,13:35:16,5026,15103,72308,751874080,0,0,0
eg2204,20220218,20220218,133516000,13:35:16,5026,15103,72308,751874080,0,0,0
eg2204,20220218,20220218,133516500,13:35:17,5026,15103,72308,751874080,0,0,0
eg2204,20220218,20220218,133517000,13:35:17,5026,15103,72308,751874080,0,0,0
eg2204,20220218,20220218,133517500,13:35:18,5026,15103,72308,751874080,0,0,0
eg2204,20220218,20220218,133518000,13:35:19,5026,15103,72308,751874080,0,0,0
eg2204,20220218,20220218,133518500,13:35:19,5026,15103,72308,751874080,0,0,0
eg2204,20220218,20220218,133519000,13:35:19,5026,15103,72308,751874080,0,0,0
eg2204,20220218,20220218,133519500,13:35:20,5026,15103,72308,751874080,0,0,0
eg2204,20220218,20220218,133520000,13:35:20,5026,15103,72308,751874080,0,0,0
eg2204,20220218,20220218,133520500,13:35:21,5026,15103,72308,751874080,0,0,0
eg2204,20220218,20220218,133521000,13:35:21,5026,15103,72308,751874080,0,0,0
eg2204,20220218,20220218,133521500,13:35:22,5026,15103,72308,751874080,0,0,0
eg2204,20220218,20220218,133522000,13:35:22,5026,15103,72308,751874080,0,0,0
eg2204,20220218,20220218,133522500,13:35:23,5026,15103,72308,751874080,0,0,0
eg2204,20220218,20220218,133523000,13:35:23,5026,15103,72308,751874080,0,0,0
eg2204,20220218,20220218,133523500,13:35:23,5026,15103,72308,751874080,0,0,0
eg2204,20220218,20220218,133524000,13:35:25,5026,15103,72308,751874080,0,0,0
eg2204,20220218,20220218,133524500,13:35:25,5031,15105,72308,751974700,2,0,100620
eg2204,20220218,20220218,133525000,13:35:26,5032,15118,72315,752628860,13,7,654160
eg2204,20220218,20220218,133525500,13:35:26,5032,15129,72315,753182380,11,0,553520
eg2204,20220218,20220218,133526000,13:35:26,5032,15129,72315,753182380,0,0,0
eg2204,20220218,20220218,133526500,13:35:27,5032,15129,72315,753182380,0,0,0
eg2204,20220218,20220218,133527000,13:35:31,5032,15129,72315,753182380,0,0,0
eg2204,20220218,20220218,133527500,13:35:31,5032,15129,72315,753182380,0,0,0
eg2204,20220218,20220218,133528000,13:35:32,5032,15129,72315,753182380,0,0,0
eg2204,20220218,20220218,133528500,13:35:32,5032,15129,72315,753182380,0,0,0
eg2204,20220218,20220218,133531000,13:35:33,5032,15129,72315,753182380,0,0,0
eg2204,20220218,20220218,133531500,13:35:42,5036,15137,72314,753585260,8,-1,402880
eg2204,20220218,20220218,133532000,13:35:42,5035,15148,72311,754139190,11,-3,553930
eg2204,20220218,20220218,133540500,13:35:43,5035,15148,72311,754139190,0,0,0
eg2204,20220218,20220218,133542000,13:35:43,5035,15148,72311,754139190,0,0,0
eg2204,20220218,20220218,133542500,13:35:44,5035,15148,72311,754139190,0,0,0
eg2204,20220218,20220218,133543500,13:35:44,5035,15148,72311,754139190,0,0,0
eg2204,20220218,20220218,133544000,13:35:44,5035,15148,72311,754139190,0,0,0
eg2204,20220218,20220218,133544500,13:35:45,5035,15148,72311,754139190,0,0,0
eg2204,20220218,20220218,133545000,13:35:46,5035,15148,72311,754139190,0,0,0
eg2204,20220218,20220218,133545500,13:35:46,5035,15148,72311,754139190,0,0,0
eg2204,20220218,20220218,133546000,13:35:46,5035,15148,72311,754139190,0,0,0
eg2204,20220218,20220218,133546500,13:35:46,5035,15148,72311,754139190,0,0,0
eg2204,20220218,20220218,133547000,13:35:47,5035,15148,72311,754139190,0,0,0
eg2204,20220218,20220218,133547500,13:35:48,5035,15148,72311,754139190,0,0,0
eg2204,20220218,20220218,133548000,13:35:48,5035,15148,72311,754139190,0,0,0
eg2204,20220218,20220218,133548500,13:35:48,5035,15148,72311,754139190,0,0,0
eg2204,20220218,20220218,133549000,13:35:49,5035,15148,72311,754139190,0,0,0
eg2204,20220218,20220218,133549500,13:35:49,5035,15148,72311,754139190,0,0,0
eg2204,20220218,20220218,133550000,13:35:50,5035,15148,72311,754139190,0,0,0
eg2204,20220218,20220218,133550500,13:35:51,5035,15148,72311,754139190,0,0,0
eg2204,20220218,20220218,133551000,13:35:51,5035,15148,72311,754139190,0,0,0
eg2204,20220218,20220218,133551500,13:35:52,5035,15148,72311,754139190,0,0,0
eg2204,20220218,20220218,133552000,13:35:52,5035,15148,72311,754139190,0,0,0
eg2204,20220218,20220218,133552500,13:35:53,5035,15148,72311,754139190,0,0,0
eg2204,20220218,20220218,133553000,13:35:53,5035,15148,72311,754139190,0,0,0
eg2204,20220218,20220218,133553500,13:35:55,5035,15148,72311,754139190,0,0,0
eg2204,20220218,20220218,133554000,13:35:55,5035,15148,72311,754139190,0,0,0
eg2204,20220218,20220218,133554500,13:35:56,5035,15148,72311,754139190,0,0,0
eg2204,20220218,20220218,133555000,13:35:56,5035,15148,72311,754139190,0,0,0
eg2204,20220218,20220218,133555500,13:35:56,5035,15148,72311,754139190,0,0,0
eg2204,20220218,20220218,133556000,13:35:56,5035,15148,72311,754139190,0,0,0
eg2204,20220218,20220218,133556500,13:35:57,5035,15148,72311,754139190,0,0,0
eg2204,20220218,20220218,133557000,13:35:59,5035,15148,72311,754139190,0,0,0
eg2204,20220218,20220218,133557500,13:35:59,5035,15148,72311,754139190,0,0,0
eg2204,20220218,20220218,133558000,13:36:01,5035,15148,72311,754139190,0,0,0
eg2204,20220218,20220218,133558500,13:36:03,5035,15148,72311,754139190,0,0,0
eg2204,20220218,20220218,133559500,13:36:03,5035,15148,72311,754139190,0,0,0
eg2204,20220218,20220218,133600000,13:36:03,5035,15148,72311,754139190,0,0,0
eg2204,20220218,20220218,133601500,13:36:03,5035,15148,72311,754139190,0,0,0
eg2204,20220218,20220218,133602500,13:36:03,5035,15148,72311,754139190,0,0,0
eg2204,20220218,20220218,133603000,13:36:05,5035,15148,72311,754139190,0,0,0
eg2204,20220218,20220218,133603500,13:36:05,5035,15148,72311,754139190,0,0,0
eg2204,20220218,20220218,133605000,13:36:06,5035,15148,72311,754139190,0,0,0
eg2204,20220218,20220218,133605500,13:36:07,5035,15148,72311,754139190,0,0,0
eg2204,20220218,20220218,133606000,13:36:07,5035,15148,72311,754139190,0,0,0
eg2204,20220218,20220218,133606500,13:36:07,5035,15148,72311,754139190,0,0,0
eg2204,20220218,20220218,133607000,13:36:08,5035,15148,72311,754139190,0,0,0
eg2204,20220218,20220218,133607500,13:36:08,5035,15148,72311,754139190,0,0,0
eg2204,20220218,20220218,133608000,13:36:08,5035,15148,72311,754139190,0,0,0
eg2204,20220218,20220218,133608500,13:36:09,5035,15148,72311,754139190,0,0,0
eg2204,20220218,20220218,133609000,13:36:09,5035,15148,72311,754139190,0,0,0
eg2204,20220218,20220218,133609500,13:36:10,5035,15148,72311,754139190,0,0,0
eg2204,20220218,20220218,133610000,13:36:11,5035,15148,72311,754139190,0,0,0
eg2204,20220218,20220218,133610500,13:36:11,5035,15148,72311,754139190,0,0,0
eg2204,20220218,20220218,133611000,13:36:11,5035,15148,72311,754139190,0,0,0
eg2204,20220218,20220218,133611500,13:36:12,5035,15148,72311,754139190,0,0,0
eg2204,20220218,20220218,133612000,13:36:12,5035,15148,72311,754139190,0,0,0
eg2204,20220218,20220218,133612500,13:36:12,5035,15148,72311,754139190,0,0,0
eg2204,20220218,20220218,133613000,13:36:13,5035,15148,72311,754139190,0,0,0
eg2204,20220218,20220218,133613500,13:36:14,5035,15148,72311,754139190,0,0,0
eg2204,20220218,20220218,133614000,13:36:14,5035,15148,72311,754139190,0,0,0
eg2204,20220218,20220218,133614500,13:36:14,5035,15148,72311,754139190,0,0,0
eg2204,20220218,20220218,133615000,13:36:15,5035,15148,72311,754139190,0,0,0
eg2204,20220218,20220218,133615500,13:36:15,5035,15148,72311,754139190,0,0,0
eg2204,20220218,20220218,133616000,13:36:16,5035,15148,72311,754139190,0,0,0
eg2204,20220218,20220218,133616500,13:36:17,5035,15148,72311,754139190,0,0,0
eg2204,20220218,20220218,133617000,13:36:19,5035,15148,72311,754139190,0,0,0
eg2204,20220218,20220218,133617500,13:36:19,5035,15148,72311,754139190,0,0,0
eg2204,20220218,20220218,133618000,13:36:19,5035,15148,72311,754139190,0,0,0
eg2204,20220218,20220218,133618500,13:36:19,5035,15148,72311,754139190,0,0,0
eg2204,20220218,20220218,133619000,13:36:19,5035,15148,72311,754139190,0,0,0
eg2204,20220218,20220218,133619500,13:36:19,5035,15148,72311,754139190,0,0,0
eg2204,20220218,20220218,133620000,13:36:20,5035,15148,72311,754139190,0,0,0
eg2204,20220218,20220218,133620500,13:36:20,5035,15148,72311,754139190,0,0,0
eg2204,20220218,20220218,133621000,13:36:21,5035,15148,72311,754139190,0,0,0
eg2204,20220218,20220218,133621500,13:36:21,5035,15148,72311,754139190,0,0,0
eg2204,20220218,20220218,133622500,13:36:22,5035,15148,72311,754139190,0,0,0
eg2204,20220218,20220218,133623000,13:36:23,5035,15148,72311,754139190,0,0,0
eg2204,20220218,20220218,133623500,13:36:23,5035,15148,72311,754139190,0,0,0
eg2204,20220218,20220218,133624000,13:36:24,5035,15148,72311,754139190,0,0,0
eg2204,20220218,20220218,133624500,13:36:24,5035,15148,72311,754139190,0,0,0
eg2204,20220218,20220218,133625000,13:36:25,5035,15148,72311,754139190,0,0,0
eg2204,20220218,20220218,133625500,13:36:26,5035,15157,72315,754592300,9,4,453110
eg2204,20220218,20220218,133626000,13:36:26,5035,15157,72315,754592300,0,0,0
eg2204,20220218,20220218,133626500,13:36:27,5035,15157,72315,754592300,0,0,0
eg2204,20220218,20220218,133627000,13:36:28,5035,15157,72315,754592300,0,0,0
eg2204,20220218,20220218,133627500,13:36:28,5035,15157,72315,754592300,0,0,0
eg2204,20220218,20220218,133628000,13:36:28,5035,15157,72315,754592300,0,0,0
eg2204,20220218,20220218,133628500,13:36:29,5035,15157,72315,754592300,0,0,0
eg2204,20220218,20220218,133629000,13:36:30,5035,15157,72315,754592300,0,0,0
eg2204,20220218,20220218,133629500,13:36:30,5035,15157,72315,754592300,0,0,0
eg2204,20220218,20220218,133630000,13:36:30,5035,15157,72315,754592300,0,0,0
eg2204,20220218,20220218,133630500,13:36:31,5035,15157,72315,754592300,0,0,0
eg2204,20220218,20220218,133631000,13:36:31,5035,15157,72315,754592300,0,0,0
eg2204,20220218,20220218,133631500,13:36:31,5035,15157,72315,754592300,0,0,0
eg2204,20220218,20220218,133632000,13:36:32,5035,15157,72315,754592300,0,0,0
eg2204,20220218,20220218,133632500,13:36:32,5035,15157,72315,754592300,0,0,0
eg2204,20220218,20220218,133633000,13:36:33,5035,15157,72315,754592300,0,0,0
eg2204,20220218,20220218,133633500,13:36:34,5035,15157,72315,754592300,0,0,0
eg2204,20220218,20220218,133634000,13:36:34,5035,15157,72315,754592300,0,0,0
eg2204,20220218,20220218,133634500,13:36:35,5035,15157,72315,754592300,0,0,0
eg2204,20220218,20220218,133635000,13:36:36,5035,15157,72315,754592300,0,0,0
eg2204,20220218,20220218,133635500,13:36:36,5035,15157,72315,754592300,0,0,0
eg2204,20220218,20220218,133636000,13:36:36,5035,15157,72315,754592300,0,0,0
eg2204,20220218,20220218,133636500,13:36:36,5035,15157,72315,754592300,0,0,0
eg2204,20220218,20220218,133637000,13:36:38,5035,15157,72315,754592300,0,0,0
eg2204,20220218,20220218,133637500,13:36:38,5035,15157,72315,754592300,0,0,0
eg2204,20220218,20220218,133638000,13:36:38,5035,15157,72315,754592300,0,0,0
eg2204,20220218,20220218,133638500,13:36:39,5035,15157,72315,754592300,0,0,0
eg2204,20220218,20220218,133639000,13:36:39,5035,15157,72315,754592300,0,0,0
eg2204,20220218,20220218,133639500,13:36:40,5035,15157,72315,754592300,0,0,0
eg2204,20220218,20220218,133640000,13:36:40,5035,15157,72315,754592300,0,0,0
eg2204,20220218,20220218,133641500,13:36:42,5035,15157,72315,754592300,0,0,0
eg2204,20220218,20220218,133642000,13:36:42,5035,15157,72315,754592300,0,0,0
eg2204,20220218,20220218,133642500,13:36:43,5036,15167,72307,755095900,10,-8,503600
eg2204,20220218,20220218,133643000,13:36:43,5036,15167,72307,755095900,0,0,0
eg2204,20220218,20220218,133643500,13:36:44,5036,15167,72307,755095900,0,0,0
eg2204,20220218,20220218,133644000,13:36:44,5036,15167,72307,755095900,0,0,0
eg2204,20220218,20220218,133644500,13:36:44,5035,15172,72308,755347650,5,1,251750
eg2204,20220218,20220218,133645000,13:36:45,5035,15172,72308,755347650,0,0,0
eg2204,20220218,20220218,133645500,13:36:46,5035,15172,72308,755347650,0,0,0
eg2204,20220218,20220218,133646000,13:36:46,5035,15173,72307,755398000,1,-1,50350
eg2204,20220218,20220218,133646500,13:36:46,5035,15174,72307,755448350,1,0,50350
eg2204,20220218,20220218,133647000,13:36:47,5035,15174,72307,755448350,0,0,0
eg2204,20220218,20220218,133647500,13:36:48,5035,15174,72307,755448350,0,0,0
eg2204,20220218,20220218,133648000,13:36:48,5035,15174,72307,755448350,0,0,0
eg2204,20220218,20220218,133648500,13:36:48,5035,15174,72307,755448350,0,0,0
eg2204,20220218,20220218,133649000,13:36:49,5035,15174,72307,755448350,0,0,0
eg2204,20220218,20220218,133649500,13:36:49,5035,15174,72307,755448350,0,0,0
eg2204,20220218,20220218,133650000,13:36:50,5035,15174,72307,755448350,0,0,0
eg2204,20220218,20220218,133650500,13:36:50,5035,15174,72307,755448350,0,0,0
eg2204,20220218,20220218,133651000,13:36:51,5035,15174,72307,755448350,0,0,0
eg2204,20220218,20220218,133651500,13:36:52,5035,15174,72307,755448350,0,0,0
eg2204,20220218,20220218,133652000,13:36:52,5035,15174,72307,755448350,0,0,0
eg2204,20220218,20220218,133652500,13:36:53,5035,15174,72307,755448350,0,0,0
eg2204,20220218,20220218,133653000,13:36:53,5035,15174,72307,755448350,0,0,0
eg2204,20220218,20220218,133653500,13:36:54,5035,15174,72307,755448350,0,0,0
eg2204,20220218,20220218,133654000,13:36:54,5035,15174,72307,755448350,0,0,0
eg2204,20220218,20220218,133654500,13:36:54,5038,15181,72300,755801010,7,-7,352660
eg2204,20220218,20220218,133655000,13:36:55,5040,15217,72294,757615110,36,-6,1814100
eg2204,20220218,20220218,133655500,13:36:56,5039,15239,72289,758723690,22,-5,1108580
eg2204,20220218,20220218,133656000,13:36:56,5039,15239,72289,758723690,0,0,0
eg2204,20220218,20220218,133656500,13:36:57,5039,15239,72289,758723690,0,0,0
eg2204,20220218,20220218,133657000,13:36:58,5039,15239,72289,758723690,0,0,0
eg2204,20220218,20220218,133657500,13:36:58,5039,15239,72289,758723690,0,0,0
eg2204,20220218,20220218,133658000,13:36:58,5039,15239,72289,758723690,0,0,0
eg2204,20220218,20220218,133658500,13:36:59,5039,15239,72289,758723690,0,0,0
eg2204,20220218,20220218,133659500,13:37:00,5039,15239,72289,758723690,0,0,0
eg2204,20220218,20220218,133700000,13:37:00,5039,15239,72289,758723690,0,0,0
eg2204,20220218,20220218,133701500,13:37:02,5039,15239,72289,758723690,0,0,0
eg2204,20220218,20220218,133702000,13:37:02,5039,15239,72289,758723690,0,0,0
eg2204,20220218,20220218,133702500,13:37:03,5039,15239,72289,758723690,0,0,0
eg2204,20220218,20220218,133703000,13:37:03,5039,15239,72289,758723690,0,0,0
eg2204,20220218,20220218,133703500,13:37:03,5039,15239,72289,758723690,0,0,0
eg2204,20220218,20220218,133705000,13:37:05,5039,15239,72289,758723690,0,0,0
eg2204,20220218,20220218,133705500,13:37:08,5039,15239,72289,758723690,0,0,0
eg2204,20220218,20220218,133706000,13:37:08,5039,15239,72289,758723690,0,0,0
eg2204,20220218,20220218,133706500,13:37:08,5039,15239,72289,758723690,0,0,0
eg2204,20220218,20220218,133707500,13:37:08,5039,15239,72289,758723690,0,0,0
eg2204,20220218,20220218,133708000,13:37:08,5039,15239,72289,758723690,0,0,0
eg2204,20220218,20220218,133708500,13:37:08,5039,15239,72289,758723690,0,0,0
eg2204,20220218,20220218,133709000,13:37:09,5039,15239,72289,758723690,0,0,0
eg2204,20220218,20220218,133709500,13:37:11,5039,15239,72289,758723690,0,0,0
eg2204,20220218,20220218,133710000,13:37:11,5039,15239,72289,758723690,0,0,0
eg2204,20220218,20220218,133710500,13:37:11,5039,15239,72289,758723690,0,0,0
eg2204,20220218,20220218,133711000,13:37:12,5039,15239,72289,758723690,0,0,0
eg2204,20220218,20220218,133711500,13:37:13,5039,15239,72289,758723690,0,0,0
eg2204,20220218,20220218,133712000,13:37:13,5039,15239,72289,758723690,0,0,0
eg2204,20220218,20220218,133712500,13:37:13,5039,15239,72289,758723690,0,0,0
eg2204,20220218,20220218,133713000,13:37:14,5039,15239,72289,758723690,0,0,0
eg2204,20220218,20220218,133713500,13:37:14,5039,15239,72289,758723690,0,0,0
eg2204,20220218,20220218,133714000,13:37:14,5039,15239,72289,758723690,0,0,0
eg2204,20220218,20220218,133714500,13:37:15,5039,15239,72289,758723690,0,0,0
eg2204,20220218,20220218,133715000,13:37:15,5039,15239,72289,758723690,0,0,0
eg2204,20220218,20220218,133715500,13:37:16,5039,15239,72289,758723690,0,0,0
eg2204,20220218,20220218,133716000,13:37:16,5039,15239,72289,758723690,0,0,0
eg2204,20220218,20220218,133716500,13:37:17,5039,15239,72289,758723690,0,0,0
eg2204,20220218,20220218,133717000,13:37:18,5039,15239,72289,758723690,0,0,0
eg2204,20220218,20220218,133717500,13:37:18,5039,15239,72289,758723690,0,0,0
eg2204,20220218,20220218,133718000,13:37:19,5039,15239,72289,758723690,0,0,0
eg2204,20220218,20220218,133718500,13:37:19,5039,15239,72289,758723690,0,0,0
eg2204,20220218,20220218,133719000,13:37:19,5039,15239,72289,758723690,0,0,0
eg2204,20220218,20220218,133719500,13:37:20,5039,15239,72289,758723690,0,0,0
eg2204,20220218,20220218,133720000,13:37:21,5039,15239,72289,758723690,0,0,0
eg2204,20220218,20220218,133720500,13:37:21,5039,15239,72289,758723690,0,0,0
eg2204,20220218,20220218,133721000,13:37:21,5039,15239,72289,758723690,0,0,0
eg2204,20220218,20220218,133721500,13:37:21,5039,15239,72289,758723690,0,0,0
eg2204,20220218,20220218,133722000,13:37:22,5039,15239,72289,758723690,0,0,0
eg2204,20220218,20220218,133722500,13:37:22,5039,15239,72289,758723690,0,0,0
eg2204,20220218,20220218,133723000,13:37:23,5039,15239,72289,758723690,0,0,0
eg2204,20220218,20220218,133723500,13:37:23,5039,15239,72289,758723690,0,0,0
eg2204,20220218,20220218,133724000,13:37:24,5039,15239,72289,758723690,0,0,0
eg2204,20220218,20220218,133724500,13:37:25,5039,15239,72289,758723690,0,0,0
eg2204,20220218,20220218,133725000,13:37:25,5039,15239,72289,758723690,0,0,0
eg2204,20220218,20220218,133725500,13:37:26,5039,15239,72289,758723690,0,0,0
eg2204,20220218,20220218,133728500,13:37:29,5039,15239,72289,758723690,0,0,0
eg2204,20220218,20220218,133729000,13:37:29,5039,15239,72289,758723690,0,0,0
eg2204,20220218,20220218,133729500,13:37:30,5039,15239,72289,758723690,0,0,0
eg2204,20220218,20220218,133730500,13:37:31,5039,15239,72289,758723690,0,0,0
eg2204,20220218,20220218,133731000,13:37:31,5039,15239,72289,758723690,0,0,0
eg2204,20220218,20220218,133731500,13:37:31,5039,15239,72289,758723690,0,0,0
eg2204,20220218,20220218,133732000,13:37:32,5039,15239,72289,758723690,0,0,0
eg2204,20220218,20220218,133732500,13:37:33,5039,15239,72289,758723690,0,0,0
eg2204,20220218,20220218,133733000,13:37:33,5039,15239,72289,758723690,0,0,0
eg2204,20220218,20220218,133733500,13:37:33,5039,15239,72289,758723690,0,0,0
eg2204,20220218,20220218,133735500,13:37:36,5039,15239,72289,758723690,0,0,0
eg2204,20220218,20220218,133736000,13:37:36,5039,15239,72289,758723690,0,0,0
eg2204,20220218,20220218,133736500,13:37:37,5039,15239,72289,758723690,0,0,0
eg2204,20220218,20220218,133737000,13:37:37,5039,15239,72289,758723690,0,0,0
eg2204,20220218,20220218,133737500,13:37:37,5039,15239,72289,758723690,0,0,0
eg2204,20220218,20220218,133738000,13:37:38,5039,15239,72289,758723690,0,0,0
eg2204,20220218,20220218,133738500,13:37:39,5039,15239,72289,758723690,0,0,0
eg2204,20220218,20220218,133739000,13:37:39,5039,15239,72289,758723690,0,0,0
eg2204,20220218,20220218,133739500,13:37:39,5039,15239,72289,758723690,0,0,0
eg2204,20220218,20220218,133741000,13:37:41,5039,15239,72289,758723690,0,0,0
eg2204,20220218,20220218,133741500,13:37:42,5039,15239,72289,758723690,0,0,0
eg2204,20220218,20220218,133742000,13:37:42,5039,15239,72289,758723690,0,0,0
eg2204,20220218,20220218,133742500,13:37:43,5039,15239,72289,758723690,0,0,0
eg2204,20220218,20220218,133743000,13:37:44,5039,15239,72289,758723690,0,0,0
eg2204,20220218,20220218,133743500,13:37:44,5039,15239,72289,758723690,0,0,0
eg2204,20220218,20220218,133744000,13:37:45,5039,15239,72289,758723690,0,0,0
eg2204,20220218,20220218,133744500,13:37:45,5039,15239,72289,758723690,0,0,0
eg2204,20220218,20220218,133745000,13:37:45,5039,15239,72289,758723690,0,0,0
eg2204,20220218,20220218,133745500,13:37:45,5039,15239,72289,758723690,0,0,0
eg2204,20220218,20220218,133746000,13:37:46,5039,15239,72289,758723690,0,0,0
eg2204,20220218,20220218,133746500,13:37:47,5039,15239,72289,758723690,0,0,0
eg2204,20220218,20220218,133747000,13:37:47,5039,15239,72289,758723690,0,0,0
eg2204,20220218,20220218,133747500,13:37:48,5039,15239,72289,758723690,0,0,0
eg2204,20220218,20220218,133748000,13:37:48,5039,15239,72289,758723690,0,0,0
eg2204,20220218,20220218,133748500,13:37:48,5039,15239,72289,758723690,0,0,0
eg2204,20220218,20220218,133749000,13:37:49,5040,15257,72303,759630890,18,14,907200
eg2204,20220218,20220218,133749500,13:37:49,5040,15257,72303,759630890,0,0,0
eg2204,20220218,20220218,133750000,13:37:50,5040,15257,72303,759630890,0,0,0
eg2204,20220218,20220218,133750500,13:37:51,5040,15257,72303,759630890,0,0,0
eg2204,20220218,20220218,133751000,13:37:51,5040,15257,72303,759630890,0,0,0
eg2204,20220218,20220218,133751500,13:37:53,5040,15257,72303,759630890,0,0,0
eg2204,20220218,20220218,133752000,13:37:53,5040,15257,72303,759630890,0,0,0
eg2204,20220218,20220218,133752500,13:37:54,5040,15257,72303,759630890,0,0,0
eg2204,20220218,20220218,133753000,13:37:54,5040,15257,72303,759630890,0,0,0
eg2204,20220218,20220218,133753500,13:37:55,5040,15257,72303,759630890,0,0,0
eg2204,20220218,20220218,133754000,13:37:55,5040,15257,72303,759630890,0,0,0
eg2204,20220218,20220218,133754500,13:37:55,5040,15257,72303,759630890,0,0,0
eg2204,20220218,20220218,133755000,13:37:55,5040,15257,72303,759630890,0,0,0
eg2204,20220218,20220218,133755500,13:37:55,5040,15257,72303,759630890,0,0,0
eg2204,20220218,20220218,133756000,13:37:56,5040,15257,72303,759630890,0,0,0
eg2204,20220218,20220218,133756500,13:37:57,5040,15257,72303,759630890,0,0,0
eg2204,20220218,20220218,133757000,13:37:57,5040,15257,72303,759630890,0,0,0
eg2204,20220218,20220218,133757500,13:37:58,5040,15257,72303,759630890,0,0,0
