eg2207,20220218,20220218,112003000,11:20:03,0,0,0,0,0,0,0
eg2207,20220218,20220218,112002700,11:20:04,5088,3838,28555,194042810,3838,28555,194042810
eg2207,20220218,20220218,112004500,11:20:09,5088,3838,28555,194042810,0,0,0
eg2207,20220218,20220218,112006000,11:20:10,5088,3838,28555,194042810,0,0,0
eg2207,20220218,20220218,112006500,11:20:10,5088,3838,28555,194042810,0,0,0
eg2207,20220218,20220218,112008000,11:20:10,5088,3838,28555,194042810,0,0,0
eg2207,20220218,20220218,112010000,11:20:10,5088,3838,28555,194042810,0,0,0
eg2207,20220218,20220218,112010500,11:20:10,5088,3838,28555,194042810,0,0,0
eg2207,20220218,20220218,112014000,11:20:14,5088,3838,28555,194042810,0,0,0
eg2207,20220218,20220218,112014500,11:20:14,5088,3838,28555,194042810,0,0,0
eg2207,20220218,20220218,112015000,11:20:15,5088,3838,28555,194042810,0,0,0
eg2207,20220218,20220218,112017000,11:20:17,5088,3838,28555,194042810,0,0,0
eg2207,20220218,20220218,112017500,11:20:17,5088,3838,28555,194042810,0,0,0
eg2207,20220218,20220218,112018000,11:20:18,5088,3838,28555,194042810,0,0,0
eg2207,20220218,20220218,112020000,11:20:20,5088,3838,28555,194042810,0,0,0
eg2207,20220218,20220218,112020500,11:20:21,5088,3838,28555,194042810,0,0,0
eg2207,20220218,20220218,112021000,11:20:21,5088,3838,28555,194042810,0,0,0
eg2207,20220218,20220218,112021500,11:20:21,5088,3838,28555,194042810,0,0,0
eg2207,20220218,20220218,112024000,11:20:24,5088,3838,28555,194042810,0,0,0
eg2207,20220218,20220218,112024500,11:20:24,5088,3838,28555,194042810,0,0,0
eg2207,20220218,20220218,112027000,11:20:27,5088,3838,28555,194042810,0,0,0
eg2207,20220218,20220218,112028500,11:20:28,5088,3838,28555,194042810,0,0,0
eg2207,20220218,20220218,112029000,11:20:29,5088,3838,28555,194042810,0,0,0
eg2207,20220218,20220218,112031000,11:20:32,5088,3838,28555,194042810,0,0,0
eg2207,20220218,20220218,112031500,11:20:32,5088,3838,28555,194042810,0,0,0
eg2207,20220218,20220218,112032000,11:20:32,5088,3838,28555,194042810,0,0,0
eg2207,20220218,20220218,112032500,11:20:32,5088,3838,28555,194042810,0,0,0
eg2207,20220218,20220218,112033000,11:20:33,5088,3838,28555,194042810,0,0,0
eg2207,20220218,20220218,112033500,11:20:33,5088,3838,28555,194042810,0,0,0
eg2207,20220218,20220218,112034000,11:20:34,5088,3838,28555,194042810,0,0,0
eg2207,20220218,20220218,112034500,11:20:35,5088,3838,28555,194042810,0,0,0
eg2207,20220218,20220218,112035000,11:20:35,5088,3838,28555,194042810,0,0,0
eg2207,20220218,20220218,112035500,11:20:35,5088,3838,28555,194042810,0,0,0
eg2207,20220218,20220218,112036000,11:20:36,5088,3838,28555,194042810,0,0,0
eg2207,20220218,20220218,112036500,11:20:37,5088,3838,28555,194042810,0,0,0
eg2207,20220218,20220218,112038500,11:20:38,5088,3838,28555,194042810,0,0,0
eg2207,20220218,20220218,112039000,11:20:39,5084,3839,28555,194093650,1,0,50840
eg2207,20220218,20220218,112039500,11:20:40,5084,3839,28555,194093650,0,0,0
eg2207,20220218,20220218,112040000,11:20:40,5084,3839,28555,194093650,0,0,0
eg2207,20220218,20220218,112040500,11:20:41,5084,3839,28555,194093650,0,0,0
eg2207,20220218,20220218,112041000,11:20:41,5084,3839,28555,194093650,0,0,0
eg2207,20220218,20220218,112042000,11:20:42,5084,3839,28555,194093650,0,0,0
eg2207,20220218,20220218,112042500,11:20:42,5084,3839,28555,194093650,0,0,0
eg2207,20220218,20220218,112043500,11:20:44,5084,3839,28555,194093650,0,0,0
eg2207,20220218,20220218,112044000,11:20:44,5084,3839,28555,194093650,0,0,0
eg2207,20220218,20220218,112044500,11:20:45,5084,3839,28555,194093650,0,0,0
eg2207,20220218,20220218,112045500,11:20:46,5085,3841,28554,194195350,2,-1,101700
eg2207,20220218,20220218,112046000,11:20:46,5085,3841,28554,194195350,0,0,0
eg2207,20220218,20220218,112046500,11:20:46,5085,3841,28554,194195350,0,0,0
eg2207,20220218,20220218,112047000,11:20:48,5085,3841,28554,194195350,0,0,0
eg2207,20220218,20220218,112047500,11:20:48,5085,3841,28554,194195350,0,0,0
eg2207,20220218,20220218,112048000,11:20:49,5085,3841,28554,194195350,0,0,0
eg2207,20220218,20220218,112048500,11:20:50,5085,3841,28554,194195350,0,0,0
eg2207,20220218,20220218,112049000,11:20:50,5085,3841,28554,194195350,0,0,0
eg2207,20220218,20220218,112050500,11:20:51,5085,3841,28554,194195350,0,0,0
eg2207,20220218,20220218,112051000,11:20:51,5085,3841,28554,194195350,0,0,0
eg2207,20220218,20220218,112051500,11:20:52,5084,3842,28554,194246190,1,0,50840
eg2207,20220218,20220218,112052000,11:20:53,5084,3843,28553,194297030,1,-1,50840
eg2207,20220218,20220218,112052500,11:20:53,5084,3843,28553,194297030,0,0,0
eg2207,20220218,20220218,112054500,11:20:55,5084,3843,28553,194297030,0,0,0
eg2207,20220218,20220218,112056000,11:20:56,5084,3843,28553,194297030,0,0,0
eg2207,20220218,20220218,112057500,11:20:58,5084,3843,28553,194297030,0,0,0
eg2207,20220218,20220218,112058000,11:20:59,5084,3843,28553,194297030,0,0,0
eg2207,20220218,20220218,112058500,11:20:59,5084,3843,28553,194297030,0,0,0
eg2207,20220218,20220218,112059000,11:21:00,5084,3843,28553,194297030,0,0,0
eg2207,20220218,20220218,112059500,11:21:00,5084,3843,28553,194297030,0,0,0
eg2207,20220218,20220218,112100000,11:21:00,5084,3843,28553,194297030,0,0,0
eg2207,20220218,20220218,112100500,11:21:01,5084,3843,28553,194297030,0,0,0
eg2207,20220218,20220218,112101000,11:21:01,5084,3843,28553,194297030,0,0,0
eg2207,20220218,20220218,112101500,11:21:02,5084,3843,28553,194297030,0,0,0
eg2207,20220218,20220218,112102000,11:21:03,5084,3843,28553,194297030,0,0,0
eg2207,20220218,20220218,112102500,11:21:03,5086,3844,28552,194347890,1,-1,50860
eg2207,20220218,20220218,112103000,11:21:03,5086,3844,28552,194347890,0,0,0
eg2207,20220218,20220218,112103500,11:21:04,5086,3844,28552,194347890,0,0,0
eg2207,20220218,20220218,112104500,11:21:05,5086,3844,28552,194347890,0,0,0
eg2207,20220218,20220218,112105000,11:21:06,5086,3844,28552,194347890,0,0,0
eg2207,20220218,20220218,112105500,11:21:07,5087,3846,28552,194449630,2,0,101740
eg2207,20220218,20220218,112106000,11:21:07,5088,3847,28553,194500510,1,1,50880
eg2207,20220218,20220218,112106500,11:21:09,5088,3847,28553,194500510,0,0,0
eg2207,20220218,20220218,112107000,11:21:10,5088,3847,28553,194500510,0,0,0
eg2207,20220218,20220218,112108000,11:21:10,5088,3847,28553,194500510,0,0,0
eg2207,20220218,20220218,112110000,11:21:10,5087,3850,28553,194653120,3,0,152610
eg2207,20220218,20220218,112110500,11:21:11,5087,3850,28553,194653120,0,0,0
eg2207,20220218,20220218,112111000,11:21:11,5087,3850,28553,194653120,0,0,0
eg2207,20220218,20220218,112111500,11:21:12,5087,3850,28553,194653120,0,0,0
eg2207,20220218,20220218,112116500,11:21:17,5087,3850,28553,194653120,0,0,0
eg2207,20220218,20220218,112117000,11:21:17,5087,3850,28553,194653120,0,0,0
eg2207,20220218,20220218,112117500,11:21:18,5087,3850,28553,194653120,0,0,0
eg2207,20220218,20220218,112118000,11:21:18,5087,3850,28553,194653120,0,0,0
eg2207,20220218,20220218,112118500,11:21:18,5087,3850,28553,194653120,0,0,0
eg2207,20220218,20220218,112119000,11:21:19,5087,3850,28553,194653120,0,0,0
eg2207,20220218,20220218,112119500,11:21:20,5087,3850,28553,194653120,0,0,0
eg2207,20220218,20220218,112120000,11:21:21,5087,3850,28553,194653120,0,0,0
eg2207,20220218,20220218,112120500,11:21:22,5087,3850,28553,194653120,0,0,0
eg2207,20220218,20220218,112121000,11:21:22,5087,3850,28553,194653120,0,0,0
eg2207,20220218,20220218,112121500,11:21:22,5087,3850,28553,194653120,0,0,0
eg2207,20220218,20220218,112122000,11:21:22,5087,3850,28553,194653120,0,0,0
eg2207,20220218,20220218,112122500,11:21:23,5087,3850,28553,194653120,0,0,0
eg2207,20220218,20220218,112123000,11:21:23,5087,3850,28553,194653120,0,0,0
eg2207,20220218,20220218,112123500,11:21:24,5087,3850,28553,194653120,0,0,0
eg2207,20220218,20220218,112124000,11:21:24,5087,3850,28553,194653120,0,0,0
eg2207,20220218,20220218,112124500,11:21:25,5088,3851,28552,194704000,1,-1,50880
eg2207,20220218,20220218,112125000,11:22:28,5088,3851,28552,194704000,0,0,0
eg2207,20220218,20220218,112125500,11:23:32,5088,3851,28552,194704000,0,0,0
eg2207,20220218,20220218,112126000,11:23:33,5088,3851,28552,194704000,0,0,0
eg2207,20220218,20220218,112331500,11:23:33,5088,3851,28552,194704000,0,0,0
eg2207,20220218,20220218,112333000,11:23:33,5088,3851,28552,194704000,0,0,0
eg2207,20220218,20220218,112333500,11:23:33,5088,3851,28552,194704000,0,0,0
eg2207,20220218,20220218,112334000,11:23:34,5088,3851,28552,194704000,0,0,0
eg2207,20220218,20220218,112339000,11:23:39,5088,3851,28552,194704000,0,0,0
eg2207,20220218,20220218,112340000,11:23:40,5088,3851,28552,194704000,0,0,0
eg2207,20220218,20220218,112340500,11:23:40,5088,3851,28552,194704000,0,0,0
eg2207,20220218,20220218,112341000,11:23:41,5088,3851,28552,194704000,0,0,0
eg2207,20220218,20220218,112341500,11:23:42,5088,3851,28552,194704000,0,0,0
eg2207,20220218,20220218,112342000,11:23:42,5088,3851,28552,194704000,0,0,0
eg2207,20220218,20220218,112342500,11:23:43,5088,3851,28552,194704000,0,0,0
eg2207,20220218,20220218,112343000,11:23:43,5088,3851,28552,194704000,0,0,0
eg2207,20220218,20220218,112343500,11:23:43,5088,3851,28552,194704000,0,0,0
eg2207,20220218,20220218,112344000,11:23:48,5088,3851,28552,194704000,0,0,0
eg2207,20220218,20220218,112345000,11:23:48,5088,3851,28552,194704000,0,0,0
eg2207,20220218,20220218,112352000,11:23:52,5088,3851,28552,194704000,0,0,0
eg2207,20220218,20220218,112352500,11:23:53,5088,3851,28552,194704000,0,0,0
eg2207,20220218,20220218,112353000,11:23:53,5088,3851,28552,194704000,0,0,0
eg2207,20220218,20220218,112353500,11:23:53,5088,3851,28552,194704000,0,0,0
eg2207,20220218,20220218,112354000,11:23:54,5088,3851,28552,194704000,0,0,0
eg2207,20220218,20220218,112354500,11:23:55,5088,3851,28552,194704000,0,0,0
eg2207,20220218,20220218,112355000,11:23:55,5088,3851,28552,194704000,0,0,0
eg2207,20220218,20220218,112355500,11:23:55,5088,3851,28552,194704000,0,0,0
eg2207,20220218,20220218,112356000,11:23:56,5088,3851,28552,194704000,0,0,0
eg2207,20220218,20220218,112356500,11:23:56,5088,3851,28552,194704000,0,0,0
eg2207,20220218,20220218,112357000,11:23:57,5088,3851,28552,194704000,0,0,0
eg2207,20220218,20220218,112357500,11:23:57,5088,3851,28552,194704000,0,0,0
eg2207,20220218,20220218,112358000,11:23:58,5088,3851,28552,194704000,0,0,0
eg2207,20220218,20220218,112358500,11:23:58,5088,3851,28552,194704000,0,0,0
eg2207,20220218,20220218,112359000,11:23:59,5088,3851,28552,194704000,0,0,0
eg2207,20220218,20220218,112359500,11:23:59,5088,3851,28552,194704000,0,0,0
eg2207,20220218,20220218,112401500,11:24:01,5088,3851,28552,194704000,0,0,0
eg2207,20220218,20220218,112402000,11:24:02,5088,3851,28552,194704000,0,0,0
eg2207,20220218,20220218,112402500,11:24:02,5088,3851,28552,194704000,0,0,0
eg2207,20220218,20220218,112403000,11:24:03,5088,3851,28552,194704000,0,0,0
eg2207,20220218,20220218,112403500,11:24:04,5088,3851,28552,194704000,0,0,0
eg2207,20220218,20220218,112404000,11:24:04,5088,3851,28552,194704000,0,0,0
eg2207,20220218,20220218,112412000,11:24:12,5088,3851,28552,194704000,0,0,0
eg2207,20220218,20220218,112412500,11:24:13,5088,3851,28552,194704000,0,0,0
eg2207,20220218,20220218,112413500,11:24:14,5088,3851,28552,194704000,0,0,0
eg2207,20220218,20220218,112414000,11:24:14,5088,3851,28552,194704000,0,0,0
eg2207,20220218,20220218,112414500,11:24:15,5088,3851,28552,194704000,0,0,0
eg2207,20220218,20220218,112415000,11:24:15,5088,3851,28552,194704000,0,0,0
eg2207,20220218,20220218,112418000,11:24:18,5088,3851,28552,194704000,0,0,0
eg2207,20220218,20220218,112419500,11:24:20,5088,3851,28552,194704000,0,0,0
eg2207,20220218,20220218,112420000,11:24:20,5088,3851,28552,194704000,0,0,0
eg2207,20220218,20220218,112420500,11:24:20,5088,3851,28552,194704000,0,0,0
eg2207,20220218,20220218,112429000,11:24:29,5088,3851,28552,194704000,0,0,0
eg2207,20220218,20220218,112429500,11:24:30,5088,3851,28552,194704000,0,0,0
eg2207,20220218,20220218,112430000,11:24:30,5088,3851,28552,194704000,0,0,0
eg2207,20220218,20220218,112431000,11:24:31,5088,3851,28552,194704000,0,0,0
eg2207,20220218,20220218,112432500,11:24:32,5088,3851,28552,194704000,0,0,0
eg2207,20220218,20220218,112433000,11:24:33,5088,3851,28552,194704000,0,0,0
eg2207,20220218,20220218,112435000,11:24:35,5088,3851,28552,194704000,0,0,0
eg2207,20220218,20220218,112437500,11:24:39,5088,3851,28552,194704000,0,0,0
eg2207,20220218,20220218,112438000,11:24:39,5088,3851,28552,194704000,0,0,0
eg2207,20220218,20220218,112438500,11:24:40,5088,3851,28552,194704000,0,0,0
eg2207,20220218,20220218,112439000,11:24:40,5088,3851,28552,194704000,0,0,0
eg2207,20220218,20220218,112440000,11:24:40,5088,3851,28552,194704000,0,0,0
eg2207,20220218,20220218,112444000,11:24:44,5088,3851,28552,194704000,0,0,0
eg2207,20220218,20220218,112444500,11:24:44,5088,3851,28552,194704000,0,0,0
eg2207,20220218,20220218,112445000,11:24:45,5088,3851,28552,194704000,0,0,0
eg2207,20220218,20220218,112445500,11:24:45,5088,3851,28552,194704000,0,0,0
eg2207,20220218,20220218,112446000,11:24:46,5088,3851,28552,194704000,0,0,0
eg2207,20220218,20220218,112447500,11:24:47,5088,3851,28552,194704000,0,0,0
eg2207,20220218,20220218,112448000,11:24:48,5088,3851,28552,194704000,0,0,0
eg2207,20220218,20220218,112451000,11:24:51,5088,3851,28552,194704000,0,0,0
eg2207,20220218,20220218,112452000,11:24:52,5088,3851,28552,194704000,0,0,0
eg2207,20220218,20220218,112452500,11:24:52,5088,3851,28552,194704000,0,0,0
eg2207,20220218,20220218,112454500,11:24:54,5088,3851,28552,194704000,0,0,0
eg2207,20220218,20220218,112455000,11:24:55,5088,3851,28552,194704000,0,0,0
eg2207,20220218,20220218,112455500,11:24:56,5088,3851,28552,194704000,0,0,0
eg2207,20220218,20220218,112456000,11:24:56,5088,3851,28552,194704000,0,0,0
eg2207,20220218,20220218,112456500,11:24:56,5088,3851,28552,194704000,0,0,0
eg2207,20220218,20220218,112457000,11:24:57,5088,3851,28552,194704000,0,0,0
eg2207,20220218,20220218,112500000,11:25:00,5088,3851,28552,194704000,0,0,0
eg2207,20220218,20220218,112501500,11:25:05,5088,3851,28552,194704000,0,0,0
eg2207,20220218,20220218,112502000,11:25:05,5088,3851,28552,194704000,0,0,0
eg2207,20220218,20220218,112502500,11:25:06,5088,3851,28552,194704000,0,0,0
eg2207,20220218,20220218,112504500,11:25:06,5088,3851,28552,194704000,0,0,0
eg2207,20220218,20220218,112505500,11:25:06,5088,3851,28552,194704000,0,0,0
eg2207,20220218,20220218,112506000,11:25:07,5088,3851,28552,194704000,0,0,0
eg2207,20220218,20220218,112506500,11:25:07,5088,3851,28552,194704000,0,0,0
eg2207,20220218,20220218,112507000,11:25:07,5088,3851,28552,194704000,0,0,0
eg2207,20220218,20220218,112507500,11:25:07,5088,3851,28552,194704000,0,0,0
eg2207,20220218,20220218,112508500,11:25:08,5088,3851,28552,194704000,0,0,0
eg2207,20220218,20220218,112509000,11:25:09,5088,3851,28552,194704000,0,0,0
eg2207,20220218,20220218,112509500,11:25:09,5088,3851,28552,194704000,0,0,0
eg2207,20220218,20220218,112510000,11:25:10,5088,3851,28552,194704000,0,0,0
eg2207,20220218,20220218,112510500,11:25:10,5088,3851,28552,194704000,0,0,0
eg2207,20220218,20220218,112511000,11:25:11,5088,3851,28552,194704000,0,0,0
eg2207,20220218,20220218,112511500,11:25:11,5088,3851,28552,194704000,0,0,0
eg2207,20220218,20220218,112512500,11:25:12,5088,3851,28552,194704000,0,0,0
eg2207,20220218,20220218,112523000,11:25:23,5088,3851,28552,194704000,0,0,0
eg2207,20220218,20220218,112523500,11:25:24,5088,3851,28552,194704000,0,0,0
eg2207,20220218,20220218,112524000,11:25:25,5088,3851,28552,194704000,0,0,0
eg2207,20220218,20220218,112524500,11:25:25,5088,3851,28552,194704000,0,0,0
eg2207,20220218,20220218,112525500,11:25:26,5088,3851,28552,194704000,0,0,0
eg2207,20220218,20220218,112526000,11:25:26,5088,3851,28552,194704000,0,0,0
eg2207,20220218,20220218,112526500,11:25:27,5088,3851,28552,194704000,0,0,0
eg2207,20220218,20220218,112527000,11:25:28,5088,3851,28552,194704000,0,0,0
eg2207,20220218,20220218,112528500,11:25:28,5088,3851,28552,194704000,0,0,0
eg2207,20220218,20220218,112529000,11:25:29,5088,3851,28552,194704000,0,0,0
eg2207,20220218,20220218,112529500,11:25:30,5088,3851,28552,194704000,0,0,0
eg2207,20220218,20220218,112530000,11:25:31,5088,3851,28552,194704000,0,0,0
eg2207,20220218,20220218,112530500,11:25:31,5088,3851,28552,194704000,0,0,0
eg2207,20220218,20220218,112531000,11:25:31,5088,3851,28552,194704000,0,0,0
eg2207,20220218,20220218,112531500,11:25:32,5088,3851,28552,194704000,0,0,0
eg2207,20220218,20220218,112532500,11:25:33,5088,3851,28552,194704000,0,0,0
eg2207,20220218,20220218,112533500,11:25:33,5088,3851,28552,194704000,0,0,0
eg2207,20220218,20220218,112534000,11:25:34,5088,3851,28552,194704000,0,0,0
eg2207,20220218,20220218,112535500,11:25:37,5088,3851,28552,194704000,0,0,0
eg2207,20220218,20220218,112536000,11:25:37,5088,3851,28552,194704000,0,0,0
eg2207,20220218,20220218,112536500,11:25:37,5088,3851,28552,194704000,0,0,0
eg2207,20220218,20220218,112542000,11:25:42,5088,3851,28552,194704000,0,0,0
eg2207,20220218,20220218,112542500,11:25:43,5088,3851,28552,194704000,0,0,0
eg2207,20220218,20220218,112545000,11:25:45,5088,3851,28552,194704000,0,0,0
eg2207,20220218,20220218,112545500,11:25:46,5088,3851,28552,194704000,0,0,0
eg2207,20220218,20220218,112546000,11:25:47,5088,3851,28552,194704000,0,0,0
eg2207,20220218,20220218,112546500,11:25:47,5088,3851,28552,194704000,0,0,0
eg2207,20220218,20220218,112547000,11:25:48,5088,3851,28552,194704000,0,0,0
eg2207,20220218,20220218,112547500,11:25:48,5088,3851,28552,194704000,0,0,0
eg2207,20220218,20220218,112548000,11:25:48,5088,3851,28552,194704000,0,0,0
eg2207,20220218,20220218,112548500,11:25:48,5088,3851,28552,194704000,0,0,0
eg2207,20220218,20220218,112549500,11:25:49,5088,3851,28552,194704000,0,0,0
eg2207,20220218,20220218,112550000,11:25:50,5088,3851,28552,194704000,0,0,0
eg2207,20220218,20220218,112550500,11:25:51,5088,3851,28552,194704000,0,0,0
eg2207,20220218,20220218,112551000,11:25:51,5088,3851,28552,194704000,0,0,0
eg2207,20220218,20220218,112551500,11:25:51,5088,3851,28552,194704000,0,0,0
eg2207,20220218,20220218,112552000,11:25:52,5088,3851,28552,194704000,0,0,0
eg2207,20220218,20220218,112552500,11:25:53,5088,3851,28552,194704000,0,0,0
eg2207,20220218,20220218,112553500,11:25:54,5088,3851,28552,194704000,0,0,0
eg2207,20220218,20220218,112554000,11:25:54,5088,3851,28552,194704000,0,0,0
eg2207,20220218,20220218,112554500,11:25:55,5088,3851,28552,194704000,0,0,0
eg2207,20220218,20220218,112555000,11:25:55,5088,3851,28552,194704000,0,0,0
eg2207,20220218,20220218,112555500,11:25:57,5088,3851,28552,194704000,0,0,0
eg2207,20220218,20220218,112556000,11:25:57,5088,3851,28552,194704000,0,0,0
eg2207,20220218,20220218,112556500,11:25:57,5088,3851,28552,194704000,0,0,0
eg2207,20220218,20220218,112557000,11:25:57,5088,3851,28552,194704000,0,0,0
eg2207,20220218,20220218,112557500,11:25:57,5088,3851,28552,194704000,0,0,0
eg2207,20220218,20220218,112558000,11:25:59,5088,3851,28552,194704000,0,0,0
eg2207,20220218,20220218,112558500,11:25:59,5088,3851,28552,194704000,0,0,0
eg2207,20220218,20220218,112559000,11:26:00,5088,3851,28552,194704000,0,0,0
eg2207,20220218,20220218,112559500,11:26:00,5088,3851,28552,194704000,0,0,0
eg2207,20220218,20220218,112600000,11:26:00,5088,3851,28552,194704000,0,0,0
eg2207,20220218,20220218,112600500,11:26:01,5088,3851,28552,194704000,0,0,0
eg2207,20220218,20220218,112601000,11:26:01,5088,3851,28552,194704000,0,0,0
eg2207,20220218,20220218,112601500,11:26:03,5088,3851,28552,194704000,0,0,0
eg2207,20220218,20220218,112603500,11:26:04,5088,3851,28552,194704000,0,0,0
eg2207,20220218,20220218,112604000,11:26:05,5088,3851,28552,194704000,0,0,0
eg2207,20220218,20220218,112604500,11:26:05,5088,3851,28552,194704000,0,0,0
eg2207,20220218,20220218,112605000,11:26:05,5088,3851,28552,194704000,0,0,0
eg2207,20220218,20220218,112605500,11:26:06,5088,3851,28552,194704000,0,0,0
eg2207,20220218,20220218,112606000,11:26:06,5088,3851,28552,194704000,0,0,0
eg2207,20220218,20220218,112606500,11:26:09,5088,3851,28552,194704000,0,0,0
eg2207,20220218,20220218,112607000,11:26:09,5088,3851,28552,194704000,0,0,0
eg2207,20220218,20220218,112607500,11:26:09,5088,3851,28552,194704000,0,0,0
eg2207,20220218,20220218,112608500,11:26:10,5088,3851,28552,194704000,0,0,0
eg2207,20220218,20220218,112610000,11:26:10,5088,3851,28552,194704000,0,0,0
eg2207,20220218,20220218,112610500,11:26:11,5088,3851,28552,194704000,0,0,0
eg2207,20220218,20220218,112611000,11:26:11,5088,3851,28552,194704000,0,0,0
eg2207,20220218,20220218,112611500,11:26:13,5088,3851,28552,194704000,0,0,0
eg2207,20220218,20220218,112616000,11:26:16,5088,3851,28552,194704000,0,0,0
eg2207,20220218,20220218,112616500,11:26:17,5088,3851,28552,194704000,0,0,0
eg2207,20220218,20220218,112617000,11:26:17,5088,3851,28552,194704000,0,0,0
eg2207,20220218,20220218,112617500,11:26:17,5088,3851,28552,194704000,0,0,0
eg2207,20220218,20220218,112618000,11:26:18,5088,3851,28552,194704000,0,0,0
eg2207,20220218,20220218,112619500,11:26:20,5088,3851,28552,194704000,0,0,0
eg2207,20220218,20220218,112620000,11:26:20,5088,3851,28552,194704000,0,0,0
eg2207,20220218,20220218,112620500,11:26:20,5088,3851,28552,194704000,0,0,0
eg2207,20220218,20220218,112621000,11:26:21,5088,3851,28552,194704000,0,0,0
eg2207,20220218,20220218,112622000,11:26:22,5088,3851,28552,194704000,0,0,0
eg2207,20220218,20220218,112622500,11:26:23,5088,3851,28552,194704000,0,0,0
eg2207,20220218,20220218,112623000,11:26:23,5088,3851,28552,194704000,0,0,0
eg2207,20220218,20220218,112623500,11:26:23,5088,3851,28552,194704000,0,0,0
eg2207,20220218,20220218,112624000,11:26:24,5088,3851,28552,194704000,0,0,0
eg2207,20220218,20220218,112624500,11:26:24,5088,3851,28552,194704000,0,0,0
eg2207,20220218,20220218,112625000,11:26:25,5088,3851,28552,194704000,0,0,0
eg2207,20220218,20220218,112625500,11:26:26,5088,3851,28552,194704000,0,0,0
eg2207,20220218,20220218,112626000,11:26:26,5088,3851,28552,194704000,0,0,0
eg2207,20220218,20220218,112626500,11:26:27,5088,3851,28552,194704000,0,0,0
eg2207,20220218,20220218,112627000,11:26:27,5088,3851,28552,194704000,0,0,0
eg2207,20220218,20220218,112627500,11:26:27,5088,3851,28552,194704000,0,0,0
eg2207,20220218,20220218,112628500,11:26:28,5088,3851,28552,194704000,0,0,0
eg2207,20220218,20220218,112629000,11:26:30,5088,3851,28552,194704000,0,0,0
eg2207,20220218,20220218,112629500,11:26:31,5088,3851,28552,194704000,0,0,0
eg2207,20220218,20220218,112630000,11:26:31,5088,3851,28552,194704000,0,0,0
eg2207,20220218,20220218,112630500,11:26:31,5088,3851,28552,194704000,0,0,0
eg2207,20220218,20220218,112631000,11:26:31,5088,3851,28552,194704000,0,0,0
eg2207,20220218,20220218,112631500,11:26:32,5088,3851,28552,194704000,0,0,0
eg2207,20220218,20220218,112632000,11:26:32,5088,3851,28552,194704000,0,0,0
eg2207,20220218,20220218,112632500,11:26:32,5088,3851,28552,194704000,0,0,0
eg2207,20220218,20220218,112633000,11:26:33,5088,3851,28552,194704000,0,0,0
eg2207,20220218,20220218,112633500,11:26:34,5088,3851,28552,194704000,0,0,0
eg2207,20220218,20220218,112634000,11:26:37,5088,3851,28552,194704000,0,0,0
eg2207,20220218,20220218,112634500,11:26:37,5088,3851,28552,194704000,0,0,0
eg2207,20220218,20220218,112635000,11:26:37,5088,3851,28552,194704000,0,0,0
eg2207,20220218,20220218,112635500,11:26:38,5088,3851,28552,194704000,0,0,0
eg2207,20220218,20220218,112636000,11:26:46,5088,3851,28552,194704000,0,0,0
eg2207,20220218,20220218,112637500,11:27:10,5091,3855,28550,194907580,4,-2,203580
eg2207,20220218,20220218,112638000,11:27:10,5091,3855,28550,194907580,0,0,0
eg2207,20220218,20220218,112653000,11:27:11,5091,3855,28550,194907580,0,0,0
eg2207,20220218,20220218,112710000,11:27:12,5091,3855,28550,194907580,0,0,0
eg2207,20220218,20220218,112712000,11:27:12,5091,3855,28550,194907580,0,0,0
eg2207,20220218,20220218,112712500,11:27:13,5091,3855,28550,194907580,0,0,0
eg2207,20220218,20220218,112713000,11:27:14,5091,3855,28550,194907580,0,0,0
eg2207,20220218,20220218,112713500,11:27:14,5091,3855,28550,194907580,0,0,0
eg2207,20220218,20220218,112714000,11:27:15,5091,3855,28550,194907580,0,0,0
eg2207,20220218,20220218,112714500,11:27:15,5091,3855,28550,194907580,0,0,0
eg2207,20220218,20220218,112715000,11:27:16,5091,3855,28550,194907580,0,0,0
eg2207,20220218,20220218,112715500,11:27:16,5091,3855,28550,194907580,0,0,0
eg2207,20220218,20220218,112716000,11:27:17,5091,3855,28550,194907580,0,0,0
eg2207,20220218,20220218,112716500,11:27:17,5091,3855,28550,194907580,0,0,0
eg2207,20220218,20220218,112717000,11:27:17,5091,3855,28550,194907580,0,0,0
eg2207,20220218,20220218,112717500,11:27:17,5091,3855,28550,194907580,0,0,0
eg2207,20220218,20220218,112718000,11:27:18,5091,3855,28550,194907580,0,0,0
eg2207,20220218,20220218,112718500,11:27:19,5091,3855,28550,194907580,0,0,0
eg2207,20220218,20220218,112719000,11:27:19,5091,3855,28550,194907580,0,0,0
eg2207,20220218,20220218,112719500,11:27:20,5091,3855,28550,194907580,0,0,0
eg2207,20220218,20220218,112720000,11:27:20,5091,3855,28550,194907580,0,0,0
eg2207,20220218,20220218,112720500,11:27:21,5091,3855,28550,194907580,0,0,0
eg2207,20220218,20220218,112721000,11:27:21,5091,3855,28550,194907580,0,0,0
eg2207,20220218,20220218,112721500,11:27:22,5091,3855,28550,194907580,0,0,0
eg2207,20220218,20220218,112722000,11:27:22,5091,3855,28550,194907580,0,0,0
eg2207,20220218,20220218,112722500,11:27:23,5091,3855,28550,194907580,0,0,0
eg2207,20220218,20220218,112723000,11:27:26,5091,3855,28550,194907580,0,0,0
eg2207,20220218,20220218,112723500,11:27:27,5091,3855,28550,194907580,0,0,0
eg2207,20220218,20220218,112724000,11:27:27,5091,3855,28550,194907580,0,0,0
eg2207,20220218,20220218,112726500,11:27:27,5094,3861,28549,195213180,6,-1,305600
eg2207,20220218,20220218,112727000,11:27:27,5094,3861,28549,195213180,0,0,0
eg2207,20220218,20220218,112727500,11:27:27,5094,3861,28549,195213180,0,0,0
eg2207,20220218,20220218,112728000,11:27:28,5094,3861,28549,195213180,0,0,0
eg2207,20220218,20220218,112728500,11:27:28,5094,3861,28549,195213180,0,0,0
eg2207,20220218,20220218,112729000,11:27:29,5094,3861,28549,195213180,0,0,0
eg2207,20220218,20220218,112729500,11:27:30,5094,3861,28549,195213180,0,0,0
eg2207,20220218,20220218,112730000,11:27:30,5094,3861,28549,195213180,0,0,0
eg2207,20220218,20220218,112730500,11:27:31,5092,3863,28549,195315020,2,0,101840
eg2207,20220218,20220218,112731000,11:27:33,5092,3863,28549,195315020,0,0,0
eg2207,20220218,20220218,112731500,11:27:35,5092,3864,28549,195365940,1,0,50920
eg2207,20220218,20220218,112735500,11:27:36,5092,3864,28549,195365940,0,0,0
eg2207,20220218,20220218,112736000,11:27:37,5092,3864,28549,195365940,0,0,0
eg2207,20220218,20220218,112736500,11:27:38,5092,3864,28549,195365940,0,0,0
eg2207,20220218,20220218,112737000,11:27:38,5092,3864,28549,195365940,0,0,0
eg2207,20220218,20220218,112737500,11:27:38,5092,3864,28549,195365940,0,0,0
eg2207,20220218,20220218,112745000,11:27:46,5092,3864,28549,195365940,0,0,0
eg2207,20220218,20220218,112745500,11:27:46,5092,3864,28549,195365940,0,0,0
eg2207,20220218,20220218,112746000,11:27:46,5092,3864,28549,195365940,0,0,0
eg2207,20220218,20220218,112746500,11:27:47,5092,3864,28549,195365940,0,0,0
eg2207,20220218,20220218,112747000,11:27:47,5092,3864,28549,195365940,0,0,0
eg2207,20220218,20220218,112747500,11:27:48,5092,3864,28549,195365940,0,0,0
eg2207,20220218,20220218,112748000,11:27:53,5092,3864,28549,195365940,0,0,0
eg2207,20220218,20220218,112748500,11:27:54,5092,3864,28549,195365940,0,0,0
eg2207,20220218,20220218,112749000,11:27:54,5092,3864,28549,195365940,0,0,0
eg2207,20220218,20220218,112754000,11:27:54,5092,3864,28549,195365940,0,0,0
eg2207,20220218,20220218,112754500,11:27:55,5092,3864,28549,195365940,0,0,0
eg2207,20220218,20220218,112755000,11:27:55,5092,3864,28549,195365940,0,0,0
eg2207,20220218,20220218,112755500,11:27:55,5092,3864,28549,195365940,0,0,0
eg2207,20220218,20220218,112756000,11:27:56,5092,3864,28549,195365940,0,0,0
eg2207,20220218,20220218,112756500,11:27:56,5092,3864,28549,195365940,0,0,0
eg2207,20220218,20220218,112757000,11:27:57,5092,3864,28549,195365940,0,0,0
eg2207,20220218,20220218,112757500,11:27:57,5092,3864,28549,195365940,0,0,0
eg2207,20220218,20220218,112758000,11:27:58,5092,3864,28549,195365940,0,0,0
eg2207,20220218,20220218,112758500,11:27:59,5092,3864,28549,195365940,0,0,0
eg2207,20220218,20220218,112759000,11:27:59,5092,3864,28549,195365940,0,0,0
eg2207,20220218,20220218,112759500,11:27:59,5092,3864,28549,195365940,0,0,0
eg2207,20220218,20220218,112800000,11:28:01,5092,3864,28549,195365940,0,0,0
eg2207,20220218,20220218,112800500,11:28:01,5092,3864,28549,195365940,0,0,0
eg2207,20220218,20220218,112801000,11:28:01,5092,3864,28549,195365940,0,0,0
eg2207,20220218,20220218,112801500,11:28:02,5092,3864,28549,195365940,0,0,0
eg2207,20220218,20220218,112802000,11:28:03,5092,3864,28549,195365940,0,0,0
eg2207,20220218,20220218,112802500,11:28:03,5092,3864,28549,195365940,0,0,0
eg2207,20220218,20220218,112803000,11:28:04,5092,3864,28549,195365940,0,0,0
eg2207,20220218,20220218,112803500,11:28:04,5092,3864,28549,195365940,0,0,0
eg2207,20220218,20220218,112804000,11:28:04,5092,3864,28549,195365940,0,0,0
eg2207,20220218,20220218,112804500,11:28:06,5092,3864,28549,195365940,0,0,0
eg2207,20220218,20220218,112805000,11:28:06,5092,3864,28549,195365940,0,0,0
eg2207,20220218,20220218,112814000,11:28:14,5092,3864,28549,195365940,0,0,0
eg2207,20220218,20220218,112814500,11:28:14,5092,3864,28549,195365940,0,0,0
eg2207,20220218,20220218,112815000,11:28:15,5092,3864,28549,195365940,0,0,0
eg2207,20220218,20220218,112815500,11:28:15,5092,3864,28549,195365940,0,0,0
eg2207,20220218,20220218,112817500,11:28:17,5092,3864,28549,195365940,0,0,0
eg2207,20220218,20220218,112818000,11:28:18,5092,3864,28549,195365940,0,0,0
eg2207,20220218,20220218,112818500,11:28:18,5092,3864,28549,195365940,0,0,0
eg2207,20220218,20220218,112819000,11:28:19,5092,3864,28549,195365940,0,0,0
eg2207,20220218,20220218,112819500,11:28:20,5092,3864,28549,195365940,0,0,0
eg2207,20220218,20220218,112821000,11:28:21,5092,3864,28549,195365940,0,0,0
eg2207,20220218,20220218,112822000,11:28:22,5092,3864,28549,195365940,0,0,0
eg2207,20220218,20220218,112822500,11:28:22,5092,3864,28549,195365940,0,0,0
eg2207,20220218,20220218,112823000,11:28:23,5092,3864,28549,195365940,0,0,0
eg2207,20220218,20220218,112823500,11:28:24,5092,3864,28549,195365940,0,0,0
eg2207,20220218,20220218,112824000,11:28:24,5092,3864,28549,195365940,0,0,0
eg2207,20220218,20220218,112827500,11:28:27,5092,3864,28549,195365940,0,0,0
eg2207,20220218,20220218,112828000,11:28:28,5092,3864,28549,195365940,0,0,0
eg2207,20220218,20220218,112829000,11:28:29,5092,3864,28549,195365940,0,0,0
eg2207,20220218,20220218,112829500,11:28:30,5092,3864,28549,195365940,0,0,0
eg2207,20220218,20220218,112830000,11:28:30,5092,3864,28549,195365940,0,0,0
eg2207,20220218,20220218,112830500,11:28:31,5092,3864,28549,195365940,0,0,0
eg2207,20220218,20220218,112831000,11:28:31,5092,3864,28549,195365940,0,0,0
eg2207,20220218,20220218,112834000,11:28:34,5092,3864,28549,195365940,0,0,0
eg2207,20220218,20220218,112834500,11:28:34,5092,3864,28549,195365940,0,0,0
eg2207,20220218,20220218,112835000,11:28:35,5092,3864,28549,195365940,0,0,0
eg2207,20220218,20220218,112835500,11:28:37,5092,3864,28549,195365940,0,0,0
eg2207,20220218,20220218,112837000,11:28:37,5092,3864,28549,195365940,0,0,0
eg2207,20220218,20220218,112837500,11:28:38,5092,3864,28549,195365940,0,0,0
eg2207,20220218,20220218,112838000,11:28:38,5092,3864,28549,195365940,0,0,0
eg2207,20220218,20220218,112838500,11:28:38,5092,3864,28549,195365940,0,0,0
eg2207,20220218,20220218,112839000,11:28:40,5092,3864,28549,195365940,0,0,0
eg2207,20220218,20220218,112839500,11:28:40,5092,3864,28549,195365940,0,0,0
eg2207,20220218,20220218,112840500,11:28:40,5092,3864,28549,195365940,0,0,0
eg2207,20220218,20220218,112841000,11:28:41,5092,3864,28549,195365940,0,0,0
eg2207,20220218,20220218,112841500,11:28:41,5092,3864,28549,195365940,0,0,0
eg2207,20220218,20220218,112842500,11:28:43,5092,3864,28549,195365940,0,0,0
eg2207,20220218,20220218,112843500,11:28:44,5092,3864,28549,195365940,0,0,0
eg2207,20220218,20220218,112844000,11:28:44,5092,3864,28549,195365940,0,0,0
eg2207,20220218,20220218,112846000,11:28:46,5092,3864,28549,195365940,0,0,0
eg2207,20220218,20220218,112846500,11:28:46,5092,3864,28549,195365940,0,0,0
eg2207,20220218,20220218,112847000,11:28:47,5092,3864,28549,195365940,0,0,0
eg2207,20220218,20220218,112847500,11:28:48,5092,3864,28549,195365940,0,0,0
eg2207,20220218,20220218,112848000,11:28:48,5092,3864,28549,195365940,0,0,0
eg2207,20220218,20220218,112848500,11:28:48,5092,3864,28549,195365940,0,0,0
eg2207,20220218,20220218,112849000,11:28:49,5092,3864,28549,195365940,0,0,0
eg2207,20220218,20220218,112849500,11:28:50,5092,3864,28549,195365940,0,0,0
eg2207,20220218,20220218,112850000,11:28:50,5092,3864,28549,195365940,0,0,0
eg2207,20220218,20220218,112850500,11:28:51,5092,3864,28549,195365940,0,0,0
eg2207,20220218,20220218,112851000,11:28:51,5092,3864,28549,195365940,0,0,0
eg2207,20220218,20220218,112851500,11:28:52,5092,3864,28549,195365940,0,0,0
eg2207,20220218,20220218,112852000,11:28:53,5092,3864,28549,195365940,0,0,0
eg2207,20220218,20220218,112852500,11:28:54,5092,3864,28549,195365940,0,0,0
eg2207,20220218,20220218,112853000,11:28:54,5092,3864,28549,195365940,0,0,0
eg2207,20220218,20220218,112853500,11:28:54,5092,3864,28549,195365940,0,0,0
eg2207,20220218,20220218,112854000,11:28:54,5092,3864,28549,195365940,0,0,0
eg2207,20220218,20220218,112854500,11:28:54,5092,3864,28549,195365940,0,0,0
eg2207,20220218,20220218,112855000,11:28:55,5092,3864,28549,195365940,0,0,0
eg2207,20220218,20220218,112855500,11:28:56,5092,3864,28549,195365940,0,0,0
eg2207,20220218,20220218,112856000,11:28:56,5092,3864,28549,195365940,0,0,0
eg2207,20220218,20220218,112856500,11:28:56,5092,3864,28549,195365940,0,0,0
eg2207,20220218,20220218,112857000,11:28:57,5092,3864,28549,195365940,0,0,0
eg2207,20220218,20220218,112857500,11:28:58,5092,3864,28549,195365940,0,0,0
eg2207,20220218,20220218,112858000,11:28:59,5092,3864,28549,195365940,0,0,0
eg2207,20220218,20220218,112858500,11:28:59,5092,3864,28549,195365940,0,0,0
eg2207,20220218,20220218,112901000,11:29:01,5092,3864,28549,195365940,0,0,0
eg2207,20220218,20220218,112901500,11:29:02,5092,3864,28549,195365940,0,0,0
eg2207,20220218,20220218,112902000,11:29:03,5092,3864,28549,195365940,0,0,0
eg2207,20220218,20220218,112902500,11:29:03,5092,3864,28549,195365940,0,0,0
eg2207,20220218,20220218,112903000,11:29:03,5092,3864,28549,195365940,0,0,0
eg2207,20220218,20220218,112903500,11:29:04,5092,3864,28549,195365940,0,0,0
eg2207,20220218,20220218,112904000,11:29:04,5092,3864,28549,195365940,0,0,0
eg2207,20220218,20220218,112904500,11:29:04,5092,3864,28549,195365940,0,0,0
eg2207,20220218,20220218,112905000,11:29:05,5092,3864,28549,195365940,0,0,0
eg2207,20220218,20220218,112905500,11:29:06,5092,3864,28549,195365940,0,0,0
eg2207,20220218,20220218,112906000,11:29:06,5092,3864,28549,195365940,0,0,0
eg2207,20220218,20220218,112907000,11:29:08,5092,3864,28549,195365940,0,0,0
eg2207,20220218,20220218,112908500,11:29:08,5092,3864,28549,195365940,0,0,0
eg2207,20220218,20220218,112909000,11:29:09,5092,3864,28549,195365940,0,0,0
eg2207,20220218,20220218,112911500,11:29:12,5092,3864,28549,195365940,0,0,0
eg2207,20220218,20220218,112912000,11:29:12,5092,3864,28549,195365940,0,0,0
eg2207,20220218,20220218,112912500,11:29:12,5092,3864,28549,195365940,0,0,0
eg2207,20220218,20220218,112913000,11:29:13,5092,3864,28549,195365940,0,0,0
eg2207,20220218,20220218,112914500,11:29:15,5092,3864,28549,195365940,0,0,0
eg2207,20220218,20220218,112915000,11:29:15,5092,3864,28549,195365940,0,0,0
eg2207,20220218,20220218,112919500,11:29:21,5092,3864,28549,195365940,0,0,0
eg2207,20220218,20220218,112923000,11:29:24,5092,3864,28549,195365940,0,0,0
eg2207,20220218,20220218,112924000,11:29:24,5092,3864,28549,195365940,0,0,0
eg2207,20220218,20220218,112924500,11:29:25,5092,3864,28549,195365940,0,0,0
eg2207,20220218,20220218,112925000,11:29:25,5092,3864,28549,195365940,0,0,0
eg2207,20220218,20220218,112925500,11:29:26,5092,3864,28549,195365940,0,0,0
eg2207,20220218,20220218,112930500,11:29:31,5092,3864,28549,195365940,0,0,0
eg2207,20220218,20220218,112931000,11:29:32,5092,3864,28549,195365940,0,0,0
eg2207,20220218,20220218,112931500,11:29:32,5092,3864,28549,195365940,0,0,0
eg2207,20220218,20220218,112932000,11:29:36,5092,3864,28549,195365940,0,0,0
eg2207,20220218,20220218,112932500,11:29:37,5092,3864,28549,195365940,0,0,0
eg2207,20220218,20220218,112933000,11:29:37,5092,3864,28549,195365940,0,0,0
eg2207,20220218,20220218,112936500,11:29:38,5092,3864,28549,195365940,0,0,0
eg2207,20220218,20220218,112937500,11:29:38,5092,3864,28549,195365940,0,0,0
eg2207,20220218,20220218,112940500,11:29:40,5092,3864,28549,195365940,0,0,0
eg2207,20220218,20220218,112941000,11:29:41,5092,3864,28549,195365940,0,0,0
eg2207,20220218,20220218,112942500,11:29:44,5092,3864,28549,195365940,0,0,0
eg2207,20220218,20220218,112943000,11:29:45,5092,3864,28549,195365940,0,0,0
eg2207,20220218,20220218,112943500,11:29:45,5092,3864,28549,195365940,0,0,0
eg2207,20220218,20220218,112944000,11:29:45,5092,3864,28549,195365940,0,0,0
eg2207,20220218,20220218,112950500,11:29:52,5092,3864,28549,195365940,0,0,0
eg2207,20220218,20220218,112951000,11:29:52,5092,3864,28549,195365940,0,0,0
eg2207,20220218,20220218,112955500,11:29:56,5092,3864,28549,195365940,0,0,0
eg2207,20220218,20220218,112956000,11:30:00,5093,3870,28546,195671510,6,-3,305570
eg2207,20220218,20220218,112956500,11:30:00,5093,3870,28546,195671510,0,0,0
eg2207,20220218,20220218,112957000,11:30:02,5093,3870,28546,195671510,0,0,0
eg2207,20220218,20220218,112959500,11:30:02,5093,3870,28546,195671510,0,0,0
eg2207,20220218,20220218,113001000,11:30:03,5093,3870,28546,195671510,0,0,0
eg2207,20220218,20220218,133002000,13:30:08,5093,3870,28546,195671510,0,0,0
eg2207,20220218,20220218,133008000,13:30:10,5093,3870,28546,195671510,0,0,0
eg2207,20220218,20220218,133008500,13:30:10,5093,3870,28546,195671510,0,0,0
eg2207,20220218,20220218,133010500,13:30:12,5097,3893,28546,196843620,23,0,1172110
eg2207,20220218,20220218,133011000,13:30:13,5097,3893,28546,196843620,0,0,0
eg2207,20220218,20220218,133012000,13:30:13,5097,3893,28546,196843620,0,0,0
eg2207,20220218,20220218,133016500,13:30:18,5097,3893,28546,196843620,0,0,0
eg2207,20220218,20220218,133017000,13:30:18,5097,3893,28546,196843620,0,0,0
eg2207,20220218,20220218,133018500,13:30:20,5097,3893,28546,196843620,0,0,0
eg2207,20220218,20220218,133019000,13:30:20,5097,3893,28546,196843620,0,0,0
eg2207,20220218,20220218,133019500,13:30:21,5097,3893,28546,196843620,0,0,0
eg2207,20220218,20220218,133020000,13:30:21,5097,3893,28546,196843620,0,0,0
eg2207,20220218,20220218,133020500,13:30:21,5097,3893,28546,196843620,0,0,0
eg2207,20220218,20220218,133021000,13:30:21,5097,3893,28546,196843620,0,0,0
eg2207,20220218,20220218,133038000,13:30:40,5100,3902,28548,197302530,9,2,458910
eg2207,20220218,20220218,133040500,13:30:42,5100,3902,28548,197302530,0,0,0
eg2207,20220218,20220218,133042000,13:30:44,5100,3902,28548,197302530,0,0,0
eg2207,20220218,20220218,133045500,13:30:47,5100,3902,28548,197302530,0,0,0
eg2207,20220218,20220218,133046000,13:30:47,5100,3902,28548,197302530,0,0,0
eg2207,20220218,20220218,133047500,13:30:48,5100,3902,28548,197302530,0,0,0
eg2207,20220218,20220218,133048000,13:30:49,5100,3902,28548,197302530,0,0,0
eg2207,20220218,20220218,133048500,13:30:49,5100,3902,28548,197302530,0,0,0
eg2207,20220218,20220218,133049000,13:30:50,5100,3902,28548,197302530,0,0,0
eg2207,20220218,20220218,133049500,13:30:50,5100,3902,28548,197302530,0,0,0
eg2207,20220218,20220218,133050000,13:30:51,5100,3902,28548,197302530,0,0,0
eg2207,20220218,20220218,133051000,13:30:52,5100,3903,28549,197353530,1,1,51000
eg2207,20220218,20220218,133051500,13:30:52,5100,3903,28549,197353530,0,0,0
eg2207,20220218,20220218,133052000,13:30:53,5100,3903,28549,197353530,0,0,0
eg2207,20220218,20220218,133054500,13:30:55,5100,3903,28549,197353530,0,0,0
eg2207,20220218,20220218,133055000,13:30:56,5100,3903,28549,197353530,0,0,0
eg2207,20220218,20220218,133101500,13:31:01,5102,3904,28548,197404550,1,-1,51020
eg2207,20220218,20220218,133107000,13:31:08,5104,3909,28548,197659740,5,0,255190
eg2207,20220218,20220218,133107500,13:31:09,5104,3909,28548,197659740,0,0,0
eg2207,20220218,20220218,133108500,13:31:09,5104,3909,28548,197659740,0,0,0
eg2207,20220218,20220218,133110000,13:31:11,5104,3909,28548,197659740,0,0,0
eg2207,20220218,20220218,133111500,13:31:12,5104,3909,28548,197659740,0,0,0
eg2207,20220218,20220218,133112000,13:31:13,5104,3909,28548,197659740,0,0,0
eg2207,20220218,20220218,133122000,13:31:23,5103,3911,28548,197761800,2,0,102060
eg2207,20220218,20220218,133122500,13:31:25,5103,3911,28548,197761800,0,0,0
eg2207,20220218,20220218,133123000,13:31:25,5103,3911,28548,197761800,0,0,0
eg2207,20220218,20220218,133123500,13:31:25,5103,3911,28548,197761800,0,0,0
eg2207,20220218,20220218,133124000,13:31:25,5103,3911,28548,197761800,0,0,0
eg2207,20220218,20220218,133159500,13:32:00,5103,3911,28548,197761800,0,0,0
eg2207,20220218,20220218,133200500,13:32:01,5103,3911,28548,197761800,0,0,0
eg2207,20220218,20220218,133201000,13:32:01,5103,3911,28548,197761800,0,0,0
eg2207,20220218,20220218,133201500,13:32:01,5103,3911,28548,197761800,0,0,0
eg2207,20220218,20220218,133203000,13:32:05,5103,3911,28548,197761800,0,0,0
eg2207,20220218,20220218,133203500,13:32:05,5103,3911,28548,197761800,0,0,0
eg2207,20220218,20220218,133204500,13:32:06,5103,3911,28548,197761800,0,0,0
eg2207,20220218,20220218,133205500,13:32:06,5103,3911,28548,197761800,0,0,0
eg2207,20220218,20220218,133206000,13:32:07,5103,3911,28548,197761800,0,0,0
eg2207,20220218,20220218,133206500,13:32:07,5103,3911,28548,197761800,0,0,0
eg2207,20220218,20220218,133209000,13:32:10,5103,3911,28548,197761800,0,0,0
eg2207,20220218,20220218,133209500,13:32:10,5103,3911,28548,197761800,0,0,0
eg2207,20220218,20220218,133210000,13:32:13,5103,3911,28548,197761800,0,0,0
eg2207,20220218,20220218,133210500,13:32:14,5103,3911,28548,197761800,0,0,0
eg2207,20220218,20220218,133212000,13:32:15,5103,3911,28548,197761800,0,0,0
eg2207,20220218,20220218,133214000,13:32:15,5103,3911,28548,197761800,0,0,0
eg2207,20220218,20220218,133215000,13:32:16,5103,3911,28548,197761800,0,0,0
eg2207,20220218,20220218,133215500,13:32:17,5103,3911,28548,197761800,0,0,0
eg2207,20220218,20220218,133216000,13:32:17,5103,3911,28548,197761800,0,0,0
eg2207,20220218,20220218,133216500,13:32:17,5103,3911,28548,197761800,0,0,0
eg2207,20220218,20220218,133217500,13:32:18,5103,3911,28548,197761800,0,0,0
eg2207,20220218,20220218,133218000,13:32:18,5103,3911,28548,197761800,0,0,0
eg2207,20220218,20220218,133219500,13:32:20,5103,3911,28548,197761800,0,0,0
eg2207,20220218,20220218,133221500,13:32:22,5103,3911,28548,197761800,0,0,0
eg2207,20220218,20220218,133222000,13:32:23,5103,3911,28548,197761800,0,0,0
eg2207,20220218,20220218,133222500,13:32:24,5103,3911,28548,197761800,0,0,0
eg2207,20220218,20220218,133223000,13:32:24,5103,3911,28548,197761800,0,0,0
eg2207,20220218,20220218,133223500,13:32:24,5103,3911,28548,197761800,0,0,0
eg2207,20220218,20220218,133224000,13:32:24,5103,3911,28548,197761800,0,0,0
eg2207,20220218,20220218,133224500,13:32:25,5103,3911,28548,197761800,0,0,0
eg2207,20220218,20220218,133225500,13:32:26,5105,3914,28548,197914950,3,0,153150
eg2207,20220218,20220218,133226000,13:32:27,5105,3914,28548,197914950,0,0,0
eg2207,20220218,20220218,133226500,13:32:27,5105,3914,28548,197914950,0,0,0
eg2207,20220218,20220218,133227000,13:32:27,5105,3914,28548,197914950,0,0,0
eg2207,20220218,20220218,133227500,13:32:32,5105,3914,28548,197914950,0,0,0
eg2207,20220218,20220218,133231500,13:32:35,5105,3914,28548,197914950,0,0,0
eg2207,20220218,20220218,133233500,13:32:35,5105,3914,28548,197914950,0,0,0
eg2207,20220218,20220218,133235000,13:32:36,5105,3914,28548,197914950,0,0,0
eg2207,20220218,20220218,133236000,13:32:37,5105,3914,28548,197914950,0,0,0
eg2207,20220218,20220218,133236500,13:32:37,5105,3914,28548,197914950,0,0,0
eg2207,20220218,20220218,133237000,13:32:37,5105,3914,28548,197914950,0,0,0
eg2207,20220218,20220218,133237500,13:32:38,5105,3914,28548,197914950,0,0,0
eg2207,20220218,20220218,133238000,13:32:38,5105,3914,28548,197914950,0,0,0
eg2207,20220218,20220218,133238500,13:32:39,5105,3914,28548,197914950,0,0,0
eg2207,20220218,20220218,133239000,13:32:39,5105,3914,28548,197914950,0,0,0
eg2207,20220218,20220218,133239500,13:32:40,5102,3918,28549,198119030,4,1,204080
eg2207,20220218,20220218,133240000,13:32:40,5102,3918,28549,198119030,0,0,0
eg2207,20220218,20220218,133240500,13:32:41,5102,3918,28549,198119030,0,0,0
eg2207,20220218,20220218,133241000,13:32:41,5102,3918,28549,198119030,0,0,0
eg2207,20220218,20220218,133241500,13:32:42,5102,3918,28549,198119030,0,0,0
eg2207,20220218,20220218,133243500,13:32:44,5102,3918,28549,198119030,0,0,0
eg2207,20220218,20220218,133244000,13:32:44,5102,3918,28549,198119030,0,0,0
eg2207,20220218,20220218,133244500,13:32:45,5102,3918,28549,198119030,0,0,0
eg2207,20220218,20220218,133245000,13:32:45,5102,3918,28549,198119030,0,0,0
eg2207,20220218,20220218,133245500,13:32:45,5102,3918,28549,198119030,0,0,0
eg2207,20220218,20220218,133246500,13:32:47,5102,3918,28549,198119030,0,0,0
eg2207,20220218,20220218,133247000,13:32:47,5102,3918,28549,198119030,0,0,0
eg2207,20220218,20220218,133248000,13:32:49,5102,3918,28549,198119030,0,0,0
eg2207,20220218,20220218,133250000,13:32:51,5102,3918,28549,198119030,0,0,0
eg2207,20220218,20220218,133250500,13:32:52,5102,3918,28549,198119030,0,0,0
eg2207,20220218,20220218,133252000,13:32:53,5102,3918,28549,198119030,0,0,0
eg2207,20220218,20220218,133255000,13:32:55,5102,3918,28549,198119030,0,0,0
eg2207,20220218,20220218,133255500,13:32:55,5102,3918,28549,198119030,0,0,0
eg2207,20220218,20220218,133256500,13:32:57,5102,3918,28549,198119030,0,0,0
eg2207,20220218,20220218,133257000,13:32:59,5102,3918,28549,198119030,0,0,0
eg2207,20220218,20220218,133258000,13:33:00,5102,3918,28549,198119030,0,0,0
eg2207,20220218,20220218,133259500,13:33:01,5102,3918,28549,198119030,0,0,0
eg2207,20220218,20220218,133300000,13:33:01,5102,3918,28549,198119030,0,0,0
eg2207,20220218,20220218,133302500,13:33:03,5102,3918,28549,198119030,0,0,0
eg2207,20220218,20220218,133303000,13:33:04,5102,3918,28549,198119030,0,0,0
eg2207,20220218,20220218,133305000,13:33:05,5102,3918,28549,198119030,0,0,0
eg2207,20220218,20220218,133307000,13:33:07,5102,3918,28549,198119030,0,0,0
eg2207,20220218,20220218,133307500,13:33:08,5102,3918,28549,198119030,0,0,0
eg2207,20220218,20220218,133308000,13:33:08,5102,3918,28549,198119030,0,0,0
eg2207,20220218,20220218,133308500,13:33:09,5102,3918,28549,198119030,0,0,0
eg2207,20220218,20220218,133309000,13:33:10,5102,3918,28549,198119030,0,0,0
eg2207,20220218,20220218,133310000,13:33:11,5102,3918,28549,198119030,0,0,0
eg2207,20220218,20220218,133310500,13:33:13,5102,3918,28549,198119030,0,0,0
eg2207,20220218,20220218,133313500,13:33:15,5102,3918,28549,198119030,0,0,0
eg2207,20220218,20220218,133314000,13:33:17,5102,3918,28549,198119030,0,0,0
eg2207,20220218,20220218,133315000,13:33:18,5102,3918,28549,198119030,0,0,0
eg2207,20220218,20220218,133317000,13:33:18,5102,3918,28549,198119030,0,0,0
eg2207,20220218,20220218,133318000,13:33:19,5102,3918,28549,198119030,0,0,0
eg2207,20220218,20220218,133319000,13:33:20,5102,3918,28549,198119030,0,0,0
eg2207,20220218,20220218,133319500,13:33:21,5102,3918,28549,198119030,0,0,0
eg2207,20220218,20220218,133322000,13:33:22,5102,3918,28549,198119030,0,0,0
eg2207,20220218,20220218,133322500,13:33:22,5102,3918,28549,198119030,0,0,0
eg2207,20220218,20220218,133323000,13:33:23,5102,3918,28549,198119030,0,0,0
eg2207,20220218,20220218,133323500,13:33:24,5108,3929,28545,198680670,11,-4,561640
eg2207,20220218,20220218,133324000,13:33:24,5108,3929,28545,198680670,0,0,0
eg2207,20220218,20220218,133324500,13:33:25,5108,3929,28545,198680670,0,0,0
eg2207,20220218,20220218,133325000,13:33:26,5108,3929,28545,198680670,0,0,0
eg2207,20220218,20220218,133325500,13:33:27,5108,3929,28545,198680670,0,0,0
eg2207,20220218,20220218,133326000,13:33:28,5108,3929,28545,198680670,0,0,0
eg2207,20220218,20220218,133326500,13:33:29,5108,3929,28545,198680670,0,0,0
eg2207,20220218,20220218,133328000,13:33:30,5108,3929,28545,198680670,0,0,0
eg2207,20220218,20220218,133329500,13:33:30,5108,3929,28545,198680670,0,0,0
eg2207,20220218,20220218,133330000,13:33:30,5108,3929,28545,198680670,0,0,0
eg2207,20220218,20220218,133330500,13:33:31,5108,3929,28545,198680670,0,0,0
eg2207,20220218,20220218,133331000,13:33:32,5108,3929,28545,198680670,0,0,0
eg2207,20220218,20220218,133331500,13:33:32,5108,3929,28545,198680670,0,0,0
eg2207,20220218,20220218,133332000,13:33:32,5108,3929,28545,198680670,0,0,0
eg2207,20220218,20220218,133334500,13:33:34,5108,3929,28545,198680670,0,0,0
eg2207,20220218,20220218,133335000,13:33:35,5108,3929,28545,198680670,0,0,0
eg2207,20220218,20220218,133335500,13:33:35,5108,3929,28545,198680670,0,0,0
eg2207,20220218,20220218,133336000,13:33:36,5108,3929,28545,198680670,0,0,0
eg2207,20220218,20220218,133336500,13:33:36,5108,3929,28545,198680670,0,0,0
eg2207,20220218,20220218,133337000,13:33:37,5108,3929,28545,198680670,0,0,0
eg2207,20220218,20220218,133337500,13:33:37,5108,3929,28545,198680670,0,0,0
eg2207,20220218,20220218,133338000,13:33:38,5108,3929,28545,198680670,0,0,0
eg2207,20220218,20220218,133338500,13:33:39,5108,3929,28545,198680670,0,0,0
eg2207,20220218,20220218,133340500,13:33:41,5108,3929,28545,198680670,0,0,0
eg2207,20220218,20220218,133341000,13:33:41,5108,3929,28545,198680670,0,0,0
eg2207,20220218,20220218,133341500,13:33:42,5108,3929,28545,198680670,0,0,0
eg2207,20220218,20220218,133342000,13:33:42,5108,3929,28545,198680670,0,0,0
eg2207,20220218,20220218,133342500,13:33:42,5108,3929,28545,198680670,0,0,0
eg2207,20220218,20220218,133343000,13:33:43,5105,3930,28546,198731720,1,1,51050
eg2207,20220218,20220218,133343500,13:33:44,5105,3930,28546,198731720,0,0,0
eg2207,20220218,20220218,133344000,13:33:45,5105,3930,28546,198731720,0,0,0
eg2207,20220218,20220218,133344500,13:33:45,5105,3930,28546,198731720,0,0,0
eg2207,20220218,20220218,133345000,13:33:45,5105,3930,28546,198731720,0,0,0
eg2207,20220218,20220218,133345500,13:33:47,5105,3930,28546,198731720,0,0,0
eg2207,20220218,20220218,133346000,13:33:48,5105,3930,28546,198731720,0,0,0
eg2207,20220218,20220218,133346500,13:33:48,5105,3930,28546,198731720,0,0,0
eg2207,20220218,20220218,133347000,13:33:49,5105,3930,28546,198731720,0,0,0
eg2207,20220218,20220218,133347500,13:33:49,5105,3930,28546,198731720,0,0,0
eg2207,20220218,20220218,133348000,13:33:49,5105,3930,28546,198731720,0,0,0
eg2207,20220218,20220218,133348500,13:33:50,5105,3930,28546,198731720,0,0,0
eg2207,20220218,20220218,133349000,13:33:50,5105,3930,28546,198731720,0,0,0
eg2207,20220218,20220218,133349500,13:33:50,5105,3930,28546,198731720,0,0,0
eg2207,20220218,20220218,133350000,13:33:50,5105,3930,28546,198731720,0,0,0
eg2207,20220218,20220218,133350500,13:33:50,5105,3930,28546,198731720,0,0,0
eg2207,20220218,20220218,133351000,13:33:51,5105,3930,28546,198731720,0,0,0
eg2207,20220218,20220218,133351500,13:33:52,5105,3930,28546,198731720,0,0,0
eg2207,20220218,20220218,133352000,13:33:52,5105,3930,28546,198731720,0,0,0
eg2207,20220218,20220218,133352500,13:33:53,5105,3930,28546,198731720,0,0,0
eg2207,20220218,20220218,133353000,13:33:53,5105,3930,28546,198731720,0,0,0
eg2207,20220218,20220218,133353500,13:33:53,5105,3930,28546,198731720,0,0,0
eg2207,20220218,20220218,133354000,13:33:54,5105,3930,28546,198731720,0,0,0
eg2207,20220218,20220218,133355000,13:33:56,5105,3930,28546,198731720,0,0,0
eg2207,20220218,20220218,133355500,13:33:56,5105,3930,28546,198731720,0,0,0
eg2207,20220218,20220218,133356500,13:33:57,5105,3930,28546,198731720,0,0,0
eg2207,20220218,20220218,133357000,13:33:58,5105,3930,28546,198731720,0,0,0
eg2207,20220218,20220218,133357500,13:33:58,5105,3930,28546,198731720,0,0,0
eg2207,20220218,20220218,133358000,13:33:58,5105,3930,28546,198731720,0,0,0
eg2207,20220218,20220218,133358500,13:33:59,5105,3930,28546,198731720,0,0,0
eg2207,20220218,20220218,133359000,13:33:59,5105,3930,28546,198731720,0,0,0
eg2207,20220218,20220218,133359500,13:34:00,5105,3930,28546,198731720,0,0,0
eg2207,20220218,20220218,133400000,13:34:00,5105,3930,28546,198731720,0,0,0
eg2207,20220218,20220218,133400500,13:34:01,5106,3933,28546,198884900,3,0,153180
eg2207,20220218,20220218,133401000,13:34:02,5106,3933,28546,198884900,0,0,0
eg2207,20220218,20220218,133401500,13:34:02,5106,3933,28546,198884900,0,0,0
eg2207,20220218,20220218,133402000,13:34:10,5106,3933,28546,198884900,0,0,0
eg2207,20220218,20220218,133403000,13:34:11,5106,3933,28546,198884900,0,0,0
eg2207,20220218,20220218,133409500,13:34:12,5106,3933,28546,198884900,0,0,0
eg2207,20220218,20220218,133410500,13:34:12,5106,3933,28546,198884900,0,0,0
eg2207,20220218,20220218,133411000,13:34:12,5106,3933,28546,198884900,0,0,0
eg2207,20220218,20220218,133412000,13:34:13,5106,3933,28546,198884900,0,0,0
eg2207,20220218,20220218,133412500,13:34:13,5106,3933,28546,198884900,0,0,0
eg2207,20220218,20220218,133413000,13:34:14,5106,3933,28546,198884900,0,0,0
eg2207,20220218,20220218,133413500,13:34:14,5106,3933,28546,198884900,0,0,0
eg2207,20220218,20220218,133414000,13:34:14,5106,3933,28546,198884900,0,0,0
eg2207,20220218,20220218,133414500,13:34:15,5106,3933,28546,198884900,0,0,0
eg2207,20220218,20220218,133415000,13:34:15,5106,3933,28546,198884900,0,0,0
eg2207,20220218,20220218,133415500,13:34:16,5106,3933,28546,198884900,0,0,0
eg2207,20220218,20220218,133416000,13:34:16,5106,3933,28546,198884900,0,0,0
eg2207,20220218,20220218,133416500,13:34:17,5106,3933,28546,198884900,0,0,0
eg2207,20220218,20220218,133417500,13:34:17,5106,3933,28546,198884900,0,0,0
eg2207,20220218,20220218,133418000,13:34:18,5109,3940,28547,199242530,7,1,357630
eg2207,20220218,20220218,133418500,13:34:19,5109,3940,28547,199242530,0,0,0
eg2207,20220218,20220218,133419000,13:34:19,5109,3940,28547,199242530,0,0,0
eg2207,20220218,20220218,133419500,13:34:20,5109,3940,28547,199242530,0,0,0
eg2207,20220218,20220218,133420000,13:34:20,5109,3940,28547,199242530,0,0,0
eg2207,20220218,20220218,133420500,13:34:23,5109,3940,28547,199242530,0,0,0
eg2207,20220218,20220218,133421000,13:34:23,5109,3940,28547,199242530,0,0,0
eg2207,20220218,20220218,133421500,13:34:24,5109,3940,28547,199242530,0,0,0
eg2207,20220218,20220218,133422500,13:34:24,5109,3940,28547,199242530,0,0,0
eg2207,20220218,20220218,133425000,13:34:25,5109,3940,28547,199242530,0,0,0
eg2207,20220218,20220218,133425500,13:34:26,5109,3940,28547,199242530,0,0,0
eg2207,20220218,20220218,133426000,13:34:26,5109,3940,28547,199242530,0,0,0
eg2207,20220218,20220218,133426500,13:34:26,5109,3940,28547,199242530,0,0,0
eg2207,20220218,20220218,133427000,13:34:27,5109,3940,28547,199242530,0,0,0
eg2207,20220218,20220218,133429000,13:34:29,5109,3940,28547,199242530,0,0,0
eg2207,20220218,20220218,133429500,13:34:29,5111,3941,28546,199293640,1,-1,51110
eg2207,20220218,20220218,133431500,13:34:31,5111,3941,28546,199293640,0,0,0
eg2207,20220218,20220218,133432000,13:34:32,5111,3941,28546,199293640,0,0,0
eg2207,20220218,20220218,133432500,13:34:32,5111,3941,28546,199293640,0,0,0
eg2207,20220218,20220218,133433000,13:34:34,5111,3941,28546,199293640,0,0,0
eg2207,20220218,20220218,133433500,13:34:34,5111,3941,28546,199293640,0,0,0
eg2207,20220218,20220218,133434000,13:34:34,5111,3941,28546,199293640,0,0,0
eg2207,20220218,20220218,133434500,13:34:35,5111,3941,28546,199293640,0,0,0
eg2207,20220218,20220218,133435000,13:34:35,5109,3944,28546,199446910,3,0,153270
eg2207,20220218,20220218,133435500,13:34:36,5109,3944,28546,199446910,0,0,0
eg2207,20220218,20220218,133436000,13:34:36,5109,3944,28546,199446910,0,0,0
eg2207,20220218,20220218,133436500,13:34:36,5109,3944,28546,199446910,0,0,0
eg2207,20220218,20220218,133437000,13:34:37,5109,3944,28546,199446910,0,0,0
eg2207,20220218,20220218,133437500,13:34:38,5109,3944,28546,199446910,0,0,0
eg2207,20220218,20220218,133438000,13:34:38,5109,3944,28546,199446910,0,0,0
eg2207,20220218,20220218,133439500,13:34:40,5109,3944,28546,199446910,0,0,0
eg2207,20220218,20220218,133440500,13:34:41,5109,3944,28546,199446910,0,0,0
eg2207,20220218,20220218,133441500,13:34:43,5109,3944,28546,199446910,0,0,0
eg2207,20220218,20220218,133442000,13:34:44,5109,3944,28546,199446910,0,0,0
eg2207,20220218,20220218,133442500,13:34:44,5109,3944,28546,199446910,0,0,0
eg2207,20220218,20220218,133443500,13:34:45,5109,3944,28546,199446910,0,0,0
eg2207,20220218,20220218,133444000,13:34:45,5109,3944,28546,199446910,0,0,0
eg2207,20220218,20220218,133444500,13:34:46,5109,3944,28546,199446910,0,0,0
eg2207,20220218,20220218,133448000,13:34:48,5109,3944,28546,199446910,0,0,0
eg2207,20220218,20220218,133448500,13:34:49,5109,3944,28546,199446910,0,0,0
eg2207,20220218,20220218,133449000,13:34:49,5109,3944,28546,199446910,0,0,0
eg2207,20220218,20220218,133449500,13:34:50,5109,3944,28546,199446910,0,0,0
eg2207,20220218,20220218,133450000,13:34:51,5109,3944,28546,199446910,0,0,0
eg2207,20220218,20220218,133450500,13:34:51,5109,3944,28546,199446910,0,0,0
eg2207,20220218,20220218,133451000,13:34:51,5109,3944,28546,199446910,0,0,0
eg2207,20220218,20220218,133452500,13:34:53,5109,3944,28546,199446910,0,0,0
eg2207,20220218,20220218,133453000,13:34:53,5109,3944,28546,199446910,0,0,0
eg2207,20220218,20220218,133454000,13:34:56,5109,3944,28546,199446910,0,0,0
eg2207,20220218,20220218,133454500,13:34:56,5109,3944,28546,199446910,0,0,0
eg2207,20220218,20220218,133455000,13:34:56,5109,3944,28546,199446910,0,0,0
eg2207,20220218,20220218,133457000,13:34:57,5109,3944,28546,199446910,0,0,0
eg2207,20220218,20220218,133458000,13:34:58,5109,3944,28546,199446910,0,0,0
eg2207,20220218,20220218,133458500,13:34:59,5109,3944,28546,199446910,0,0,0
eg2207,20220218,20220218,133459000,13:34:59,5109,3944,28546,199446910,0,0,0
eg2207,20220218,20220218,133459500,13:35:00,5109,3944,28546,199446910,0,0,0
eg2207,20220218,20220218,133500000,13:35:00,5109,3944,28546,199446910,0,0,0
eg2207,20220218,20220218,133500500,13:35:00,5109,3944,28546,199446910,0,0,0
eg2207,20220218,20220218,133501000,13:35:04,5109,3944,28546,199446910,0,0,0
eg2207,20220218,20220218,133501500,13:35:05,5109,3944,28546,199446910,0,0,0
eg2207,20220218,20220218,133502000,13:35:10,5109,3944,28546,199446910,0,0,0
eg2207,20220218,20220218,133504500,13:35:10,5109,3944,28546,199446910,0,0,0
eg2207,20220218,20220218,133510000,13:35:10,5109,3944,28546,199446910,0,0,0
eg2207,20220218,20220218,133510500,13:35:11,5109,3944,28546,199446910,0,0,0
eg2207,20220218,20220218,133511000,13:35:11,5109,3944,28546,199446910,0,0,0
eg2207,20220218,20220218,133511500,13:35:12,5109,3944,28546,199446910,0,0,0
eg2207,20220218,20220218,133512000,13:35:13,5109,3944,28546,199446910,0,0,0
eg2207,20220218,20220218,133512500,13:35:13,5109,3944,28546,199446910,0,0,0
eg2207,20220218,20220218,133513000,13:35:13,5109,3944,28546,199446910,0,0,0
eg2207,20220218,20220218,133513500,13:35:14,5109,3944,28546,199446910,0,0,0
eg2207,20220218,20220218,133514000,13:35:14,5109,3944,28546,199446910,0,0,0
eg2207,20220218,20220218,133514500,13:35:15,5109,3944,28546,199446910,0,0,0
eg2207,20220218,20220218,133515000,13:35:15,5109,3944,28546,199446910,0,0,0
eg2207,20220218,20220218,133515500,13:35:16,5109,3944,28546,199446910,0,0,0
eg2207,20220218,20220218,133516000,13:35:16,5109,3944,28546,199446910,0,0,0
eg2207,20220218,20220218,133516500,13:35:17,5109,3944,28546,199446910,0,0,0
eg2207,20220218,20220218,133517000,13:35:17,5109,3944,28546,199446910,0,0,0
eg2207,20220218,20220218,133517500,13:35:18,5109,3944,28546,199446910,0,0,0
eg2207,20220218,20220218,133518500,13:35:19,5109,3944,28546,199446910,0,0,0
eg2207,20220218,20220218,133519000,13:35:19,5111,3975,28554,201030700,31,8,1583790
eg2207,20220218,20220218,133519500,13:35:20,5111,3985,28548,201541800,10,-6,511100
eg2207,20220218,20220218,133520000,13:35:20,5111,3985,28548,201541800,0,0,0
eg2207,20220218,20220218,133520500,13:35:21,5111,3985,28548,201541800,0,0,0
eg2207,20220218,20220218,133521000,13:35:22,5111,3985,28548,201541800,0,0,0
eg2207,20220218,20220218,133521500,13:35:22,5111,3985,28548,201541800,0,0,0
eg2207,20220218,20220218,133522000,13:35:22,5111,3985,28548,201541800,0,0,0
eg2207,20220218,20220218,133522500,13:35:23,5111,3985,28548,201541800,0,0,0
eg2207,20220218,20220218,133523000,13:35:23,5111,3985,28548,201541800,0,0,0
eg2207,20220218,20220218,133523500,13:35:23,5111,3985,28548,201541800,0,0,0
eg2207,20220218,20220218,133524000,13:35:25,5111,3985,28548,201541800,0,0,0
eg2207,20220218,20220218,133524500,13:35:25,5111,3985,28548,201541800,0,0,0
eg2207,20220218,20220218,133525000,13:35:26,5111,3985,28548,201541800,0,0,0
eg2207,20220218,20220218,133525500,13:35:26,5113,3997,28548,202155360,12,0,613560
eg2207,20220218,20220218,133526000,13:35:27,5113,3997,28548,202155360,0,0,0
eg2207,20220218,20220218,133527000,13:35:31,5113,3997,28548,202155360,0,0,0
eg2207,20220218,20220218,133527500,13:35:31,5113,3997,28548,202155360,0,0,0
eg2207,20220218,20220218,133528000,13:35:32,5113,3997,28548,202155360,0,0,0
eg2207,20220218,20220218,133531000,13:35:33,5113,3997,28548,202155360,0,0,0
eg2207,20220218,20220218,133531500,13:35:42,5117,4011,28554,202871640,14,6,716280
eg2207,20220218,20220218,133532000,13:35:42,5117,4011,28554,202871640,0,0,0
eg2207,20220218,20220218,133540500,13:35:43,5117,4011,28554,202871640,0,0,0
eg2207,20220218,20220218,133542000,13:35:44,5117,4011,28554,202871640,0,0,0
eg2207,20220218,20220218,133543500,13:35:44,5117,4011,28554,202871640,0,0,0
eg2207,20220218,20220218,133544000,13:35:45,5117,4011,28554,202871640,0,0,0
eg2207,20220218,20220218,133544500,13:35:45,5117,4011,28554,202871640,0,0,0
eg2207,20220218,20220218,133545000,13:35:46,5117,4011,28554,202871640,0,0,0
eg2207,20220218,20220218,133545500,13:35:46,5117,4011,28554,202871640,0,0,0
eg2207,20220218,20220218,133547000,13:35:47,5117,4011,28554,202871640,0,0,0
eg2207,20220218,20220218,133547500,13:35:48,5117,4011,28554,202871640,0,0,0
eg2207,20220218,20220218,133548000,13:35:48,5117,4011,28554,202871640,0,0,0
eg2207,20220218,20220218,133548500,13:35:49,5117,4011,28554,202871640,0,0,0
eg2207,20220218,20220218,133549000,13:35:49,5117,4011,28554,202871640,0,0,0
eg2207,20220218,20220218,133549500,13:35:49,5117,4011,28554,202871640,0,0,0
eg2207,20220218,20220218,133550000,13:35:50,5117,4011,28554,202871640,0,0,0
eg2207,20220218,20220218,133550500,13:35:51,5117,4011,28554,202871640,0,0,0
eg2207,20220218,20220218,133551000,13:35:51,5117,4011,28554,202871640,0,0,0
eg2207,20220218,20220218,133551500,13:35:52,5117,4011,28554,202871640,0,0,0
eg2207,20220218,20220218,133552000,13:35:52,5117,4011,28554,202871640,0,0,0
eg2207,20220218,20220218,133553500,13:35:55,5117,4011,28554,202871640,0,0,0
eg2207,20220218,20220218,133554000,13:35:55,5117,4011,28554,202871640,0,0,0
eg2207,20220218,20220218,133555000,13:35:56,5115,4035,28551,204099340,24,-3,1227700
eg2207,20220218,20220218,133555500,13:35:56,5115,4035,28551,204099340,0,0,0
eg2207,20220218,20220218,133556000,13:35:56,5115,4035,28551,204099340,0,0,0
eg2207,20220218,20220218,133556500,13:35:58,5115,4036,28551,204150490,1,0,51150
eg2207,20220218,20220218,133557000,13:35:59,5115,4037,28550,204201640,1,-1,51150
eg2207,20220218,20220218,133557500,13:36:01,5115,4037,28550,204201640,0,0,0
eg2207,20220218,20220218,133559500,13:36:03,5115,4037,28550,204201640,0,0,0
eg2207,20220218,20220218,133601500,13:36:03,5115,4037,28550,204201640,0,0,0
eg2207,20220218,20220218,133602500,13:36:03,5115,4037,28550,204201640,0,0,0
eg2207,20220218,20220218,133603000,13:36:05,5115,4037,28550,204201640,0,0,0
eg2207,20220218,20220218,133603500,13:36:05,5115,4037,28550,204201640,0,0,0
eg2207,20220218,20220218,133605000,13:36:06,5115,4037,28550,204201640,0,0,0
eg2207,20220218,20220218,133605500,13:36:07,5115,4037,28550,204201640,0,0,0
eg2207,20220218,20220218,133606000,13:36:07,5115,4037,28550,204201640,0,0,0
eg2207,20220218,20220218,133606500,13:36:07,5115,4037,28550,204201640,0,0,0
eg2207,20220218,20220218,133607000,13:36:08,5115,4037,28550,204201640,0,0,0
eg2207,20220218,20220218,133607500,13:36:08,5115,4037,28550,204201640,0,0,0
eg2207,20220218,20220218,133608000,13:36:08,5115,4037,28550,204201640,0,0,0
eg2207,20220218,20220218,133608500,13:36:09,5115,4037,28550,204201640,0,0,0
eg2207,20220218,20220218,133609000,13:36:10,5115,4037,28550,204201640,0,0,0
eg2207,20220218,20220218,133609500,13:36:10,5115,4037,28550,204201640,0,0,0
eg2207,20220218,20220218,133610000,13:36:11,5115,4037,28550,204201640,0,0,0
eg2207,20220218,20220218,133610500,13:36:11,5115,4037,28550,204201640,0,0,0
eg2207,20220218,20220218,133611000,13:36:12,5115,4037,28550,204201640,0,0,0
eg2207,20220218,20220218,133611500,13:36:12,5115,4037,28550,204201640,0,0,0
eg2207,20220218,20220218,133612000,13:36:12,5115,4037,28550,204201640,0,0,0
eg2207,20220218,20220218,133612500,13:36:12,5115,4037,28550,204201640,0,0,0
eg2207,20220218,20220218,133613000,13:36:13,5115,4037,28550,204201640,0,0,0
eg2207,20220218,20220218,133613500,13:36:14,5115,4037,28550,204201640,0,0,0
eg2207,20220218,20220218,133615500,13:36:16,5115,4037,28550,204201640,0,0,0
eg2207,20220218,20220218,133616000,13:36:16,5115,4037,28550,204201640,0,0,0
eg2207,20220218,20220218,133616500,13:36:17,5115,4037,28550,204201640,0,0,0
eg2207,20220218,20220218,133617000,13:36:19,5115,4037,28550,204201640,0,0,0
eg2207,20220218,20220218,133617500,13:36:19,5115,4037,28550,204201640,0,0,0
eg2207,20220218,20220218,133618000,13:36:19,5115,4037,28550,204201640,0,0,0
eg2207,20220218,20220218,133618500,13:36:19,5115,4037,28550,204201640,0,0,0
eg2207,20220218,20220218,133619000,13:36:19,5115,4037,28550,204201640,0,0,0
eg2207,20220218,20220218,133619500,13:36:20,5115,4037,28550,204201640,0,0,0
eg2207,20220218,20220218,133620000,13:36:20,5115,4037,28550,204201640,0,0,0
eg2207,20220218,20220218,133620500,13:36:20,5115,4037,28550,204201640,0,0,0
eg2207,20220218,20220218,133621000,13:36:21,5115,4037,28550,204201640,0,0,0
eg2207,20220218,20220218,133621500,13:36:21,5115,4037,28550,204201640,0,0,0
eg2207,20220218,20220218,133622000,13:36:22,5115,4037,28550,204201640,0,0,0
eg2207,20220218,20220218,133622500,13:36:22,5115,4037,28550,204201640,0,0,0
eg2207,20220218,20220218,133623000,13:36:23,5115,4037,28550,204201640,0,0,0
eg2207,20220218,20220218,133623500,13:36:23,5115,4037,28550,204201640,0,0,0
eg2207,20220218,20220218,133624000,13:36:24,5115,4037,28550,204201640,0,0,0
eg2207,20220218,20220218,133624500,13:36:24,5115,4037,28550,204201640,0,0,0
eg2207,20220218,20220218,133625000,13:36:25,5115,4037,28550,204201640,0,0,0
eg2207,20220218,20220218,133625500,13:36:26,5115,4037,28550,204201640,0,0,0
eg2207,20220218,20220218,133626000,13:36:26,5115,4037,28550,204201640,0,0,0
eg2207,20220218,20220218,133626500,13:36:27,5115,4037,28550,204201640,0,0,0
eg2207,20220218,20220218,133627000,13:36:28,5115,4037,28550,204201640,0,0,0
eg2207,20220218,20220218,133627500,13:36:28,5115,4037,28550,204201640,0,0,0
eg2207,20220218,20220218,133628500,13:36:29,5115,4037,28550,204201640,0,0,0
eg2207,20220218,20220218,133629000,13:36:30,5115,4037,28550,204201640,0,0,0
eg2207,20220218,20220218,133629500,13:36:30,5115,4037,28550,204201640,0,0,0
eg2207,20220218,20220218,133630000,13:36:30,5115,4037,28550,204201640,0,0,0
eg2207,20220218,20220218,133630500,13:36:31,5115,4037,28550,204201640,0,0,0
eg2207,20220218,20220218,133631000,13:36:31,5115,4037,28550,204201640,0,0,0
eg2207,20220218,20220218,133631500,13:36:31,5115,4037,28550,204201640,0,0,0
eg2207,20220218,20220218,133632000,13:36:32,5115,4037,28550,204201640,0,0,0
eg2207,20220218,20220218,133632500,13:36:33,5115,4037,28550,204201640,0,0,0
eg2207,20220218,20220218,133633000,13:36:33,5115,4038,28551,204252790,1,1,51150
eg2207,20220218,20220218,133633500,13:36:34,5115,4038,28551,204252790,0,0,0
eg2207,20220218,20220218,133634000,13:36:34,5115,4038,28551,204252790,0,0,0
eg2207,20220218,20220218,133634500,13:36:35,5115,4038,28551,204252790,0,0,0
eg2207,20220218,20220218,133635000,13:36:36,5115,4038,28551,204252790,0,0,0
eg2207,20220218,20220218,133635500,13:36:36,5115,4038,28551,204252790,0,0,0
eg2207,20220218,20220218,133636000,13:36:36,5115,4038,28551,204252790,0,0,0
eg2207,20220218,20220218,133636500,13:36:36,5115,4038,28551,204252790,0,0,0
eg2207,20220218,20220218,133637000,13:36:38,5115,4038,28551,204252790,0,0,0
eg2207,20220218,20220218,133642500,13:36:43,5117,4052,28551,204969170,14,0,716380
eg2207,20220218,20220218,133643000,13:36:43,5117,4052,28551,204969170,0,0,0
eg2207,20220218,20220218,133644000,13:36:44,5117,4052,28551,204969170,0,0,0
eg2207,20220218,20220218,133645000,13:36:45,5116,4058,28551,205276150,6,0,306980
eg2207,20220218,20220218,133645500,13:36:46,5115,4059,28551,205327300,1,0,51150
eg2207,20220218,20220218,133646000,13:36:46,5115,4059,28551,205327300,0,0,0
eg2207,20220218,20220218,133646500,13:36:46,5115,4059,28551,205327300,0,0,0
eg2207,20220218,20220218,133647000,13:36:47,5115,4059,28551,205327300,0,0,0
eg2207,20220218,20220218,133648000,13:36:48,5115,4059,28551,205327300,0,0,0
eg2207,20220218,20220218,133648500,13:36:48,5116,4063,28553,205531940,4,2,204640
eg2207,20220218,20220218,133649000,13:36:49,5116,4063,28553,205531940,0,0,0
eg2207,20220218,20220218,133649500,13:36:49,5116,4063,28553,205531940,0,0,0
eg2207,20220218,20220218,133650000,13:36:50,5116,4063,28553,205531940,0,0,0
eg2207,20220218,20220218,133652000,13:36:52,5116,4063,28553,205531940,0,0,0
eg2207,20220218,20220218,133652500,13:36:53,5116,4063,28553,205531940,0,0,0
eg2207,20220218,20220218,133653000,13:36:53,5116,4063,28553,205531940,0,0,0
eg2207,20220218,20220218,133653500,13:36:54,5116,4063,28553,205531940,0,0,0
eg2207,20220218,20220218,133654000,13:36:54,5116,4063,28553,205531940,0,0,0
eg2207,20220218,20220218,133654500,13:36:54,5116,4063,28553,205531940,0,0,0
eg2207,20220218,20220218,133655000,13:36:55,5119,4065,28553,205634320,2,0,102380
eg2207,20220218,20220218,133655500,13:36:56,5118,4069,28554,205839060,4,1,204740
eg2207,20220218,20220218,133656000,13:36:56,5118,4069,28554,205839060,0,0,0
eg2207,20220218,20220218,133656500,13:36:58,5118,4069,28554,205839060,0,0,0
eg2207,20220218,20220218,133657000,13:36:58,5118,4069,28554,205839060,0,0,0
eg2207,20220218,20220218,133658500,13:36:59,5118,4069,28554,205839060,0,0,0
eg2207,20220218,20220218,133659000,13:36:59,5118,4069,28554,205839060,0,0,0
eg2207,20220218,20220218,133659500,13:37:00,5118,4069,28554,205839060,0,0,0
eg2207,20220218,20220218,133700000,13:37:00,5118,4069,28554,205839060,0,0,0
eg2207,20220218,20220218,133700500,13:37:00,5119,4070,28554,205890250,1,0,51190
eg2207,20220218,20220218,133701000,13:37:01,5119,4070,28554,205890250,0,0,0
eg2207,20220218,20220218,133701500,13:37:02,5119,4070,28554,205890250,0,0,0
eg2207,20220218,20220218,133702000,13:37:02,5119,4070,28554,205890250,0,0,0
eg2207,20220218,20220218,133702500,13:37:03,5119,4070,28554,205890250,0,0,0
eg2207,20220218,20220218,133703000,13:37:03,5119,4070,28554,205890250,0,0,0
eg2207,20220218,20220218,133704000,13:37:04,5119,4070,28554,205890250,0,0,0
eg2207,20220218,20220218,133704500,13:37:05,5119,4070,28554,205890250,0,0,0
eg2207,20220218,20220218,133705000,13:37:05,5119,4070,28554,205890250,0,0,0
eg2207,20220218,20220218,133705500,13:37:08,5119,4070,28554,205890250,0,0,0
eg2207,20220218,20220218,133706000,13:37:08,5119,4070,28554,205890250,0,0,0
eg2207,20220218,20220218,133708000,13:37:08,5119,4070,28554,205890250,0,0,0
eg2207,20220218,20220218,133708500,13:37:08,5119,4070,28554,205890250,0,0,0
eg2207,20220218,20220218,133709000,13:37:09,5119,4070,28554,205890250,0,0,0
eg2207,20220218,20220218,133709500,13:37:11,5119,4070,28554,205890250,0,0,0
eg2207,20220218,20220218,133711000,13:37:12,5119,4070,28554,205890250,0,0,0
eg2207,20220218,20220218,133711500,13:37:13,5119,4070,28554,205890250,0,0,0
eg2207,20220218,20220218,133712000,13:37:13,5119,4070,28554,205890250,0,0,0
eg2207,20220218,20220218,133712500,13:37:13,5119,4070,28554,205890250,0,0,0
eg2207,20220218,20220218,133713000,13:37:14,5119,4070,28554,205890250,0,0,0
eg2207,20220218,20220218,133713500,13:37:14,5119,4070,28554,205890250,0,0,0
eg2207,20220218,20220218,133714000,13:37:14,5119,4070,28554,205890250,0,0,0
eg2207,20220218,20220218,133714500,13:37:15,5119,4070,28554,205890250,0,0,0
eg2207,20220218,20220218,133715000,13:37:15,5119,4070,28554,205890250,0,0,0
eg2207,20220218,20220218,133717500,13:37:18,5119,4070,28554,205890250,0,0,0
eg2207,20220218,20220218,133718000,13:37:19,5119,4070,28554,205890250,0,0,0
eg2207,20220218,20220218,133718500,13:37:19,5119,4070,28554,205890250,0,0,0
eg2207,20220218,20220218,133719500,13:37:20,5119,4070,28554,205890250,0,0,0
eg2207,20220218,20220218,133720000,13:37:21,5119,4070,28554,205890250,0,0,0
eg2207,20220218,20220218,133720500,13:37:21,5119,4070,28554,205890250,0,0,0
eg2207,20220218,20220218,133721000,13:37:21,5119,4070,28554,205890250,0,0,0
eg2207,20220218,20220218,133721500,13:37:22,5119,4070,28554,205890250,0,0,0
eg2207,20220218,20220218,133722000,13:37:22,5119,4070,28554,205890250,0,0,0
eg2207,20220218,20220218,133722500,13:37:23,5119,4070,28554,205890250,0,0,0
eg2207,20220218,20220218,133723000,13:37:23,5119,4070,28554,205890250,0,0,0
eg2207,20220218,20220218,133723500,13:37:23,5119,4070,28554,205890250,0,0,0
eg2207,20220218,20220218,133724000,13:37:24,5119,4070,28554,205890250,0,0,0
eg2207,20220218,20220218,133724500,13:37:25,5119,4070,28554,205890250,0,0,0
eg2207,20220218,20220218,133725000,13:37:25,5119,4070,28554,205890250,0,0,0
eg2207,20220218,20220218,133725500,13:37:26,5119,4070,28554,205890250,0,0,0
eg2207,20220218,20220218,133726000,13:37:26,5119,4070,28554,205890250,0,0,0
eg2207,20220218,20220218,133726500,13:37:27,5119,4070,28554,205890250,0,0,0
eg2207,20220218,20220218,133727000,13:37:27,5119,4070,28554,205890250,0,0,0
eg2207,20220218,20220218,133727500,13:37:27,5119,4070,28554,205890250,0,0,0
eg2207,20220218,20220218,133728000,13:37:28,5119,4070,28554,205890250,0,0,0
eg2207,20220218,20220218,133728500,13:37:29,5119,4070,28554,205890250,0,0,0
eg2207,20220218,20220218,133729000,13:37:29,5119,4070,28554,205890250,0,0,0
eg2207,20220218,20220218,133733500,13:37:33,5119,4070,28554,205890250,0,0,0
eg2207,20220218,20220218,133734000,13:37:34,5119,4070,28554,205890250,0,0,0
eg2207,20220218,20220218,133734500,13:37:34,5119,4070,28554,205890250,0,0,0
eg2207,20220218,20220218,133735000,13:37:35,5119,4070,28554,205890250,0,0,0
eg2207,20220218,20220218,133736000,13:37:36,5119,4070,28554,205890250,0,0,0
eg2207,20220218,20220218,133736500,13:37:37,5119,4070,28554,205890250,0,0,0
eg2207,20220218,20220218,133737500,13:37:37,5119,4070,28554,205890250,0,0,0
eg2207,20220218,20220218,133738000,13:37:39,5119,4070,28554,205890250,0,0,0
eg2207,20220218,20220218,133738500,13:37:39,5119,4070,28554,205890250,0,0,0
eg2207,20220218,20220218,133739000,13:37:39,5119,4070,28554,205890250,0,0,0
eg2207,20220218,20220218,133739500,13:37:39,5119,4070,28554,205890250,0,0,0
eg2207,20220218,20220218,133740000,13:37:40,5119,4070,28554,205890250,0,0,0
eg2207,20220218,20220218,133741000,13:37:41,5119,4070,28554,205890250,0,0,0
eg2207,20220218,20220218,133741500,13:37:42,5119,4070,28554,205890250,0,0,0
eg2207,20220218,20220218,133742000,13:37:42,5119,4070,28554,205890250,0,0,0
eg2207,20220218,20220218,133743000,13:37:44,5119,4070,28554,205890250,0,0,0
eg2207,20220218,20220218,133743500,13:37:44,5119,4070,28554,205890250,0,0,0
eg2207,20220218,20220218,133744500,13:37:45,5119,4070,28554,205890250,0,0,0
eg2207,20220218,20220218,133745000,13:37:45,5119,4070,28554,205890250,0,0,0
eg2207,20220218,20220218,133745500,13:37:45,5119,4070,28554,205890250,0,0,0
eg2207,20220218,20220218,133746000,13:37:46,5119,4070,28554,205890250,0,0,0
eg2207,20220218,20220218,133747500,13:37:48,5119,4070,28554,205890250,0,0,0
eg2207,20220218,20220218,133749000,13:37:49,5119,4070,28554,205890250,0,0,0
eg2207,20220218,20220218,133749500,13:37:49,5119,4070,28554,205890250,0,0,0
eg2207,20220218,20220218,133750000,13:37:50,5119,4070,28554,205890250,0,0,0
eg2207,20220218,20220218,133751000,13:37:51,5119,4070,28554,205890250,0,0,0
eg2207,20220218,20220218,133753000,13:37:54,5119,4070,28554,205890250,0,0,0
eg2207,20220218,20220218,133753500,13:37:55,5119,4070,28554,205890250,0,0,0
eg2207,20220218,20220218,133754000,13:37:55,5119,4070,28554,205890250,0,0,0
eg2207,20220218,20220218,133754500,13:37:55,5119,4070,28554,205890250,0,0,0
eg2207,20220218,20220218,133755000,13:37:55,5119,4070,28554,205890250,0,0,0
eg2207,20220218,20220218,133755500,13:37:55,5119,4070,28554,205890250,0,0,0
eg2207,20220218,20220218,133756000,13:37:56,5119,4070,28554,205890250,0,0,0
eg2207,20220218,20220218,133756500,13:37:57,5119,4070,28554,205890250,0,0,0
eg2207,20220218,20220218,133757000,13:37:57,5119,4070,28554,205890250,0,0,0
eg2207,20220218,20220218,133757500,13:37:58,5119,4070,28554,205890250,0,0,0
eg2207,20220218,20220218,133758000,13:37:58,5119,4070,28554,205890250,0,0,0
eg2207,20220218,20220218,133802000,13:38:03,5119,4070,28554,205890250,0,0,0
eg2207,20220218,20220218,133802500,13:38:06,5119,4070,28554,205890250,0,0,0
eg2207,20220218,20220218,133803000,13:38:06,5119,4070,28554,205890250,0,0,0
eg2207,20220218,20220218,133805000,13:38:06,5119,4070,28554,205890250,0,0,0
eg2207,20220218,20220218,133806000,13:38:09,5119,4070,28554,205890250,0,0,0
eg2207,20220218,20220218,133806500,13:38:09,5119,4070,28554,205890250,0,0,0
eg2207,20220218,20220218,133807000,13:38:09,5119,4070,28554,205890250,0,0,0
eg2207,20220218,20220218,133809500,13:38:10,5119,4070,28554,205890250,0,0,0
eg2207,20220218,20220218,133810000,13:38:10,5119,4070,28554,205890250,0,0,0
eg2207,20220218,20220218,133810500,13:38:11,5119,4070,28554,205890250,0,0,0
eg2207,20220218,20220218,133811000,13:38:14,5119,4070,28554,205890250,0,0,0
eg2207,20220218,20220218,133811500,13:38:14,5119,4070,28554,205890250,0,0,0
eg2207,20220218,20220218,133812000,13:38:14,5119,4070,28554,205890250,0,0,0
eg2207,20220218,20220218,133812500,13:38:14,5119,4070,28554,205890250,0,0,0
eg2207,20220218,20220218,133813000,13:38:15,5119,4070,28554,205890250,0,0,0
eg2207,20220218,20220218,133814500,13:38:17,5119,4070,28554,205890250,0,0,0
eg2207,20220218,20220218,133815000,13:38:17,5119,4070,28554,205890250,0,0,0
eg2207,20220218,20220218,133817000,13:38:18,5119,4070,28554,205890250,0,0,0
eg2207,20220218,20220218,133817500,13:38:18,5119,4070,28554,205890250,0,0,0
eg2207,20220218,20220218,133818000,13:38:18,5119,4070,28554,205890250,0,0,0
eg2207,20220218,20220218,133818500,13:38:19,5119,4070,28554,205890250,0,0,0
eg2207,20220218,20220218,133819000,13:38:19,5119,4070,28554,205890250,0,0,0
eg2207,20220218,20220218,133819500,13:38:20,5119,4070,28554,205890250,0,0,0
eg2207,20220218,20220218,133821000,13:38:22,5119,4070,28554,205890250,0,0,0
eg2207,20220218,20220218,133822500,13:38:23,5119,4070,28554,205890250,0,0,0
eg2207,20220218,20220218,133823000,13:38:24,5119,4070,28554,205890250,0,0,0
eg2207,20220218,20220218,133823500,13:38:24,5119,4070,28554,205890250,0,0,0
eg2207,20220218,20220218,133824000,13:38:25,5119,4070,28554,205890250,0,0,0
eg2207,20220218,20220218,133825500,13:38:41,5119,4070,28554,205890250,0,0,0
eg2207,20220218,20220218,133840500,13:38:43,5119,4070,28554,205890250,0,0,0
eg2207,20220218,20220218,133841000,13:38:43,5119,4070,28554,205890250,0,0,0
eg2207,20220218,20220218,133841500,13:38:43,5119,4070,28554,205890250,0,0,0
eg2207,20220218,20220218,133842000,13:38:43,5119,4070,28554,205890250,0,0,0
eg2207,20220218,20220218,133842500,13:38:43,5119,4070,28554,205890250,0,0,0
eg2207,20220218,20220218,133843500,13:38:44,5119,4070,28554,205890250,0,0,0
eg2207,20220218,20220218,133844000,13:38:44,5119,4070,28554,205890250,0,0,0
eg2207,20220218,20220218,133844500,13:38:44,5119,4070,28554,205890250,0,0,0
eg2207,20220218,20220218,133845000,13:38:45,5119,4070,28554,205890250,0,0,0
eg2207,20220218,20220218,133846000,13:38:46,5119,4070,28554,205890250,0,0,0
eg2207,20220218,20220218,133847000,13:38:47,5119,4070,28554,205890250,0,0,0
eg2207,20220218,20220218,133847500,13:38:47,5119,4070,28554,205890250,0,0,0
eg2207,20220218,20220218,133850000,13:38:50,5119,4070,28554,205890250,0,0,0
eg2207,20220218,20220218,133851000,13:38:51,5119,4070,28554,205890250,0,0,0
eg2207,20220218,20220218,133853500,13:38:53,5119,4070,28554,205890250,0,0,0
eg2207,20220218,20220218,133857000,13:38:57,5119,4070,28554,205890250,0,0,0
eg2207,20220218,20220218,133901500,13:39:01,5119,4070,28554,205890250,0,0,0
eg2207,20220218,20220218,133902000,13:39:02,5119,4070,28554,205890250,0,0,0
eg2207,20220218,20220218,133907500,13:39:07,5119,4070,28554,205890250,0,0,0
eg2207,20220218,20220218,133908500,13:39:08,5119,4070,28554,205890250,0,0,0
eg2207,20220218,20220218,133909000,13:39:09,5119,4070,28554,205890250,0,0,0
eg2207,20220218,20220218,133910500,13:39:10,5119,4070,28554,205890250,0,0,0
eg2207,20220218,20220218,133913500,13:39:13,5119,4070,28554,205890250,0,0,0
eg2207,20220218,20220218,133914000,13:39:15,5130,4105,28559,207684600,35,5,1794350
eg2207,20220218,20220218,133914500,13:39:18,5130,4106,28558,207735900,1,-1,51300
eg2207,20220218,20220218,133915000,13:39:19,5130,4106,28558,207735900,0,0,0
eg2207,20220218,20220218,133915500,13:39:19,5130,4106,28558,207735900,0,0,0
eg2207,20220218,20220218,133918000,13:39:19,5130,4106,28558,207735900,0,0,0
eg2207,20220218,20220218,133919000,13:39:19,5130,4106,28558,207735900,0,0,0
eg2207,20220218,20220218,133919500,13:39:19,5130,4106,28558,207735900,0,0,0
eg2207,20220218,20220218,133924000,13:39:24,5130,4106,28558,207735900,0,0,0
eg2207,20220218,20220218,133925000,13:39:25,5130,4106,28558,207735900,0,0,0
eg2207,20220218,20220218,133925500,13:39:26,5130,4106,28558,207735900,0,0,0
eg2207,20220218,20220218,133927500,13:39:27,5130,4106,28558,207735900,0,0,0
eg2207,20220218,20220218,133929000,13:39:29,5130,4106,28558,207735900,0,0,0
eg2207,20220218,20220218,133930500,13:39:30,5130,4106,28558,207735900,0,0,0
eg2207,20220218,20220218,133932000,13:39:32,5130,4106,28558,207735900,0,0,0
eg2207,20220218,20220218,133933500,13:39:33,5130,4106,28558,207735900,0,0,0
eg2207,20220218,20220218,133934500,13:39:34,5130,4106,28558,207735900,0,0,0
eg2207,20220218,20220218,133935500,13:39:35,5130,4106,28558,207735900,0,0,0
eg2207,20220218,20220218,133937000,13:39:37,5130,4106,28558,207735900,0,0,0
eg2207,20220218,20220218,133938500,13:39:38,5130,4106,28558,207735900,0,0,0
eg2207,20220218,20220218,133939500,13:39:40,5130,4106,28558,207735900,0,0,0
eg2207,20220218,20220218,133940000,13:39:41,5130,4106,28558,207735900,0,0,0
eg2207,20220218,20220218,133941000,13:39:41,5130,4106,28558,207735900,0,0,0
eg2207,20220218,20220218,133943000,13:39:43,5130,4106,28558,207735900,0,0,0
eg2207,20220218,20220218,133944000,13:39:44,5130,4106,28558,207735900,0,0,0
eg2207,20220218,20220218,133945000,13:39:46,5130,4106,28558,207735900,0,0,0
eg2207,20220218,20220218,133945500,13:39:46,5131,4107,28558,207787210,1,0,51310
eg2207,20220218,20220218,133946000,13:39:47,5131,4107,28558,207787210,0,0,0
eg2207,20220218,20220218,133946500,13:39:47,5131,4107,28558,207787210,0,0,0
eg2207,20220218,20220218,133947000,13:39:47,5131,4107,28558,207787210,0,0,0
eg2207,20220218,20220218,133947500,13:39:47,5131,4107,28558,207787210,0,0,0
eg2207,20220218,20220218,133949500,13:39:50,5131,4107,28558,207787210,0,0,0
eg2207,20220218,20220218,133950000,13:39:50,5131,4107,28558,207787210,0,0,0
eg2207,20220218,20220218,133950500,13:39:50,5131,4107,28558,207787210,0,0,0
eg2207,20220218,20220218,133951000,13:39:51,5131,4107,28558,207787210,0,0,0
eg2207,20220218,20220218,133951500,13:39:51,5131,4107,28558,207787210,0,0,0
eg2207,20220218,20220218,133952000,13:39:53,5127,4123,28559,208607670,16,1,820460
eg2207,20220218,20220218,133952500,13:39:53,5126,4124,28560,208658930,1,1,51260
eg2207,20220218,20220218,133953000,13:39:54,5126,4124,28560,208658930,0,0,0
eg2207,20220218,20220218,133953500,13:39:54,5126,4124,28560,208658930,0,0,0
eg2207,20220218,20220218,133954000,13:39:55,5126,4124,28560,208658930,0,0,0
eg2207,20220218,20220218,133954500,13:39:55,5128,4129,28561,208915330,5,1,256400
eg2207,20220218,20220218,133955000,13:39:55,5129,4136,28562,209274360,7,1,359030
eg2207,20220218,20220218,133955500,13:39:56,5129,4136,28562,209274360,0,0,0
eg2207,20220218,20220218,133957000,13:40:05,5129,4138,28562,209376940,2,0,102580
eg2207,20220218,20220218,133957500,13:40:13,5129,4138,28562,209376940,0,0,0
eg2207,20220218,20220218,133958000,13:40:13,5129,4138,28562,209376940,0,0,0
eg2207,20220218,20220218,134012500,13:40:13,5129,4138,28562,209376940,0,0,0
eg2207,20220218,20220218,134013000,13:40:13,5129,4138,28562,209376940,0,0,0
eg2207,20220218,20220218,134013500,13:40:14,5129,4138,28562,209376940,0,0,0
eg2207,20220218,20220218,134014000,13:40:14,5129,4138,28562,209376940,0,0,0
eg2207,20220218,20220218,134014500,13:40:16,5129,4138,28562,209376940,0,0,0
eg2207,20220218,20220218,134015000,13:40:16,5129,4138,28562,209376940,0,0,0
eg2207,20220218,20220218,134015500,13:40:16,5129,4138,28562,209376940,0,0,0
eg2207,20220218,20220218,134016000,13:40:16,5129,4138,28562,209376940,0,0,0
eg2207,20220218,20220218,134016500,13:40:17,5129,4138,28562,209376940,0,0,0
eg2207,20220218,20220218,134017000,13:40:17,5129,4138,28562,209376940,0,0,0
eg2207,20220218,20220218,134017500,13:40:18,5129,4138,28562,209376940,0,0,0
eg2207,20220218,20220218,134018000,13:40:19,5129,4138,28562,209376940,0,0,0
eg2207,20220218,20220218,134018500,13:40:19,5129,4138,28562,209376940,0,0,0
eg2207,20220218,20220218,134019000,13:40:19,5129,4138,28562,209376940,0,0,0
eg2207,20220218,20220218,134019500,13:40:20,5129,4138,28562,209376940,0,0,0
eg2207,20220218,20220218,134020000,13:40:20,5129,4138,28562,209376940,0,0,0
eg2207,20220218,20220218,134020500,13:40:21,5129,4138,28562,209376940,0,0,0
eg2207,20220218,20220218,134021000,13:40:22,5129,4138,28562,209376940,0,0,0
eg2207,20220218,20220218,134021500,13:40:22,5129,4138,28562,209376940,0,0,0
eg2207,20220218,20220218,134022500,13:40:23,5129,4138,28562,209376940,0,0,0
eg2207,20220218,20220218,134023000,13:40:23,5129,4138,28562,209376940,0,0,0
eg2207,20220218,20220218,134023500,13:40:24,5129,4138,28562,209376940,0,0,0
eg2207,20220218,20220218,134024000,13:40:25,5129,4138,28562,209376940,0,0,0
eg2207,20220218,20220218,134024500,13:40:25,5129,4138,28562,209376940,0,0,0
eg2207,20220218,20220218,134025000,13:40:25,5129,4138,28562,209376940,0,0,0
eg2207,20220218,20220218,134025500,13:40:26,5129,4138,28562,209376940,0,0,0
eg2207,20220218,20220218,134026000,13:40:27,5129,4138,28562,209376940,0,0,0
eg2207,20220218,20220218,134026500,13:40:27,5129,4138,28562,209376940,0,0,0
eg2207,20220218,20220218,134027000,13:40:27,5129,4138,28562,209376940,0,0,0
eg2207,20220218,20220218,134028000,13:40:28,5129,4138,28562,209376940,0,0,0
eg2207,20220218,20220218,134028500,13:40:29,5129,4138,28562,209376940,0,0,0
eg2207,20220218,20220218,134029000,13:40:30,5129,4138,28562,209376940,0,0,0
eg2207,20220218,20220218,134029500,13:40:30,5129,4138,28562,209376940,0,0,0
eg2207,20220218,20220218,134030000,13:40:30,5129,4138,28562,209376940,0,0,0
eg2207,20220218,20220218,134030500,13:40:31,5129,4138,28562,209376940,0,0,0
eg2207,20220218,20220218,134031000,13:40:31,5129,4138,28562,209376940,0,0,0
eg2207,20220218,20220218,134031500,13:40:32,5129,4138,28562,209376940,0,0,0
eg2207,20220218,20220218,134032000,13:40:32,5129,4138,28562,209376940,0,0,0
eg2207,20220218,20220218,134032500,13:40:32,5129,4138,28562,209376940,0,0,0
eg2207,20220218,20220218,134033000,13:40:34,5129,4138,28562,209376940,0,0,0
eg2207,20220218,20220218,134033500,13:40:34,5129,4138,28562,209376940,0,0,0
eg2207,20220218,20220218,134034000,13:40:35,5122,4181,28582,211581970,43,20,2205030
eg2207,20220218,20220218,134034500,13:40:35,5122,4181,28582,211581970,0,0,0
eg2207,20220218,20220218,134035000,13:40:35,5122,4181,28582,211581970,0,0,0
eg2207,20220218,20220218,134036000,13:40:36,5122,4181,28582,211581970,0,0,0
eg2207,20220218,20220218,134037500,13:40:38,5122,4181,28582,211581970,0,0,0
eg2207,20220218,20220218,134038500,13:40:39,5122,4181,28582,211581970,0,0,0
eg2207,20220218,20220218,134040000,13:40:41,5122,4181,28582,211581970,0,0,0
eg2207,20220218,20220218,134040500,13:40:42,5122,4181,28582,211581970,0,0,0
eg2207,20220218,20220218,134041000,13:40:42,5122,4181,28582,211581970,0,0,0
eg2207,20220218,20220218,134041500,13:40:42,5122,4181,28582,211581970,0,0,0
eg2207,20220218,20220218,134042500,13:40:43,5122,4181,28582,211581970,0,0,0
eg2207,20220218,20220218,134043000,13:40:44,5122,4181,28582,211581970,0,0,0
eg2207,20220218,20220218,134043500,13:40:44,5122,4181,28582,211581970,0,0,0
eg2207,20220218,20220218,134044000,13:40:44,5122,4181,28582,211581970,0,0,0
eg2207,20220218,20220218,134044500,13:40:44,5122,4181,28582,211581970,0,0,0
eg2207,20220218,20220218,134047500,13:40:47,5122,4181,28582,211581970,0,0,0
eg2207,20220218,20220218,134048000,13:40:48,5122,4181,28582,211581970,0,0,0
eg2207,20220218,20220218,134048500,13:40:48,5122,4181,28582,211581970,0,0,0
eg2207,20220218,20220218,134049000,13:40:49,5122,4181,28582,211581970,0,0,0
eg2207,20220218,20220218,134049500,13:40:49,5122,4181,28582,211581970,0,0,0
eg2207,20220218,20220218,134050000,13:40:50,5122,4181,28582,211581970,0,0,0
eg2207,20220218,20220218,134050500,13:40:50,5122,4181,28582,211581970,0,0,0
eg2207,20220218,20220218,134051000,13:40:55,5122,4181,28582,211581970,0,0,0
eg2207,20220218,20220218,134051500,13:40:55,5122,4181,28582,211581970,0,0,0
eg2207,20220218,20220218,134052000,13:40:55,5122,4181,28582,211581970,0,0,0
eg2207,20220218,20220218,134052500,13:40:55,5122,4181,28582,211581970,0,0,0
eg2207,20220218,20220218,134054500,13:40:55,5122,4181,28582,211581970,0,0,0
eg2207,20220218,20220218,134059500,13:41:00,5122,4181,28582,211581970,0,0,0
eg2207,20220218,20220218,134100000,13:41:00,5122,4181,28582,211581970,0,0,0
eg2207,20220218,20220218,134101000,13:41:01,5122,4181,28582,211581970,0,0,0
eg2207,20220218,20220218,134101500,13:41:01,5122,4181,28582,211581970,0,0,0
eg2207,20220218,20220218,134102000,13:41:02,5122,4181,28582,211581970,0,0,0
eg2207,20220218,20220218,134102500,13:41:03,5122,4181,28582,211581970,0,0,0
eg2207,20220218,20220218,134103000,13:41:05,5122,4181,28582,211581970,0,0,0
eg2207,20220218,20220218,134104000,13:41:05,5122,4181,28582,211581970,0,0,0
eg2207,20220218,20220218,134104500,13:41:06,5122,4181,28582,211581970,0,0,0
eg2207,20220218,20220218,134105000,13:41:06,5122,4181,28582,211581970,0,0,0
eg2207,20220218,20220218,134105500,13:41:06,5122,4181,28582,211581970,0,0,0
eg2207,20220218,20220218,134106000,13:41:07,5123,4183,28580,211684430,2,-2,102460
eg2207,20220218,20220218,134106500,13:41:07,5123,4183,28580,211684430,0,0,0
eg2207,20220218,20220218,134108000,13:41:09,5124,4185,28580,211786910,2,0,102480
eg2207,20220218,20220218,134108500,13:41:10,5124,4185,28580,211786910,0,0,0
eg2207,20220218,20220218,134109500,13:41:10,5124,4185,28580,211786910,0,0,0
eg2207,20220218,20220218,134112000,13:41:12,5124,4187,28578,211889390,2,-2,102480
eg2207,20220218,20220218,134112500,13:41:12,5124,4187,28578,211889390,0,0,0
eg2207,20220218,20220218,134113000,13:41:13,5124,4187,28578,211889390,0,0,0
eg2207,20220218,20220218,134119500,13:41:20,5124,4187,28578,211889390,0,0,0
eg2207,20220218,20220218,134121500,13:41:24,5124,4187,28578,211889390,0,0,0
eg2207,20220218,20220218,134122500,13:41:24,5124,4187,28578,211889390,0,0,0
eg2207,20220218,20220218,134126000,13:41:27,5124,4187,28578,211889390,0,0,0
eg2207,20220218,20220218,134126500,13:41:27,5124,4187,28578,211889390,0,0,0
eg2207,20220218,20220218,134127000,13:41:27,5124,4187,28578,211889390,0,0,0
eg2207,20220218,20220218,134128500,13:41:29,5124,4187,28578,211889390,0,0,0
eg2207,20220218,20220218,134129000,13:41:29,5124,4187,28578,211889390,0,0,0
eg2207,20220218,20220218,134129500,13:41:30,5124,4187,28578,211889390,0,0,0
eg2207,20220218,20220218,134130000,13:41:30,5124,4187,28578,211889390,0,0,0
eg2207,20220218,20220218,134130500,13:41:31,5124,4187,28578,211889390,0,0,0
eg2207,20220218,20220218,134131000,13:41:31,5124,4187,28578,211889390,0,0,0
eg2207,20220218,20220218,134131500,13:41:32,5124,4187,28578,211889390,0,0,0
eg2207,20220218,20220218,134132000,13:41:33,5124,4187,28578,211889390,0,0,0
eg2207,20220218,20220218,134132500,13:41:33,5124,4187,28578,211889390,0,0,0
eg2207,20220218,20220218,134133000,13:41:33,5124,4187,28578,211889390,0,0,0
eg2207,20220218,20220218,134133500,13:41:34,5124,4187,28578,211889390,0,0,0
eg2207,20220218,20220218,134134000,13:41:34,5124,4187,28578,211889390,0,0,0
eg2207,20220218,20220218,134134500,13:41:34,5124,4187,28578,211889390,0,0,0
eg2207,20220218,20220218,134135000,13:41:35,5124,4187,28578,211889390,0,0,0
eg2207,20220218,20220218,134135500,13:41:39,5124,4187,28578,211889390,0,0,0
eg2207,20220218,20220218,134139500,13:41:42,5124,4187,28578,211889390,0,0,0
eg2207,20220218,20220218,134145000,13:41:45,5123,4189,28576,211991850,2,-2,102460
eg2207,20220218,20220218,134145500,13:41:45,5123,4189,28576,211991850,0,0,0
eg2207,20220218,20220218,134146000,13:41:47,5123,4189,28576,211991850,0,0,0
eg2207,20220218,20220218,134146500,13:41:47,5123,4189,28576,211991850,0,0,0
eg2207,20220218,20220218,134147000,13:41:47,5123,4189,28576,211991850,0,0,0
eg2207,20220218,20220218,134150500,13:41:51,5123,4189,28576,211991850,0,0,0
eg2207,20220218,20220218,134151000,13:41:51,5123,4189,28576,211991850,0,0,0
eg2207,20220218,20220218,134151500,13:41:52,5123,4189,28576,211991850,0,0,0
eg2207,20220218,20220218,134152000,13:41:52,5123,4189,28576,211991850,0,0,0
eg2207,20220218,20220218,134152500,13:41:53,5123,4189,28576,211991850,0,0,0
eg2207,20220218,20220218,134153000,13:41:54,5123,4189,28576,211991850,0,0,0
eg2207,20220218,20220218,134153500,13:42:01,5123,4189,28576,211991850,0,0,0
eg2207,20220218,20220218,134154000,13:42:02,5123,4189,28576,211991850,0,0,0
eg2207,20220218,20220218,134154500,13:42:02,5123,4189,28576,211991850,0,0,0
eg2207,20220218,20220218,134157500,13:42:10,5123,4189,28576,211991850,0,0,0
eg2207,20220218,20220218,134202500,13:42:11,5123,4189,28576,211991850,0,0,0
eg2207,20220218,20220218,134210000,13:42:12,5123,4189,28576,211991850,0,0,0
eg2207,20220218,20220218,134211000,13:42:12,5123,4189,28576,211991850,0,0,0
eg2207,20220218,20220218,134212000,13:42:13,5123,4189,28576,211991850,0,0,0
eg2207,20220218,20220218,134213500,13:42:14,5123,4189,28576,211991850,0,0,0
eg2207,20220218,20220218,134214000,13:42:14,5123,4189,28576,211991850,0,0,0
eg2207,20220218,20220218,134214500,13:42:15,5123,4189,28576,211991850,0,0,0
eg2207,20220218,20220218,134215000,13:42:15,5123,4189,28576,211991850,0,0,0
eg2207,20220218,20220218,134215500,13:42:16,5123,4189,28576,211991850,0,0,0
eg2207,20220218,20220218,134216000,13:42:16,5123,4189,28576,211991850,0,0,0
eg2207,20220218,20220218,134216500,13:42:18,5123,4189,28576,211991850,0,0,0
eg2207,20220218,20220218,134217000,13:42:19,5123,4189,28576,211991850,0,0,0
eg2207,20220218,20220218,134217500,13:42:20,5123,4189,28576,211991850,0,0,0
eg2207,20220218,20220218,134218000,13:42:20,5123,4189,28576,211991850,0,0,0
eg2207,20220218,20220218,134221500,13:42:22,5123,4189,28576,211991850,0,0,0
eg2207,20220218,20220218,134222000,13:42:22,5123,4189,28576,211991850,0,0,0
eg2207,20220218,20220218,134222500,13:42:22,5123,4189,28576,211991850,0,0,0
eg2207,20220218,20220218,134223000,13:42:24,5123,4189,28576,211991850,0,0,0
eg2207,20220218,20220218,134223500,13:42:24,5123,4189,28576,211991850,0,0,0
eg2207,20220218,20220218,134225000,13:42:25,5123,4189,28576,211991850,0,0,0
eg2207,20220218,20220218,134225500,13:42:26,5123,4189,28576,211991850,0,0,0
eg2207,20220218,20220218,134228000,13:42:29,5123,4189,28576,211991850,0,0,0
eg2207,20220218,20220218,134229000,13:42:29,5123,4189,28576,211991850,0,0,0
eg2207,20220218,20220218,134235500,13:42:35,5123,4189,28576,211991850,0,0,0
eg2207,20220218,20220218,134239500,13:42:39,5123,4189,28576,211991850,0,0,0
eg2207,20220218,20220218,134244000,13:42:44,5123,4189,28576,211991850,0,0,0
eg2207,20220218,20220218,134247000,13:42:47,5123,4189,28576,211991850,0,0,0
eg2207,20220218,20220218,134252000,13:42:52,5123,4191,28574,212094310,2,-2,102460
eg2207,20220218,20220218,134255000,13:42:55,5123,4191,28574,212094310,0,0,0
eg2207,20220218,20220218,134255500,13:42:56,5123,4191,28574,212094310,0,0,0
eg2207,20220218,20220218,134257000,13:42:59,5121,4201,28574,212606410,10,0,512100
eg2207,20220218,20220218,134257500,13:42:59,5121,4201,28574,212606410,0,0,0
eg2207,20220218,20220218,134259000,13:42:59,5121,4201,28574,212606410,0,0,0
eg2207,20220218,20220218,134259500,13:43:01,5121,4201,28574,212606410,0,0,0
eg2207,20220218,20220218,134300000,13:43:01,5121,4201,28574,212606410,0,0,0
eg2207,20220218,20220218,134300500,13:43:02,5121,4201,28574,212606410,0,0,0
eg2207,20220218,20220218,134301000,13:43:02,5121,4201,28574,212606410,0,0,0
eg2207,20220218,20220218,134301500,13:43:02,5121,4201,28574,212606410,0,0,0
eg2207,20220218,20220218,134302500,13:43:05,5121,4201,28574,212606410,0,0,0
eg2207,20220218,20220218,134310000,13:43:12,5121,4201,28574,212606410,0,0,0
eg2207,20220218,20220218,134312000,13:43:14,5121,4201,28574,212606410,0,0,0
eg2207,20220218,20220218,134312500,13:43:14,5121,4201,28574,212606410,0,0,0
eg2207,20220218,20220218,134314000,13:43:14,5121,4201,28574,212606410,0,0,0
eg2207,20220218,20220218,134314500,13:43:15,5121,4201,28574,212606410,0,0,0
eg2207,20220218,20220218,134315000,13:43:15,5121,4201,28574,212606410,0,0,0
eg2207,20220218,20220218,134315500,13:43:15,5121,4201,28574,212606410,0,0,0
eg2207,20220218,20220218,134316000,13:43:16,5121,4201,28574,212606410,0,0,0
eg2207,20220218,20220218,134316500,13:43:17,5121,4201,28574,212606410,0,0,0
eg2207,20220218,20220218,134318000,13:43:18,5121,4201,28574,212606410,0,0,0
eg2207,20220218,20220218,134318500,13:43:18,5121,4201,28574,212606410,0,0,0
eg2207,20220218,20220218,134319000,13:43:19,5121,4201,28574,212606410,0,0,0
eg2207,20220218,20220218,134319500,13:43:20,5121,4201,28574,212606410,0,0,0
eg2207,20220218,20220218,134320000,13:43:20,5121,4201,28574,212606410,0,0,0
eg2207,20220218,20220218,134320500,13:43:21,5121,4201,28574,212606410,0,0,0
eg2207,20220218,20220218,134323000,13:43:23,5121,4201,28574,212606410,0,0,0
eg2207,20220218,20220218,134323500,13:43:24,5121,4201,28574,212606410,0,0,0
eg2207,20220218,20220218,134324000,13:43:24,5121,4201,28574,212606410,0,0,0
eg2207,20220218,20220218,134324500,13:43:25,5121,4201,28574,212606410,0,0,0
eg2207,20220218,20220218,134325000,13:43:25,5121,4201,28574,212606410,0,0,0
eg2207,20220218,20220218,134325500,13:43:26,5121,4201,28574,212606410,0,0,0
eg2207,20220218,20220218,134326000,13:43:26,5121,4201,28574,212606410,0,0,0
eg2207,20220218,20220218,134326500,13:43:27,5121,4201,28574,212606410,0,0,0
eg2207,20220218,20220218,134327000,13:43:27,5121,4201,28574,212606410,0,0,0
eg2207,20220218,20220218,134327500,13:43:28,5121,4201,28574,212606410,0,0,0
eg2207,20220218,20220218,134328000,13:43:29,5121,4201,28574,212606410,0,0,0
eg2207,20220218,20220218,134328500,13:43:29,5121,4201,28574,212606410,0,0,0
eg2207,20220218,20220218,134329000,13:43:29,5121,4201,28574,212606410,0,0,0
eg2207,20220218,20220218,134329500,13:43:30,5121,4201,28574,212606410,0,0,0
eg2207,20220218,20220218,134330000,13:43:30,5121,4201,28574,212606410,0,0,0
eg2207,20220218,20220218,134330500,13:43:30,5121,4201,28574,212606410,0,0,0
eg2207,20220218,20220218,134331000,13:43:31,5121,4201,28574,212606410,0,0,0
eg2207,20220218,20220218,134331500,13:43:31,5121,4201,28574,212606410,0,0,0
eg2207,20220218,20220218,134337000,13:43:37,5121,4201,28574,212606410,0,0,0
eg2207,20220218,20220218,134337500,13:43:38,5121,4201,28574,212606410,0,0,0
eg2207,20220218,20220218,134338000,13:43:38,5121,4201,28574,212606410,0,0,0
eg2207,20220218,20220218,134338500,13:43:39,5121,4201,28574,212606410,0,0,0
eg2207,20220218,20220218,134339000,13:43:55,5121,4201,28574,212606410,0,0,0
eg2207,20220218,20220218,134340000,13:43:57,5121,4201,28574,212606410,0,0,0
eg2207,20220218,20220218,134354500,13:44:04,5121,4201,28574,212606410,0,0,0
eg2207,20220218,20220218,134356500,13:44:04,5121,4201,28574,212606410,0,0,0
eg2207,20220218,20220218,134403500,13:44:04,5121,4201,28574,212606410,0,0,0
eg2207,20220218,20220218,134404000,13:44:05,5121,4201,28574,212606410,0,0,0
eg2207,20220218,20220218,134404500,13:44:05,5121,4201,28574,212606410,0,0,0
