fb2203,20220218,20220218,112000500,11:20:04,1259.5,909,1010,11486530,909,63,11486530
fb2203,20220218,20220218,112004500,11:20:09,1260.5,910,1009,11499135,1,-1,12605
fb2203,20220218,20220218,112005000,11:20:10,1260.5,910,1009,11499135,0,0,0
fb2203,20220218,20220218,112009000,11:20:10,1260.5,910,1009,11499135,0,0,0
fb2203,20220218,20220218,112011500,11:20:12,1260.5,910,1009,11499135,0,0,0
fb2203,20220218,20220218,112016500,11:20:16,1260.5,910,1009,11499135,0,0,0
fb2203,20220218,20220218,112019500,11:20:20,1260.5,910,1009,11499135,0,0,0
fb2203,20220218,20220218,112126000,11:23:32,1260.5,910,1009,11499135,0,0,0
fb2203,20220218,20220218,112327000,11:23:33,1261,916,1010,11574775,6,1,75640
fb2203,20220218,20220218,112333500,11:23:33,1261,916,1010,11574775,0,0,0
fb2203,20220218,20220218,112337500,11:23:38,1261,916,1010,11574775,0,0,0
fb2203,20220218,20220218,112343000,11:23:43,1261,916,1010,11574775,0,0,0
fb2203,20220218,20220218,112421500,11:24:22,1260.5,917,1009,11587380,1,-1,12605
fb2203,20220218,20220218,112422000,11:24:22,1260.5,918,1009,11599985,1,0,12605
fb2203,20220218,20220218,112431500,11:24:31,1260.5,918,1009,11599985,0,0,0
fb2203,20220218,20220218,112432000,11:24:32,1260,920,1009,11625190,2,0,25205
fb2203,20220218,20220218,112432500,11:24:32,1260,920,1009,11625190,0,0,0
fb2203,20220218,20220218,112445500,11:24:45,1260,921,1010,11637790,1,1,12600
fb2203,20220218,20220218,112446000,11:24:46,1260,921,1010,11637790,0,0,0
fb2203,20220218,20220218,112452000,11:24:52,1260,921,1010,11637790,0,0,0
fb2203,20220218,20220218,112508000,11:25:08,1260,921,1010,11637790,0,0,0
fb2203,20220218,20220218,112530000,11:25:30,1261,922,1010,11650400,1,0,12610
fb2203,20220218,20220218,112530500,11:25:31,1261,922,1010,11650400,0,0,0
fb2203,20220218,20220218,112547500,11:25:48,1261,922,1010,11650400,0,0,0
fb2203,20220218,20220218,112608000,11:26:09,1260.5,923,1010,11663005,1,0,12605
fb2203,20220218,20220218,112610500,11:26:10,1259.5,924,1010,11675600,1,0,12595
fb2203,20220218,20220218,112611000,11:26:11,1259.5,924,1010,11675600,0,0,0
fb2203,20220218,20220218,112619000,11:26:19,1259.5,924,1010,11675600,0,0,0
fb2203,20220218,20220218,112622500,11:26:22,1259.5,925,1010,11688195,1,0,12595
fb2203,20220218,20220218,112632500,11:26:32,1259.5,925,1010,11688195,0,0,0
fb2203,20220218,20220218,112633500,11:26:34,1259.5,925,1010,11688195,0,0,0
fb2203,20220218,20220218,112709000,11:27:12,1259.5,925,1010,11688195,0,0,0
fb2203,20220218,20220218,112715500,11:27:16,1259.5,925,1010,11688195,0,0,0
fb2203,20220218,20220218,112718500,11:27:19,1258.5,938,1005,11851860,13,-5,163665
fb2203,20220218,20220218,112719000,11:27:19,1260,939,1005,11864460,1,0,12600
fb2203,20220218,20220218,112719500,11:27:19,1260,939,1005,11864460,0,0,0
fb2203,20220218,20220218,112722000,11:27:22,1260,939,1005,11864460,0,0,0
fb2203,20220218,20220218,112724500,11:27:27,1260,939,1005,11864460,0,0,0
fb2203,20220218,20220218,112727500,11:27:27,1260,939,1005,11864460,0,0,0
fb2203,20220218,20220218,112731500,11:27:35,1260,940,1005,11877060,1,0,12600
fb2203,20220218,20220218,112735000,11:27:36,1260,940,1005,11877060,0,0,0
fb2203,20220218,20220218,112737500,11:27:38,1260,940,1005,11877060,0,0,0
fb2203,20220218,20220218,112738500,11:27:39,1259.5,941,1005,11889655,1,0,12595
fb2203,20220218,20220218,112745500,11:27:46,1259.5,941,1005,11889655,0,0,0
fb2203,20220218,20220218,112748500,11:27:54,1259.5,942,1004,11902250,1,-1,12595
fb2203,20220218,20220218,112749500,11:27:54,1259.5,942,1004,11902250,0,0,0
fb2203,20220218,20220218,112802000,11:28:03,1259.5,942,1004,11902250,0,0,0
fb2203,20220218,20220218,112802500,11:28:03,1259.5,942,1004,11902250,0,0,0
fb2203,20220218,20220218,112803000,11:28:03,1259.5,943,1003,11914845,1,-1,12595
fb2203,20220218,20220218,112805000,11:28:06,1259.5,946,1000,11952630,3,-3,37785
fb2203,20220218,20220218,112813500,11:28:13,1260,947,999,11965230,1,-1,12600
fb2203,20220218,20220218,112814500,11:28:14,1260,948,999,11977830,1,0,12600
fb2203,20220218,20220218,112821500,11:28:22,1260,948,999,11977830,0,0,0
fb2203,20220218,20220218,112824000,11:28:24,1260,949,999,11990430,1,0,12600
fb2203,20220218,20220218,112836500,11:28:37,1260,949,999,11990430,0,0,0
fb2203,20220218,20220218,112846500,11:28:46,1260,949,999,11990430,0,0,0
fb2203,20220218,20220218,112900000,11:29:00,1260.5,950,998,12003035,1,-1,12605
fb2203,20220218,20220218,112909000,11:29:09,1260.5,950,998,12003035,0,0,0
fb2203,20220218,20220218,112912000,11:29:12,1260.5,951,998,12015640,1,0,12605
fb2203,20220218,20220218,112915500,11:29:16,1260,952,998,12028240,1,0,12600
fb2203,20220218,20220218,112916000,11:29:16,1260,952,998,12028240,0,0,0
fb2203,20220218,20220218,112916500,11:29:16,1260.5,953,997,12040845,1,-1,12605
fb2203,20220218,20220218,112919500,11:29:21,1260,954,996,12053445,1,-1,12600
fb2203,20220218,20220218,112922000,11:29:24,1260,954,996,12053445,0,0,0
fb2203,20220218,20220218,112928500,11:29:28,1260,954,996,12053445,0,0,0
fb2203,20220218,20220218,112932000,11:29:32,1259,955,997,12066035,1,1,12590
fb2203,20220218,20220218,112935500,11:29:38,1259,955,997,12066035,0,0,0
fb2203,20220218,20220218,112938000,11:29:38,1261,956,996,12078645,1,-1,12610
fb2203,20220218,20220218,112943000,11:29:45,1261,956,996,12078645,0,0,0
fb2203,20220218,20220218,112951000,11:29:52,1261,956,996,12078645,0,0,0
fb2203,20220218,20220218,112953000,11:29:53,1261,956,996,12078645,0,0,0
fb2203,20220218,20220218,112959000,11:30:02,1261,956,996,12078645,0,0,0
fb2203,20220218,20220218,133001500,13:30:01,1261,957,996,12091255,1,0,12610
fb2203,20220218,20220218,133002000,13:30:04,1261,957,996,12091255,0,0,0
fb2203,20220218,20220218,133008000,13:30:10,1261,957,996,12091255,0,0,0
fb2203,20220218,20220218,133013000,13:30:13,1261,957,996,12091255,0,0,0
fb2203,20220218,20220218,133019500,13:30:20,1261,958,996,12103865,1,0,12610
fb2203,20220218,20220218,133020000,13:30:21,1261,958,996,12103865,0,0,0
fb2203,20220218,20220218,133034000,13:30:40,1261,958,996,12103865,0,0,0
fb2203,20220218,20220218,133044000,13:30:46,1261,958,996,12103865,0,0,0
fb2203,20220218,20220218,133200500,13:32:01,1261,958,996,12103865,0,0,0
fb2203,20220218,20220218,133203500,13:32:05,1261,958,996,12103865,0,0,0
fb2203,20220218,20220218,133207000,13:32:07,1261,958,996,12103865,0,0,0
fb2203,20220218,20220218,133211500,13:32:15,1260.5,960,997,12129075,2,1,25210
fb2203,20220218,20220218,133235000,13:32:36,1260.5,961,998,12141680,1,1,12605
fb2203,20220218,20220218,133239000,13:32:39,1260,962,998,12154280,1,0,12600
fb2203,20220218,20220218,133250500,13:32:52,1260.5,963,999,12166885,1,1,12605
fb2203,20220218,20220218,133255500,13:32:55,1260,964,998,12179485,1,-1,12600
fb2203,20220218,20220218,133256000,13:32:56,1260,965,998,12192085,1,0,12600
fb2203,20220218,20220218,133300000,13:33:01,1260,965,998,12192085,0,0,0
fb2203,20220218,20220218,133305000,13:33:05,1260,966,998,12204685,1,0,12600
fb2203,20220218,20220218,133311000,13:33:13,1259,967,997,12217275,1,-1,12590
fb2203,20220218,20220218,133322000,13:33:22,1260,968,998,12229875,1,1,12600
fb2203,20220218,20220218,133338500,13:33:39,1260,968,998,12229875,0,0,0
fb2203,20220218,20220218,133342500,13:33:42,1260,969,998,12242475,1,0,12600
fb2203,20220218,20220218,133345500,13:33:46,1260,969,998,12242475,0,0,0
fb2203,20220218,20220218,133523500,13:35:23,1260.5,971,998,12267685,2,0,25210
fb2203,20220218,20220218,133540500,13:35:43,1260.5,971,998,12267685,0,0,0
fb2203,20220218,20220218,133549000,13:35:49,1260.5,971,998,12267685,0,0,0
fb2203,20220218,20220218,133606000,13:36:07,1260.5,971,998,12267685,0,0,0
fb2203,20220218,20220218,133606500,13:36:07,1260.5,972,998,12280290,1,0,12605
fb2203,20220218,20220218,133609500,13:36:10,1260.5,972,998,12280290,0,0,0
fb2203,20220218,20220218,133626500,13:36:27,1260.5,972,998,12280290,0,0,0
fb2203,20220218,20220218,133701500,13:37:02,1260.5,972,998,12280290,0,0,0
fb2203,20220218,20220218,133707500,13:37:08,1261,973,999,12292900,1,1,12610
fb2203,20220218,20220218,133714500,13:37:14,1261,973,999,12292900,0,0,0
fb2203,20220218,20220218,133757500,13:37:58,1261,973,999,12292900,0,0,0
fb2203,20220218,20220218,133758000,13:37:58,1261,973,999,12292900,0,0,0
fb2203,20220218,20220218,133810500,13:38:10,1261,973,999,12292900,0,0,0
fb2203,20220218,20220218,133840000,13:38:43,1260,977,998,12343305,4,-1,50405
fb2203,20220218,20220218,133842000,13:38:43,1260,977,998,12343305,0,0,0
fb2203,20220218,20220218,133913500,13:39:13,1260,978,999,12355905,1,1,12600
fb2203,20220218,20220218,133939500,13:39:39,1259.5,979,999,12368500,1,0,12595
fb2203,20220218,20220218,133943000,13:39:43,1259.5,979,999,12368500,0,0,0
fb2203,20220218,20220218,133945000,13:39:45,1259.5,980,999,12381095,1,0,12595
fb2203,20220218,20220218,133946000,13:39:46,1259.5,981,1000,12393690,1,1,12595
fb2203,20220218,20220218,133949000,13:39:49,1259.5,981,1000,12393690,0,0,0
fb2203,20220218,20220218,134024500,13:40:25,1259.5,981,1000,12393690,0,0,0
fb2203,20220218,20220218,134025000,13:40:25,1259.5,981,1000,12393690,0,0,0
fb2203,20220218,20220218,134034000,13:40:34,1259.5,981,1000,12393690,0,0,0
fb2203,20220218,20220218,134041000,13:40:42,1259.5,981,1000,12393690,0,0,0
fb2203,20220218,20220218,134042500,13:40:42,1259.5,981,1000,12393690,0,0,0
fb2203,20220218,20220218,134044500,13:40:44,1259.5,981,1000,12393690,0,0,0
fb2203,20220218,20220218,134104000,13:41:05,1259.5,981,1000,12393690,0,0,0
fb2203,20220218,20220218,134111500,13:41:11,1259.5,981,1000,12393690,0,0,0
fb2203,20220218,20220218,134113500,13:41:13,1259.5,982,1000,12406285,1,0,12595
fb2203,20220218,20220218,134117000,13:41:17,1259.5,982,1000,12406285,0,0,0
fb2203,20220218,20220218,134124000,13:41:24,1259.5,983,1000,12418880,1,0,12595
fb2203,20220218,20220218,134133000,13:41:33,1259.5,983,1000,12418880,0,0,0
fb2203,20220218,20220218,134147000,13:41:47,1259.5,983,1000,12418880,0,0,0
fb2203,20220218,20220218,134202000,13:42:10,1259.5,986,1001,12456665,3,1,37785
fb2203,20220218,20220218,134215000,13:42:15,1259.5,986,1001,12456665,0,0,0
fb2203,20220218,20220218,134225500,13:42:25,1259,987,1001,12469255,1,0,12590
fb2203,20220218,20220218,134226000,13:42:26,1259,988,1001,12481845,1,0,12590
fb2203,20220218,20220218,134226500,13:42:27,1258.5,989,1002,12494430,1,1,12585
fb2203,20220218,20220218,134227000,13:42:28,1258.5,989,1002,12494430,0,0,0
fb2203,20220218,20220218,134255500,13:42:55,1258.5,989,1002,12494430,0,0,0
fb2203,20220218,20220218,134257000,13:42:58,1259,991,1002,12519610,2,0,25180
fb2203,20220218,20220218,134314000,13:43:14,1259,991,1002,12519610,0,0,0
fb2203,20220218,20220218,134320500,13:43:21,1259,991,1002,12519610,0,0,0
fb2203,20220218,20220218,134326000,13:43:26,1259,992,1001,12532200,1,-1,12590
fb2203,20220218,20220218,134327500,13:43:27,1259,992,1001,12532200,0,0,0
fb2203,20220218,20220218,134328000,13:43:29,1259,992,1001,12532200,0,0,0
fb2203,20220218,20220218,134332000,13:43:32,1259,992,1001,12532200,0,0,0
fb2203,20220218,20220218,134351000,13:44:04,1259,992,1001,12532200,0,0,0
fb2203,20220218,20220218,134406000,13:44:06,1259,992,1001,12532200,0,0,0
fb2203,20220218,20220218,134413500,13:44:17,1259,994,1001,12557380,2,0,25180
fb2203,20220218,20220218,134423000,13:44:23,1259,994,1001,12557380,0,0,0
fb2203,20220218,20220218,134433000,13:44:37,1259.5,995,1001,12569975,1,0,12595
fb2203,20220218,20220218,134440500,13:44:40,1259.5,995,1001,12569975,0,0,0
fb2203,20220218,20220218,134507000,13:45:09,1259.5,995,1001,12569975,0,0,0
fb2203,20220218,20220218,134524000,13:45:24,1259.5,995,1001,12569975,0,0,0
fb2203,20220218,20220218,134625000,13:46:31,1259.5,995,1001,12569975,0,0,0
fb2203,20220218,20220218,134642000,13:46:43,1259.5,995,1001,12569975,0,0,0
fb2203,20220218,20220218,134700500,13:47:00,1259.5,995,1001,12569975,0,0,0
fb2203,20220218,20220218,134715500,13:47:17,1259.5,995,1001,12569975,0,0,0
fb2203,20220218,20220218,134719000,13:47:19,1259.5,995,1001,12569975,0,0,0
fb2203,20220218,20220218,134720000,13:47:20,1259.5,995,1001,12569975,0,0,0
fb2203,20220218,20220218,134754000,13:47:54,1259.5,995,1001,12569975,0,0,0
fb2203,20220218,20220218,134801500,13:48:01,1259.5,995,1001,12569975,0,0,0
fb2203,20220218,20220218,134805500,13:48:05,1259.5,995,1001,12569975,0,0,0
fb2203,20220218,20220218,134817500,13:48:18,1259.5,996,1001,12582570,1,0,12595
fb2203,20220218,20220218,134829000,13:48:29,1259,997,1002,12595160,1,1,12590
fb2203,20220218,20220218,134833000,13:48:33,1259,997,1002,12595160,0,0,0
fb2203,20220218,20220218,134840000,13:48:40,1259,998,1003,12607750,1,1,12590
fb2203,20220218,20220218,134845000,13:48:45,1259,998,1003,12607750,0,0,0
fb2203,20220218,20220218,134852500,13:48:52,1259,998,1003,12607750,0,0,0
fb2203,20220218,20220218,134859500,13:49:00,1258.5,999,1003,12620335,1,0,12585
fb2203,20220218,20220218,134901500,13:49:02,1258.5,999,1003,12620335,0,0,0
fb2203,20220218,20220218,134911000,13:49:11,1259.5,1000,1003,12632930,1,0,12595
fb2203,20220218,20220218,134919000,13:49:19,1258.5,1001,1004,12645515,1,1,12585
fb2203,20220218,20220218,134919500,13:49:20,1258.5,1001,1004,12645515,0,0,0
fb2203,20220218,20220218,134921000,13:49:21,1258.5,1002,1004,12658100,1,0,12585
fb2203,20220218,20220218,134922000,13:49:22,1258.5,1003,1005,12670685,1,1,12585
fb2203,20220218,20220218,134924500,13:49:25,1258.5,1003,1005,12670685,0,0,0
fb2203,20220218,20220218,134925000,13:49:25,1258,1004,1006,12683265,1,1,12580
fb2203,20220218,20220218,134926000,13:49:26,1258,1004,1006,12683265,0,0,0
fb2203,20220218,20220218,134926500,13:49:27,1258.5,1005,1006,12695850,1,0,12585
fb2203,20220218,20220218,134928500,13:49:29,1258.5,1005,1006,12695850,0,0,0
fb2203,20220218,20220218,134930000,13:49:30,1258.5,1005,1006,12695850,0,0,0
fb2203,20220218,20220218,134935500,13:49:36,1258.5,1005,1006,12695850,0,0,0
fb2203,20220218,20220218,134941000,13:49:41,1258.5,1005,1006,12695850,0,0,0
fb2203,20220218,20220218,134941500,13:49:42,1258.5,1005,1006,12695850,0,0,0
fb2203,20220218,20220218,134942000,13:49:42,1258.5,1005,1006,12695850,0,0,0
fb2203,20220218,20220218,134942500,13:49:42,1258.5,1005,1006,12695850,0,0,0
fb2203,20220218,20220218,134946500,13:49:46,1259,1006,1006,12708440,1,0,12590
fb2203,20220218,20220218,134947000,13:49:47,1259,1006,1006,12708440,0,0,0
fb2203,20220218,20220218,134948000,13:49:48,1259,1006,1006,12708440,0,0,0
fb2203,20220218,20220218,134949000,13:49:49,1259,1006,1006,12708440,0,0,0
fb2203,20220218,20220218,134950500,13:49:50,1259,1006,1006,12708440,0,0,0
fb2203,20220218,20220218,134952500,13:49:54,1259,1006,1006,12708440,0,0,0
fb2203,20220218,20220218,134953000,13:49:54,1259,1006,1006,12708440,0,0,0
fb2203,20220218,20220218,134958000,13:49:58,1259,1006,1006,12708440,0,0,0
fb2203,20220218,20220218,135004000,13:50:04,1259,1006,1006,12708440,0,0,0
fb2203,20220218,20220218,135006000,13:50:06,1259,1006,1006,12708440,0,0,0
fb2203,20220218,20220218,135006500,13:50:06,1258.5,1009,1006,12746195,3,0,37755
fb2203,20220218,20220218,135023500,13:50:27,1258.5,1009,1006,12746195,0,0,0
fb2203,20220218,20220218,135029000,13:50:37,1258.5,1009,1006,12746195,0,0,0
fb2203,20220218,20220218,135032000,13:50:37,1258.5,1009,1006,12746195,0,0,0
fb2203,20220218,20220218,135047500,13:50:48,1258.5,1015,1009,12821680,6,3,75485
fb2203,20220218,20220218,135053000,13:50:53,1258.5,1015,1009,12821680,0,0,0
fb2203,20220218,20220218,135054000,13:50:54,1258.5,1015,1009,12821680,0,0,0
fb2203,20220218,20220218,135058000,13:50:58,1258.5,1015,1009,12821680,0,0,0
fb2203,20220218,20220218,135059000,13:50:59,1258,1016,1009,12834260,1,0,12580
fb2203,20220218,20220218,135102000,13:51:02,1258,1016,1009,12834260,0,0,0
fb2203,20220218,20220218,135104000,13:51:04,1258,1016,1009,12834260,0,0,0
fb2203,20220218,20220218,135106000,13:51:06,1258,1016,1009,12834260,0,0,0
fb2203,20220218,20220218,135118000,13:51:21,1258,1016,1009,12834260,0,0,0
fb2203,20220218,20220218,135121000,13:51:21,1258,1018,1010,12859420,2,1,25160
fb2203,20220218,20220218,135124500,13:51:24,1258,1018,1010,12859420,0,0,0
fb2203,20220218,20220218,135132000,13:51:32,1258,1019,1010,12872000,1,0,12580
fb2203,20220218,20220218,135203000,13:52:03,1258,1023,1009,12922310,4,-1,50310
fb2203,20220218,20220218,135203500,13:52:04,1258,1024,1009,12934890,1,0,12580
fb2203,20220218,20220218,135205000,13:52:05,1258,1024,1009,12934890,0,0,0
fb2203,20220218,20220218,135222500,13:52:24,1258,1024,1009,12934890,0,0,0
fb2203,20220218,20220218,135229000,13:52:29,1258,1024,1009,12934890,0,0,0
fb2203,20220218,20220218,135231500,13:52:32,1258,1024,1009,12934890,0,0,0
fb2203,20220218,20220218,135233500,13:52:33,1258,1024,1009,12934890,0,0,0
fb2203,20220218,20220218,135323000,13:53:23,1258,1024,1009,12934890,0,0,0
fb2203,20220218,20220218,135326500,13:53:26,1258,1024,1009,12934890,0,0,0
fb2203,20220218,20220218,135337000,13:53:44,1258,1025,1008,12947470,1,-1,12580
fb2203,20220218,20220218,135340500,13:53:45,1258,1026,1008,12960050,1,0,12580
fb2203,20220218,20220218,135347500,13:53:47,1258,1026,1008,12960050,0,0,0
fb2203,20220218,20220218,135348000,13:53:48,1258,1026,1008,12960050,0,0,0
fb2203,20220218,20220218,135349500,13:53:50,1258,1026,1008,12960050,0,0,0
fb2203,20220218,20220218,135350500,13:53:50,1258,1026,1008,12960050,0,0,0
fb2203,20220218,20220218,135352500,13:53:53,1258,1026,1008,12960050,0,0,0
fb2203,20220218,20220218,135353500,13:53:53,1258,1026,1008,12960050,0,0,0
fb2203,20220218,20220218,135425000,13:54:25,1258,1026,1008,12960050,0,0,0
fb2203,20220218,20220218,135425500,13:54:26,1258.5,1028,1007,12985220,2,-1,25170
fb2203,20220218,20220218,135447000,13:54:47,1258.5,1028,1007,12985220,0,0,0
fb2203,20220218,20220218,135451000,13:54:51,1258,1029,1007,12997800,1,0,12580
fb2203,20220218,20220218,135452000,13:54:52,1258,1029,1007,12997800,0,0,0
fb2203,20220218,20220218,135452500,13:54:52,1258,1030,1007,13010380,1,0,12580
fb2203,20220218,20220218,135530500,13:55:31,1258,1031,1008,13022960,1,1,12580
fb2203,20220218,20220218,135535000,13:55:35,1258,1032,1008,13035540,1,0,12580
fb2203,20220218,20220218,135538000,13:55:38,1258,1033,1008,13048120,1,0,12580
fb2203,20220218,20220218,135550500,13:55:50,1258,1034,1008,13060700,1,0,12580
fb2203,20220218,20220218,135551000,13:55:51,1258,1038,1004,13111020,4,-4,50320
fb2203,20220218,20220218,135601000,13:56:02,1258,1038,1004,13111020,0,0,0
fb2203,20220218,20220218,135621000,13:56:24,1258,1038,1004,13111020,0,0,0
fb2203,20220218,20220218,135647000,13:56:48,1258.5,1040,1002,13136185,2,-2,25165
fb2203,20220218,20220218,135655500,13:56:55,1258.5,1040,1002,13136185,0,0,0
fb2203,20220218,20220218,135702000,13:57:02,1258.5,1040,1002,13136185,0,0,0
