i2205,20220218,20220218,112003000,11:20:03,685.5,649796,556707,43700451950,649796,-22213,43700451950
i2205,20220218,20220218,112004500,11:20:09,685.5,649873,556703,43705730950,77,-4,5279000
i2205,20220218,20220218,112005000,11:20:10,685.5,649874,556702,43705799500,1,-1,68550
i2205,20220218,20220218,112006000,11:20:10,685.5,649874,556702,43705799500,0,0,0
i2205,20220218,20220218,112006500,11:20:10,685.5,649875,556702,43705868050,1,0,68550
i2205,20220218,20220218,112007000,11:20:10,685.5,649875,556702,43705868050,0,0,0
i2205,20220218,20220218,112007500,11:20:10,685.5,649875,556702,43705868050,0,0,0
i2205,20220218,20220218,112008000,11:20:10,686,649885,556694,43706553650,10,-8,685600
i2205,20220218,20220218,112008500,11:20:10,685.5,649887,556692,43706690750,2,-2,137100
i2205,20220218,20220218,112009000,11:20:10,685.5,649888,556691,43706759300,1,-1,68550
i2205,20220218,20220218,112009500,11:20:10,686,649893,556692,43707102250,5,1,342950
i2205,20220218,20220218,112010000,11:20:10,685.5,649894,556692,43707170800,1,0,68550
i2205,20220218,20220218,112010500,11:20:10,685.5,649897,556692,43707376450,3,0,205650
i2205,20220218,20220218,112011000,11:20:11,686,649901,556691,43707650850,4,-1,274400
i2205,20220218,20220218,112011500,11:20:12,685.5,649902,556691,43707719400,1,0,68550
i2205,20220218,20220218,112012000,11:20:12,686,649904,556690,43707856550,2,-1,137150
i2205,20220218,20220218,112012500,11:20:12,686,649904,556690,43707856550,0,0,0
i2205,20220218,20220218,112013000,11:20:13,685.5,649917,556677,43708747700,13,-13,891150
i2205,20220218,20220218,112013500,11:20:13,686,649919,556675,43708884900,2,-2,137200
i2205,20220218,20220218,112014000,11:20:14,686,649921,556673,43709022100,2,-2,137200
i2205,20220218,20220218,112014500,11:20:14,686,649922,556673,43709090700,1,0,68600
i2205,20220218,20220218,112015000,11:20:15,685.5,649923,556672,43709159250,1,-1,68550
i2205,20220218,20220218,112015500,11:20:16,686,649926,556669,43709365050,3,-3,205800
i2205,20220218,20220218,112016000,11:20:16,686,650088,556703,43720473200,162,34,11108150
i2205,20220218,20220218,112016500,11:20:16,685.5,650103,556688,43721501450,15,-15,1028250
i2205,20220218,20220218,112017000,11:20:17,685.5,650103,556688,43721501450,0,0,0
i2205,20220218,20220218,112017500,11:20:17,686,650193,556624,43727674850,90,-64,6173400
i2205,20220218,20220218,112018000,11:20:18,686,650194,556624,43727743450,1,0,68600
i2205,20220218,20220218,112018500,11:20:18,685,650304,556651,43735283850,110,27,7540400
i2205,20220218,20220218,112019000,11:20:19,685.5,650305,556651,43735352400,1,0,68550
i2205,20220218,20220218,112019500,11:20:20,685.5,650316,556643,43736106200,11,-8,753800
i2205,20220218,20220218,112020000,11:20:20,685.5,650316,556643,43736106200,0,0,0
i2205,20220218,20220218,112020500,11:20:20,685.5,650316,556643,43736106200,0,0,0
i2205,20220218,20220218,112021000,11:20:21,685,650320,556640,43736380200,4,-3,274000
i2205,20220218,20220218,112021500,11:20:21,684.5,650362,556629,43739257150,42,-11,2876950
i2205,20220218,20220218,112022000,11:20:22,685,650378,556614,43740353150,16,-15,1096000
i2205,20220218,20220218,112022500,11:20:23,685,650379,556613,43740421650,1,-1,68500
i2205,20220218,20220218,112023000,11:20:23,685,650379,556613,43740421650,0,0,0
i2205,20220218,20220218,112023500,11:20:23,685,650382,556610,43740627150,3,-3,205500
i2205,20220218,20220218,112024000,11:20:24,685,650382,556610,43740627150,0,0,0
i2205,20220218,20220218,112025000,11:20:25,685,650384,556608,43740764150,2,-2,137000
i2205,20220218,20220218,112025500,11:20:25,684.5,650403,556616,43742064850,19,8,1300700
i2205,20220218,20220218,112026000,11:20:26,684.5,650411,556616,43742612450,8,0,547600
i2205,20220218,20220218,112026500,11:20:26,684.5,650411,556616,43742612450,0,0,0
i2205,20220218,20220218,112027000,11:20:27,684.5,650411,556616,43742612450,0,0,0
i2205,20220218,20220218,112027500,11:20:28,684.5,650411,556616,43742612450,0,0,0
i2205,20220218,20220218,112028000,11:20:28,684.5,650411,556616,43742612450,0,0,0
i2205,20220218,20220218,112028500,11:20:28,684.5,650415,556616,43742886350,4,0,273900
i2205,20220218,20220218,112029000,11:20:29,684.5,650415,556616,43742886350,0,0,0
i2205,20220218,20220218,112029500,11:20:30,684.5,650491,556636,43748088550,76,20,5202200
i2205,20220218,20220218,112030000,11:20:31,684.5,650503,556637,43748909450,12,1,820900
i2205,20220218,20220218,112030500,11:20:31,684.5,650503,556637,43748909450,0,0,0
i2205,20220218,20220218,112031000,11:20:32,684.5,650503,556637,43748909450,0,0,0
i2205,20220218,20220218,112031500,11:20:32,684.5,650503,556637,43748909450,0,0,0
i2205,20220218,20220218,112032000,11:20:32,684,650507,556638,43749183100,4,1,273650
i2205,20220218,20220218,112032500,11:20:32,684,650516,556642,43749798950,9,4,615850
i2205,20220218,20220218,112033000,11:20:33,684,650520,556643,43750072650,4,1,273700
i2205,20220218,20220218,112033500,11:20:33,684,650523,556642,43750277850,3,-1,205200
i2205,20220218,20220218,112034000,11:20:34,684.5,650525,556643,43750414750,2,1,136900
i2205,20220218,20220218,112034500,11:20:34,684.5,650525,556643,43750414750,0,0,0
i2205,20220218,20220218,112035000,11:20:35,684,650527,556644,43750551600,2,1,136850
i2205,20220218,20220218,112035500,11:20:35,684.5,650530,556647,43750756950,3,3,205350
i2205,20220218,20220218,112036000,11:20:36,684.5,650530,556647,43750756950,0,0,0
i2205,20220218,20220218,112036500,11:20:37,684.5,650531,556647,43750825400,1,0,68450
i2205,20220218,20220218,112037000,11:20:37,684.5,650533,556648,43750962250,2,1,136850
i2205,20220218,20220218,112037500,11:20:38,684.5,650636,556584,43758012500,103,-64,7050250
i2205,20220218,20220218,112038000,11:20:38,684,650664,556571,43759928050,28,-13,1915550
i2205,20220218,20220218,112038500,11:20:38,684.5,650666,556569,43760064900,2,-2,136850
i2205,20220218,20220218,112039000,11:20:39,684.5,650667,556568,43760133350,1,-1,68450
i2205,20220218,20220218,112039500,11:20:40,684,650789,556526,43768478150,122,-42,8344800
i2205,20220218,20220218,112040000,11:20:40,684,650789,556526,43768478150,0,0,0
i2205,20220218,20220218,112040500,11:20:41,683.5,650793,556525,43768751550,4,-1,273400
i2205,20220218,20220218,112041000,11:20:41,683.5,650814,556526,43770186950,21,1,1435400
i2205,20220218,20220218,112041500,11:20:41,684,650820,556530,43770597100,6,4,410150
i2205,20220218,20220218,112042000,11:20:42,684,650824,556528,43770870650,4,-2,273550
i2205,20220218,20220218,112042500,11:20:42,684,650834,556518,43771554650,10,-10,684000
i2205,20220218,20220218,112043000,11:20:43,684,650854,556530,43772921900,20,12,1367250
i2205,20220218,20220218,112043500,11:20:44,684,650856,556532,43773058650,2,2,136750
i2205,20220218,20220218,112044000,11:20:44,684,650858,556530,43773195450,2,-2,136800
i2205,20220218,20220218,112044500,11:20:44,684,650860,556531,43773332200,2,1,136750
i2205,20220218,20220218,112045000,11:20:45,683.5,650870,556529,43774015700,10,-2,683500
i2205,20220218,20220218,112045500,11:20:46,684,650871,556528,43774084100,1,-1,68400
i2205,20220218,20220218,112046000,11:20:46,684,650871,556528,43774084100,0,0,0
i2205,20220218,20220218,112046500,11:20:46,683.5,650872,556528,43774152450,1,0,68350
i2205,20220218,20220218,112047000,11:20:47,683.5,650880,556527,43774699550,8,-1,547100
i2205,20220218,20220218,112047500,11:20:48,683.5,650881,556527,43774767900,1,0,68350
i2205,20220218,20220218,112048000,11:20:48,683.5,650895,556517,43775725350,14,-10,957450
i2205,20220218,20220218,112048500,11:20:50,683.5,650900,556516,43776067100,5,-1,341750
i2205,20220218,20220218,112049000,11:20:50,683.5,650903,556513,43776272150,3,-3,205050
i2205,20220218,20220218,112049500,11:20:50,683.5,650911,556505,43776818950,8,-8,546800
i2205,20220218,20220218,112050500,11:20:51,684,650919,556502,43777366000,8,-3,547050
i2205,20220218,20220218,112051000,11:20:51,684,650941,556511,43778870800,22,9,1504800
i2205,20220218,20220218,112051500,11:20:51,684,650942,556510,43778939200,1,-1,68400
i2205,20220218,20220218,112052000,11:20:53,684,651031,556485,43785026750,89,-25,6087550
i2205,20220218,20220218,112052500,11:20:53,684,651105,556502,43790088350,74,17,5061600
i2205,20220218,20220218,112053000,11:20:53,684,651106,556502,43790156750,1,0,68400
i2205,20220218,20220218,112053500,11:20:53,684,651165,556477,43794192350,59,-25,4035600
i2205,20220218,20220218,112054000,11:20:54,684,651178,556476,43795081550,13,-1,889200
i2205,20220218,20220218,112054500,11:20:55,684,651182,556479,43795355150,4,3,273600
i2205,20220218,20220218,112055000,11:20:55,684,651193,556478,43796107550,11,-1,752400
i2205,20220218,20220218,112055500,11:20:56,684,651193,556478,43796107550,0,0,0
i2205,20220218,20220218,112056000,11:20:56,684,651217,556479,43797749150,24,1,1641600
i2205,20220218,20220218,112056500,11:20:56,684,651224,556485,43798227950,7,6,478800
i2205,20220218,20220218,112057000,11:20:58,684,651231,556492,43798706750,7,7,478800
i2205,20220218,20220218,112057500,11:20:58,684,651283,556454,43802266100,52,-38,3559350
i2205,20220218,20220218,112058000,11:20:58,684,651301,556453,43803497600,18,-1,1231500
i2205,20220218,20220218,112058500,11:20:59,684,651302,556452,43803566000,1,-1,68400
i2205,20220218,20220218,112059000,11:20:59,684,651304,556450,43803702800,2,-2,136800
i2205,20220218,20220218,112059500,11:21:00,684,651305,556449,43803771200,1,-1,68400
i2205,20220218,20220218,112100000,11:21:00,684,651305,556449,43803771200,0,0,0
i2205,20220218,20220218,112100500,11:21:00,684,651307,556449,43803908000,2,0,136800
i2205,20220218,20220218,112101000,11:21:01,684,651309,556450,43804044800,2,1,136800
i2205,20220218,20220218,112101500,11:21:02,684.5,651313,556452,43804318550,4,2,273750
i2205,20220218,20220218,112102000,11:21:02,684.5,651313,556452,43804318550,0,0,0
i2205,20220218,20220218,112102500,11:21:03,684.5,651313,556452,43804318550,0,0,0
i2205,20220218,20220218,112103000,11:21:03,684.5,651314,556453,43804387000,1,1,68450
i2205,20220218,20220218,112103500,11:21:04,684.5,651354,556472,43807124900,40,19,2737900
i2205,20220218,20220218,112104000,11:21:04,684.5,651365,556467,43807877850,11,-5,752950
i2205,20220218,20220218,112104500,11:21:05,685,651379,556453,43808836350,14,-14,958500
i2205,20220218,20220218,112105000,11:21:05,685,651388,556448,43809452850,9,-5,616500
i2205,20220218,20220218,112105500,11:21:06,685,651391,556448,43809658350,3,0,205500
i2205,20220218,20220218,112106000,11:21:07,685,651391,556448,43809658350,0,0,0
i2205,20220218,20220218,112106500,11:21:07,684.5,651398,556449,43810137500,7,1,479150
i2205,20220218,20220218,112107000,11:21:09,684.5,651398,556449,43810137500,0,0,0
i2205,20220218,20220218,112107500,11:21:10,685,651399,556448,43810206000,1,-1,68500
i2205,20220218,20220218,112108000,11:21:10,684.5,651406,556441,43810685150,7,-7,479150
i2205,20220218,20220218,112108500,11:21:10,684.5,651410,556437,43810958950,4,-4,273800
i2205,20220218,20220218,112110000,11:21:10,685,651429,556432,43812260450,19,-5,1301500
i2205,20220218,20220218,112110500,11:21:11,685,651429,556432,43812260450,0,0,0
i2205,20220218,20220218,112111000,11:21:11,685,651434,556432,43812602750,5,0,342300
i2205,20220218,20220218,112111500,11:21:12,685,651434,556432,43812602750,0,0,0
i2205,20220218,20220218,112112000,11:21:12,684.5,651436,556433,43812739700,2,1,136950
i2205,20220218,20220218,112112500,11:21:13,685,651778,556221,43836166700,342,-212,23427000
i2205,20220218,20220218,112113000,11:21:13,685,651778,556221,43836166700,0,0,0
i2205,20220218,20220218,112113500,11:21:13,685.5,651782,556218,43836440750,4,-3,274050
i2205,20220218,20220218,112114000,11:21:14,685.5,651782,556218,43836440750,0,0,0
i2205,20220218,20220218,112114500,11:21:14,685,651783,556218,43836509250,1,0,68500
i2205,20220218,20220218,112115000,11:21:15,685.5,651837,556237,43840210800,54,19,3701550
i2205,20220218,20220218,112115500,11:21:15,685,651840,556237,43840416400,3,0,205600
i2205,20220218,20220218,112116000,11:21:16,685,651844,556239,43840690450,4,2,274050
i2205,20220218,20220218,112116500,11:21:17,685,651846,556240,43840827450,2,1,137000
i2205,20220218,20220218,112117000,11:21:17,685,651882,556216,43843293450,36,-24,2466000
i2205,20220218,20220218,112117500,11:21:18,685,651885,556217,43843498950,3,1,205500
i2205,20220218,20220218,112118000,11:21:18,685.5,651889,556217,43843773050,4,0,274100
i2205,20220218,20220218,112118500,11:21:18,685.5,651889,556217,43843773050,0,0,0
i2205,20220218,20220218,112119000,11:21:19,685.5,651939,556242,43847200550,50,25,3427500
i2205,20220218,20220218,112119500,11:21:19,685,651940,556243,43847269050,1,1,68500
i2205,20220218,20220218,112120000,11:21:20,685.5,651953,556255,43848160150,13,12,891100
i2205,20220218,20220218,112120500,11:21:21,685.5,651957,556255,43848434350,4,0,274200
i2205,20220218,20220218,112121000,11:21:22,685.5,651961,556259,43848708450,4,4,274100
i2205,20220218,20220218,112121500,11:21:22,685.5,651971,556263,43849393900,10,4,685450
i2205,20220218,20220218,112122000,11:21:22,685,651972,556264,43849462400,1,1,68500
i2205,20220218,20220218,112122500,11:21:22,685,651972,556264,43849462400,0,0,0
i2205,20220218,20220218,112123000,11:21:23,685.5,651975,556266,43849667950,3,2,205550
i2205,20220218,20220218,112123500,11:21:24,685.5,651975,556266,43849667950,0,0,0
i2205,20220218,20220218,112124000,11:21:24,685.5,651976,556267,43849736500,1,1,68550
i2205,20220218,20220218,112124500,11:21:25,685.5,651979,556268,43849942150,3,1,205650
i2205,20220218,20220218,112125000,11:21:29,685.5,651979,556268,43849942150,0,0,0
i2205,20220218,20220218,112125500,11:23:32,685.5,651981,556268,43850079250,2,0,137100
i2205,20220218,20220218,112126000,11:23:33,685.5,651982,556268,43850147800,1,0,68550
i2205,20220218,20220218,112126500,11:23:33,685.5,651983,556269,43850216350,1,1,68550
i2205,20220218,20220218,112332500,11:23:33,685,654697,556055,44036248150,2714,-214,186031800
i2205,20220218,20220218,112333000,11:23:33,685,654862,556141,44047550650,165,86,11302500
i2205,20220218,20220218,112333500,11:23:33,685,654883,556127,44048989150,21,-14,1438500
i2205,20220218,20220218,112334000,11:23:34,685,654883,556127,44048989150,0,0,0
i2205,20220218,20220218,112334500,11:23:34,685,654884,556127,44049057650,1,0,68500
i2205,20220218,20220218,112335000,11:23:35,685,654938,556094,44052756650,54,-33,3699000
i2205,20220218,20220218,112335500,11:23:35,685.5,654991,556066,44056389700,53,-28,3633050
i2205,20220218,20220218,112336000,11:23:36,685,654993,556066,44056526700,2,0,137000
i2205,20220218,20220218,112336500,11:23:38,685,654993,556066,44056526700,0,0,0
i2205,20220218,20220218,112337000,11:23:38,685,655000,556064,44057006200,7,-2,479500
i2205,20220218,20220218,112337500,11:23:38,685,655000,556064,44057006200,0,0,0
i2205,20220218,20220218,112338000,11:23:38,685,655001,556064,44057074700,1,0,68500
i2205,20220218,20220218,112338500,11:23:38,685.5,655007,556062,44057485800,6,-2,411100
i2205,20220218,20220218,112339000,11:23:39,685,655058,556013,44060981800,51,-49,3496000
i2205,20220218,20220218,112339500,11:23:39,685.5,655130,556001,44065917400,72,-12,4935600
i2205,20220218,20220218,112340000,11:23:40,685.5,655162,556000,44068112500,32,-1,2195100
i2205,20220218,20220218,112340500,11:23:40,686,655165,555998,44068318200,3,-2,205700
i2205,20220218,20220218,112341000,11:23:41,686,655171,555993,44068729600,6,-5,411400
i2205,20220218,20220218,112341500,11:23:42,686,655183,555987,44069552800,12,-6,823200
i2205,20220218,20220218,112342000,11:23:42,685.5,655185,555987,44069689950,2,0,137150
i2205,20220218,20220218,112342500,11:23:42,686,655704,556053,44105293350,519,66,35603400
i2205,20220218,20220218,112343000,11:23:43,686.5,655937,556191,44121288750,233,138,15995400
i2205,20220218,20220218,112343500,11:23:43,686.5,656014,556226,44126574800,77,35,5286050
i2205,20220218,20220218,112344000,11:23:46,686.5,656030,556226,44127673200,16,0,1098400
i2205,20220218,20220218,112344500,11:23:48,686.5,656032,556226,44127810500,2,0,137300
i2205,20220218,20220218,112345000,11:23:48,687,656044,556225,44128634900,12,-1,824400
i2205,20220218,20220218,112345500,11:23:48,686.5,656089,556210,44131724900,45,-15,3090000
i2205,20220218,20220218,112348000,11:23:48,687,656225,556115,44141063400,136,-95,9338500
i2205,20220218,20220218,112348500,11:23:49,686.5,656244,556129,44142367800,19,14,1304400
i2205,20220218,20220218,112349000,11:23:49,686.5,656287,556104,44145319600,43,-25,2951800
i2205,20220218,20220218,112349500,11:23:50,686.5,656318,556115,44147448650,31,11,2129050
i2205,20220218,20220218,112350000,11:23:50,686.5,656320,556116,44147586000,2,1,137350
i2205,20220218,20220218,112350500,11:23:50,686.5,656320,556116,44147586000,0,0,0
i2205,20220218,20220218,112351000,11:23:51,686.5,656323,556116,44147792000,3,0,206000
i2205,20220218,20220218,112351500,11:23:51,686.5,656324,556116,44147860650,1,0,68650
i2205,20220218,20220218,112352000,11:23:52,686.5,656327,556115,44148066600,3,-1,205950
i2205,20220218,20220218,112352500,11:23:52,686.5,656335,556117,44148615800,8,2,549200
i2205,20220218,20220218,112353000,11:23:53,686.5,656337,556116,44148753100,2,-1,137300
i2205,20220218,20220218,112353500,11:23:53,686,656340,556115,44148959000,3,-1,205900
i2205,20220218,20220218,112354000,11:23:54,686.5,656383,556084,44151910950,43,-31,2951950
i2205,20220218,20220218,112354500,11:23:55,686.5,656386,556084,44152116900,3,0,205950
i2205,20220218,20220218,112355000,11:23:55,686.5,656403,556082,44153283200,17,-2,1166300
i2205,20220218,20220218,112355500,11:23:55,686.5,656404,556082,44153351850,1,0,68650
i2205,20220218,20220218,112356000,11:23:56,686.5,656410,556077,44153763500,6,-5,411650
i2205,20220218,20220218,112356500,11:23:56,686,656413,556078,44153969400,3,1,205900
i2205,20220218,20220218,112357000,11:23:57,686,656501,556073,44160006200,88,-5,6036800
i2205,20220218,20220218,112357500,11:23:57,686,656522,556067,44161446800,21,-6,1440600
i2205,20220218,20220218,112358000,11:23:58,686.5,656529,556066,44161927300,7,-1,480500
i2205,20220218,20220218,112358500,11:23:58,686,656530,556066,44161995900,1,0,68600
i2205,20220218,20220218,112359000,11:23:59,686.5,656531,556065,44162064550,1,-1,68650
i2205,20220218,20220218,112359500,11:23:59,686.5,656532,556065,44162133200,1,0,68650
i2205,20220218,20220218,112400000,11:24:00,686,656560,556056,44164054000,28,-9,1920800
i2205,20220218,20220218,112400500,11:24:00,685.5,656563,556057,44164259750,3,1,205750
i2205,20220218,20220218,112401000,11:24:01,686,656598,556033,44166660700,35,-24,2400950
i2205,20220218,20220218,112401500,11:24:01,686,656598,556033,44166660700,0,0,0
i2205,20220218,20220218,112402000,11:24:02,686,656608,556024,44167346700,10,-9,686000
i2205,20220218,20220218,112402500,11:24:02,686,656610,556024,44167483900,2,0,137200
i2205,20220218,20220218,112403000,11:24:03,686,656612,556024,44167621100,2,0,137200
i2205,20220218,20220218,112403500,11:24:04,685.5,656621,556023,44168238250,9,-1,617150
i2205,20220218,20220218,112404000,11:24:04,685.5,656621,556023,44168238250,0,0,0
i2205,20220218,20220218,112404500,11:24:04,686,656623,556022,44168375450,2,-1,137200
i2205,20220218,20220218,112405000,11:24:05,686,656626,556023,44168581200,3,1,205750
i2205,20220218,20220218,112405500,11:24:05,686,656628,556022,44168718400,2,-1,137200
i2205,20220218,20220218,112406000,11:24:06,686,656628,556022,44168718400,0,0,0
i2205,20220218,20220218,112406500,11:24:06,686,656634,556017,44169130000,6,-5,411600
i2205,20220218,20220218,112407500,11:24:08,686,656639,556015,44169473000,5,-2,343000
i2205,20220218,20220218,112408000,11:24:08,686,656700,555959,44173657250,61,-56,4184250
i2205,20220218,20220218,112408500,11:24:08,686,656769,555951,44178389950,69,-8,4732700
i2205,20220218,20220218,112409000,11:24:09,686,656771,555953,44178527150,2,2,137200
i2205,20220218,20220218,112409500,11:24:11,685.5,656772,555953,44178595700,1,0,68550
i2205,20220218,20220218,112410000,11:24:12,685.5,656780,555960,44179144450,8,7,548750
i2205,20220218,20220218,112410500,11:24:12,686,656781,555961,44179213050,1,1,68600
i2205,20220218,20220218,112411500,11:24:12,686,656789,555963,44179761850,8,2,548800
i2205,20220218,20220218,112412000,11:24:12,686,656789,555963,44179761850,0,0,0
i2205,20220218,20220218,112412500,11:24:12,686,656792,555964,44179967650,3,1,205800
i2205,20220218,20220218,112413000,11:24:13,686,656792,555964,44179967650,0,0,0
i2205,20220218,20220218,112413500,11:24:14,686,656792,555964,44179967650,0,0,0
i2205,20220218,20220218,112414000,11:24:14,686,656798,555964,44180379150,6,0,411500
i2205,20220218,20220218,112414500,11:24:14,686,656809,555968,44181133500,11,4,754350
i2205,20220218,20220218,112415000,11:24:15,685.5,656810,555967,44181202050,1,-1,68550
i2205,20220218,20220218,112415500,11:24:15,685.5,656953,556019,44191011600,143,52,9809550
i2205,20220218,20220218,112416000,11:24:16,686,656954,556018,44191080200,1,-1,68600
i2205,20220218,20220218,112416500,11:24:17,686,656954,556018,44191080200,0,0,0
i2205,20220218,20220218,112417000,11:24:17,686,656959,556017,44191423200,5,-1,343000
i2205,20220218,20220218,112417500,11:24:18,686,656963,556016,44191697550,4,-1,274350
i2205,20220218,20220218,112418000,11:24:18,685.5,656968,556016,44192040400,5,0,342850
i2205,20220218,20220218,112418500,11:24:19,685.5,656968,556016,44192040400,0,0,0
i2205,20220218,20220218,112419000,11:24:19,685.5,656969,556016,44192108950,1,0,68550
i2205,20220218,20220218,112419500,11:24:20,686,657069,556069,44198968950,100,53,6860000
i2205,20220218,20220218,112420000,11:24:20,686,657075,556068,44199380550,6,-1,411600
i2205,20220218,20220218,112420500,11:24:20,685.5,657076,556068,44199449100,1,0,68550
i2205,20220218,20220218,112421000,11:24:21,686,657089,556065,44200340900,13,-3,891800
i2205,20220218,20220218,112422000,11:24:22,685.5,657093,556066,44200615250,4,1,274350
i2205,20220218,20220218,112422500,11:24:23,686,657096,556066,44200821050,3,0,205800
i2205,20220218,20220218,112423000,11:24:23,686,657096,556066,44200821050,0,0,0
i2205,20220218,20220218,112423500,11:24:23,686,657096,556066,44200821050,0,0,0
i2205,20220218,20220218,112424000,11:24:24,686,657096,556066,44200821050,0,0,0
i2205,20220218,20220218,112424500,11:24:24,686,657099,556067,44201026750,3,1,205700
i2205,20220218,20220218,112425000,11:24:25,686,657106,556072,44201506950,7,5,480200
i2205,20220218,20220218,112425500,11:24:25,686,657106,556072,44201506950,0,0,0
i2205,20220218,20220218,112426000,11:24:26,685.5,657115,556077,44202123900,9,5,616950
i2205,20220218,20220218,112426500,11:24:26,686,657120,556082,44202466900,5,5,343000
i2205,20220218,20220218,112427000,11:24:27,685.5,657269,556128,44212680850,149,46,10213950
i2205,20220218,20220218,112427500,11:24:28,685.5,657269,556128,44212680850,0,0,0
i2205,20220218,20220218,112428000,11:24:28,685.5,657350,556164,44218233400,81,36,5552550
i2205,20220218,20220218,112428500,11:24:28,685.5,657362,556174,44219056000,12,10,822600
i2205,20220218,20220218,112429000,11:24:29,685.5,657363,556174,44219124550,1,0,68550
i2205,20220218,20220218,112429500,11:24:29,685.5,657364,556174,44219193100,1,0,68550
i2205,20220218,20220218,112430000,11:24:30,685.5,657385,556161,44220632650,21,-13,1439550
i2205,20220218,20220218,112430500,11:24:30,685.5,657385,556161,44220632650,0,0,0
i2205,20220218,20220218,112431000,11:24:31,685.5,657389,556160,44220906850,4,-1,274200
i2205,20220218,20220218,112431500,11:24:31,685.5,657389,556160,44220906850,0,0,0
i2205,20220218,20220218,112432000,11:24:32,685.5,657399,556156,44221592350,10,-4,685500
i2205,20220218,20220218,112432500,11:24:32,685.5,657403,556155,44221866500,4,-1,274150
i2205,20220218,20220218,112433000,11:24:33,685.5,657403,556155,44221866500,0,0,0
i2205,20220218,20220218,112433500,11:24:33,685,657414,556155,44222620500,11,0,754000
i2205,20220218,20220218,112434000,11:24:34,685,657415,556155,44222689000,1,0,68500
i2205,20220218,20220218,112434500,11:24:34,685,657416,556154,44222757500,1,-1,68500
i2205,20220218,20220218,112435000,11:24:35,685,657423,556160,44223237000,7,6,479500
i2205,20220218,20220218,112435500,11:24:35,685,657429,556160,44223648250,6,0,411250
i2205,20220218,20220218,112436000,11:24:36,685,657435,556164,44224059350,6,4,411100
i2205,20220218,20220218,112436500,11:24:36,685,657436,556165,44224127850,1,1,68500
i2205,20220218,20220218,112437000,11:24:37,685,657437,556165,44224196350,1,0,68500
i2205,20220218,20220218,112437500,11:24:39,685,657475,556162,44226799350,38,-3,2603000
i2205,20220218,20220218,112438000,11:24:39,685.5,657539,556167,44231183450,64,5,4384100
i2205,20220218,20220218,112438500,11:24:39,685.5,657540,556168,44231252000,1,1,68550
i2205,20220218,20220218,112439000,11:24:40,685,657543,556166,44231457500,3,-2,205500
i2205,20220218,20220218,112439500,11:24:40,685,657545,556164,44231594500,2,-2,137000
i2205,20220218,20220218,112440000,11:24:40,685,657545,556164,44231594500,0,0,0
i2205,20220218,20220218,112440500,11:24:40,685,657546,556164,44231663000,1,0,68500
i2205,20220218,20220218,112441000,11:24:41,685,657547,556164,44231731500,1,0,68500
i2205,20220218,20220218,112441500,11:24:41,685,657550,556163,44231937000,3,-1,205500
i2205,20220218,20220218,112442000,11:24:42,685,657550,556163,44231937000,0,0,0
i2205,20220218,20220218,112442500,11:24:42,685,657551,556164,44232005500,1,1,68500
i2205,20220218,20220218,112443000,11:24:43,685,657551,556164,44232005500,0,0,0
i2205,20220218,20220218,112443500,11:24:43,685,657558,556169,44232484800,7,5,479300
i2205,20220218,20220218,112444000,11:24:44,684.5,657563,556170,44232827050,5,1,342250
i2205,20220218,20220218,112444500,11:24:44,685,657576,556178,44233716950,13,8,889900
i2205,20220218,20220218,112445000,11:24:45,684.5,657578,556179,44233853900,2,1,136950
i2205,20220218,20220218,112445500,11:24:45,685,657580,556180,44233990900,2,1,137000
i2205,20220218,20220218,112446000,11:24:46,685,657589,556181,44234607350,9,1,616450
i2205,20220218,20220218,112447000,11:24:47,685,657594,556186,44234949850,5,5,342500
i2205,20220218,20220218,112447500,11:24:47,685,657594,556186,44234949850,0,0,0
i2205,20220218,20220218,112448000,11:24:48,685,657598,556184,44235223850,4,-2,274000
i2205,20220218,20220218,112448500,11:24:48,685,657598,556184,44235223850,0,0,0
i2205,20220218,20220218,112449000,11:24:49,684.5,657602,556181,44235497750,4,-3,273900
i2205,20220218,20220218,112449500,11:24:49,684.5,657604,556180,44235634700,2,-1,136950
i2205,20220218,20220218,112450000,11:24:50,684.5,657605,556180,44235703150,1,0,68450
i2205,20220218,20220218,112450500,11:24:50,684.5,657608,556179,44235908550,3,-1,205400
i2205,20220218,20220218,112451000,11:24:51,685,657609,556178,44235977050,1,-1,68500
i2205,20220218,20220218,112451500,11:24:51,685,657609,556178,44235977050,0,0,0
i2205,20220218,20220218,112452000,11:24:52,685,657614,556178,44236319550,5,0,342500
i2205,20220218,20220218,112452500,11:24:52,684.5,657615,556179,44236388000,1,1,68450
i2205,20220218,20220218,112453000,11:24:53,685,657629,556187,44237346950,14,8,958950
i2205,20220218,20220218,112453500,11:24:53,685,657633,556188,44237620850,4,1,273900
i2205,20220218,20220218,112454000,11:24:54,685,657633,556188,44237620850,0,0,0
i2205,20220218,20220218,112454500,11:24:54,685,657636,556187,44237826300,3,-1,205450
i2205,20220218,20220218,112455000,11:24:55,685,657636,556187,44237826300,0,0,0
i2205,20220218,20220218,112456000,11:24:56,685,657636,556187,44237826300,0,0,0
i2205,20220218,20220218,112456500,11:24:56,685,657637,556187,44237894800,1,0,68500
i2205,20220218,20220218,112457000,11:24:57,685,657637,556187,44237894800,0,0,0
i2205,20220218,20220218,112457500,11:24:57,684.5,657639,556188,44238031700,2,1,136900
i2205,20220218,20220218,112458000,11:24:58,685,657640,556187,44238100200,1,-1,68500
i2205,20220218,20220218,112458500,11:24:58,685,657640,556187,44238100200,0,0,0
i2205,20220218,20220218,112459000,11:24:59,685,657640,556187,44238100200,0,0,0
i2205,20220218,20220218,112459500,11:24:59,684.5,657643,556188,44238305550,3,1,205350
i2205,20220218,20220218,112500000,11:25:00,685,657644,556188,44238374050,1,0,68500
i2205,20220218,20220218,112500500,11:25:01,685,657644,556188,44238374050,0,0,0
i2205,20220218,20220218,112501000,11:25:01,684.5,657646,556187,44238510950,2,-1,136900
i2205,20220218,20220218,112501500,11:25:04,685,657650,556186,44238784850,4,-1,273900
i2205,20220218,20220218,112502000,11:25:05,685,657653,556188,44238990350,3,2,205500
i2205,20220218,20220218,112502500,11:25:06,684.5,657658,556184,44239332650,5,-4,342300
i2205,20220218,20220218,112503000,11:25:06,685,657846,556218,44252210650,188,34,12878000
i2205,20220218,20220218,112504500,11:25:06,685,657851,556215,44252553300,5,-3,342650
i2205,20220218,20220218,112505000,11:25:06,685.5,657886,556198,44254952550,35,-17,2399250
i2205,20220218,20220218,112505500,11:25:06,685.5,657972,556159,44260847800,86,-39,5895250
i2205,20220218,20220218,112506000,11:25:06,685.5,658031,556142,44264892200,59,-17,4044400
i2205,20220218,20220218,112506500,11:25:07,685.5,658098,556137,44269485050,67,-5,4592850
i2205,20220218,20220218,112507000,11:25:07,686,658126,556150,44271405500,28,13,1920450
i2205,20220218,20220218,112507500,11:25:07,686,658126,556150,44271405500,0,0,0
i2205,20220218,20220218,112508000,11:25:08,685.5,658134,556158,44271953900,8,8,548400
i2205,20220218,20220218,112508500,11:25:08,685.5,658142,556159,44272502300,8,1,548400
i2205,20220218,20220218,112509000,11:25:09,685.5,658177,556181,44274902600,35,22,2400300
i2205,20220218,20220218,112509500,11:25:09,686,658181,556184,44275176850,4,3,274250
i2205,20220218,20220218,112510000,11:25:10,686,658181,556184,44275176850,0,0,0
i2205,20220218,20220218,112510500,11:25:10,686,658181,556184,44275176850,0,0,0
i2205,20220218,20220218,112511000,11:25:11,686,658189,556184,44275725550,8,0,548700
i2205,20220218,20220218,112511500,11:25:11,686,658189,556184,44275725550,0,0,0
i2205,20220218,20220218,112512000,11:25:12,685.5,658218,556180,44277713500,29,-4,1987950
i2205,20220218,20220218,112512500,11:25:12,685.5,658218,556180,44277713500,0,0,0
i2205,20220218,20220218,112513000,11:25:13,685.5,658218,556180,44277713500,0,0,0
i2205,20220218,20220218,112513500,11:25:15,686,658227,556175,44278330500,9,-5,617000
i2205,20220218,20220218,112514000,11:25:15,685.5,658275,556197,44281622350,48,22,3291850
i2205,20220218,20220218,112514500,11:25:15,685.5,658281,556194,44282033650,6,-3,411300
i2205,20220218,20220218,112515000,11:25:16,685.5,658284,556194,44282239300,3,0,205650
i2205,20220218,20220218,112515500,11:25:16,685.5,658284,556194,44282239300,0,0,0
i2205,20220218,20220218,112516000,11:25:16,685.5,658284,556194,44282239300,0,0,0
i2205,20220218,20220218,112516500,11:25:16,685.5,658308,556180,44283884500,24,-14,1645200
i2205,20220218,20220218,112517000,11:25:18,685.5,658313,556182,44284227250,5,2,342750
i2205,20220218,20220218,112517500,11:25:18,685.5,658315,556183,44284364350,2,1,137100
i2205,20220218,20220218,112518000,11:25:18,685.5,658315,556183,44284364350,0,0,0
i2205,20220218,20220218,112518500,11:25:19,685.5,658324,556186,44284981300,9,3,616950
i2205,20220218,20220218,112519000,11:25:19,686,658330,556192,44285392900,6,6,411600
i2205,20220218,20220218,112519500,11:25:19,685.5,658331,556191,44285461450,1,-1,68550
i2205,20220218,20220218,112520000,11:25:20,686,658338,556186,44285941400,7,-5,479950
i2205,20220218,20220218,112520500,11:25:21,686,658340,556187,44286078550,2,1,137150
i2205,20220218,20220218,112521000,11:25:21,686,658340,556187,44286078550,0,0,0
i2205,20220218,20220218,112521500,11:25:22,686,658359,556185,44287381450,19,-2,1302900
i2205,20220218,20220218,112522000,11:25:22,686,658359,556185,44287381450,0,0,0
i2205,20220218,20220218,112522500,11:25:23,685.5,658361,556185,44287518550,2,0,137100
i2205,20220218,20220218,112523000,11:25:23,686,658362,556186,44287587150,1,1,68600
i2205,20220218,20220218,112523500,11:25:24,686,658362,556186,44287587150,0,0,0
i2205,20220218,20220218,112524000,11:25:25,686,658367,556184,44287930150,5,-2,343000
i2205,20220218,20220218,112524500,11:25:25,686,658367,556184,44287930150,0,0,0
i2205,20220218,20220218,112525000,11:25:25,686,658367,556184,44287930150,0,0,0
i2205,20220218,20220218,112525500,11:25:26,686,658368,556184,44287998750,1,0,68600
i2205,20220218,20220218,112526000,11:25:26,685.5,658391,556182,44289575400,23,-2,1576650
i2205,20220218,20220218,112526500,11:25:27,685.5,658391,556182,44289575400,0,0,0
i2205,20220218,20220218,112527000,11:25:27,686,658392,556182,44289644000,1,0,68600
i2205,20220218,20220218,112527500,11:25:28,686,658392,556182,44289644000,0,0,0
i2205,20220218,20220218,112528000,11:25:28,686,658398,556182,44290055600,6,0,411600
i2205,20220218,20220218,112528500,11:25:28,685.5,658404,556176,44290466900,6,-6,411300
i2205,20220218,20220218,112529000,11:25:29,685.5,658456,556175,44294031500,52,-1,3564600
i2205,20220218,20220218,112529500,11:25:30,685.5,658466,556184,44294716550,10,9,685050
i2205,20220218,20220218,112530000,11:25:30,685,658474,556184,44295264900,8,0,548350
i2205,20220218,20220218,112530500,11:25:31,685,658546,556192,44300196900,72,8,4932000
i2205,20220218,20220218,112531000,11:25:31,685,658549,556189,44300402400,3,-3,205500
i2205,20220218,20220218,112531500,11:25:32,685,658549,556189,44300402400,0,0,0
i2205,20220218,20220218,112532000,11:25:32,685,658549,556189,44300402400,0,0,0
i2205,20220218,20220218,112532500,11:25:33,685,658549,556189,44300402400,0,0,0
i2205,20220218,20220218,112533000,11:25:33,685,658549,556189,44300402400,0,0,0
i2205,20220218,20220218,112533500,11:25:33,685,658552,556191,44300607900,3,2,205500
i2205,20220218,20220218,112534000,11:25:34,685,658553,556192,44300676400,1,1,68500
i2205,20220218,20220218,112535000,11:25:36,685,658553,556192,44300676400,0,0,0
i2205,20220218,20220218,112535500,11:25:37,685,658562,556192,44301292900,9,0,616500
i2205,20220218,20220218,112536000,11:25:37,685,658563,556191,44301361400,1,-1,68500
i2205,20220218,20220218,112536500,11:25:37,685,658567,556194,44301635400,4,3,274000
i2205,20220218,20220218,112537000,11:25:37,685,658573,556189,44302046400,6,-5,411000
i2205,20220218,20220218,112537500,11:25:38,685,658577,556189,44302320350,4,0,273950
i2205,20220218,20220218,112538000,11:25:38,685,658579,556188,44302457350,2,-1,137000
i2205,20220218,20220218,112538500,11:25:39,685,658580,556187,44302525850,1,-1,68500
i2205,20220218,20220218,112539000,11:25:39,685,658589,556186,44303142350,9,-1,616500
i2205,20220218,20220218,112539500,11:25:40,685,658591,556186,44303279350,2,0,137000
i2205,20220218,20220218,112540000,11:25:40,685,658591,556186,44303279350,0,0,0
i2205,20220218,20220218,112540500,11:25:41,685,658592,556186,44303347850,1,0,68500
i2205,20220218,20220218,112541000,11:25:41,685,658594,556186,44303484850,2,0,137000
i2205,20220218,20220218,112541500,11:25:41,685,658594,556186,44303484850,0,0,0
i2205,20220218,20220218,112542000,11:25:42,685,658594,556186,44303484850,0,0,0
i2205,20220218,20220218,112542500,11:25:43,685,658606,556177,44304306850,12,-9,822000
i2205,20220218,20220218,112543000,11:25:43,684.5,658607,556176,44304375300,1,-1,68450
i2205,20220218,20220218,112543500,11:25:43,685,658623,556180,44305471300,16,4,1096000
i2205,20220218,20220218,112544000,11:25:44,685,658638,556179,44306498800,15,-1,1027500
i2205,20220218,20220218,112544500,11:25:44,685,658638,556179,44306498800,0,0,0
i2205,20220218,20220218,112545000,11:25:45,685,658639,556179,44306567300,1,0,68500
i2205,20220218,20220218,112545500,11:25:46,685,658642,556176,44306772800,3,-3,205500
i2205,20220218,20220218,112546000,11:25:47,685.5,658643,556176,44306841350,1,0,68550
i2205,20220218,20220218,112546500,11:25:47,685,658646,556179,44307046850,3,3,205500
i2205,20220218,20220218,112547000,11:25:48,685,658646,556179,44307046850,0,0,0
i2205,20220218,20220218,112547500,11:25:48,685,658646,556179,44307046850,0,0,0
i2205,20220218,20220218,112548000,11:25:48,685,658656,556174,44307731850,10,-5,685000
i2205,20220218,20220218,112548500,11:25:48,685.5,658658,556174,44307868900,2,0,137050
i2205,20220218,20220218,112549000,11:25:49,685,658660,556176,44308005950,2,2,137050
i2205,20220218,20220218,112549500,11:25:49,685,658661,556177,44308074450,1,1,68500
i2205,20220218,20220218,112550000,11:25:50,685,658663,556179,44308211450,2,2,137000
i2205,20220218,20220218,112550500,11:25:50,685.5,658668,556184,44308554200,5,5,342750
i2205,20220218,20220218,112551000,11:25:51,685.5,658668,556184,44308554200,0,0,0
i2205,20220218,20220218,112551500,11:25:51,685.5,658669,556184,44308622750,1,0,68550
i2205,20220218,20220218,112552000,11:25:52,685,658670,556184,44308691250,1,0,68500
i2205,20220218,20220218,112552500,11:25:52,685.5,658673,556186,44308896850,3,2,205600
i2205,20220218,20220218,112553000,11:25:53,685.5,658674,556187,44308965400,1,1,68550
i2205,20220218,20220218,112553500,11:25:54,685,658677,556190,44309170900,3,3,205500
i2205,20220218,20220218,112554000,11:25:54,685.5,658678,556191,44309239450,1,1,68550
i2205,20220218,20220218,112554500,11:25:54,685,658688,556191,44309924450,10,0,685000
i2205,20220218,20220218,112555000,11:25:55,685,658688,556191,44309924450,0,0,0
i2205,20220218,20220218,112555500,11:25:56,685.5,658689,556192,44309993000,1,1,68550
i2205,20220218,20220218,112556000,11:25:57,685.5,658700,556188,44310747050,11,-4,754050
i2205,20220218,20220218,112556500,11:25:57,685,658722,556186,44312254050,22,-2,1507000
i2205,20220218,20220218,112557000,11:25:57,685,658722,556186,44312254050,0,0,0
i2205,20220218,20220218,112557500,11:25:57,685.5,658723,556185,44312322600,1,-1,68550
i2205,20220218,20220218,112558000,11:25:59,685.5,658723,556185,44312322600,0,0,0
i2205,20220218,20220218,112558500,11:25:59,685,658729,556181,44312733650,6,-4,411050
i2205,20220218,20220218,112559000,11:26:00,685,658741,556182,44313555650,12,1,822000
i2205,20220218,20220218,112559500,11:26:00,685,658741,556182,44313555650,0,0,0
i2205,20220218,20220218,112600000,11:26:00,685,658752,556173,44314309150,11,-9,753500
i2205,20220218,20220218,112601000,11:26:01,685.5,658753,556173,44314377700,1,0,68550
i2205,20220218,20220218,112601500,11:26:01,685.5,658753,556173,44314377700,0,0,0
i2205,20220218,20220218,112602000,11:26:03,685,658754,556172,44314446200,1,-1,68500
i2205,20220218,20220218,112602500,11:26:03,685.5,658755,556172,44314514750,1,0,68550
i2205,20220218,20220218,112603000,11:26:03,685,658757,556171,44314651800,2,-1,137050
i2205,20220218,20220218,112603500,11:26:03,685,658766,556175,44315268300,9,4,616500
i2205,20220218,20220218,112604000,11:26:05,685,658773,556169,44315747800,7,-6,479500
i2205,20220218,20220218,112604500,11:26:05,685,658773,556169,44315747800,0,0,0
i2205,20220218,20220218,112605000,11:26:05,685.5,658780,556162,44316227400,7,-7,479600
i2205,20220218,20220218,112605500,11:26:05,685.5,658780,556162,44316227400,0,0,0
i2205,20220218,20220218,112606000,11:26:06,685,658893,556076,44323967900,113,-86,7740500
i2205,20220218,20220218,112606500,11:26:07,685,658893,556076,44323967900,0,0,0
i2205,20220218,20220218,112607000,11:26:09,685,658894,556075,44324036400,1,-1,68500
i2205,20220218,20220218,112607500,11:26:09,685,658895,556074,44324104900,1,-1,68500
i2205,20220218,20220218,112608000,11:26:09,685.5,658898,556074,44324310550,3,0,205650
i2205,20220218,20220218,112609000,11:26:10,685,658937,556053,44326983100,39,-21,2672550
i2205,20220218,20220218,112609500,11:26:10,685,658938,556054,44327051600,1,1,68500
i2205,20220218,20220218,112610000,11:26:10,685,658938,556054,44327051600,0,0,0
i2205,20220218,20220218,112610500,11:26:10,685,658939,556055,44327120100,1,1,68500
i2205,20220218,20220218,112611000,11:26:11,685,658939,556055,44327120100,0,0,0
i2205,20220218,20220218,112611500,11:26:13,685,658939,556055,44327120100,0,0,0
i2205,20220218,20220218,112612000,11:26:14,685,658948,556049,44327736950,9,-6,616850
i2205,20220218,20220218,112612500,11:26:14,685.5,658950,556047,44327874050,2,-2,137100
i2205,20220218,20220218,112613000,11:26:15,685,658951,556047,44327942550,1,0,68500
i2205,20220218,20220218,112613500,11:26:15,685.5,658954,556044,44328148200,3,-3,205650
i2205,20220218,20220218,112614000,11:26:15,685.5,658955,556044,44328216750,1,0,68550
i2205,20220218,20220218,112614500,11:26:15,685,658957,556045,44328353750,2,1,137000
i2205,20220218,20220218,112615000,11:26:16,685,658957,556045,44328353750,0,0,0
i2205,20220218,20220218,112615500,11:26:16,685,658957,556045,44328353750,0,0,0
i2205,20220218,20220218,112616000,11:26:16,685.5,658962,556048,44328696500,5,3,342750
i2205,20220218,20220218,112616500,11:26:16,685.5,658962,556048,44328696500,0,0,0
i2205,20220218,20220218,112617000,11:26:17,685,658964,556048,44328833500,2,0,137000
i2205,20220218,20220218,112617500,11:26:17,685,658964,556048,44328833500,0,0,0
i2205,20220218,20220218,112618000,11:26:18,685.5,659006,556035,44331712600,42,-13,2879100
i2205,20220218,20220218,112618500,11:26:18,685,659016,556035,44332398050,10,0,685450
i2205,20220218,20220218,112619000,11:26:19,685.5,659017,556035,44332466600,1,0,68550
i2205,20220218,20220218,112619500,11:26:20,685.5,659019,556034,44332603700,2,-1,137100
i2205,20220218,20220218,112620000,11:26:20,685,659022,556033,44332809300,3,-1,205600
i2205,20220218,20220218,112620500,11:26:20,685.5,659023,556032,44332877850,1,-1,68550
i2205,20220218,20220218,112621000,11:26:21,685.5,659025,556032,44333014900,2,0,137050
i2205,20220218,20220218,112621500,11:26:21,685,659026,556033,44333083400,1,1,68500
i2205,20220218,20220218,112622000,11:26:22,685,659030,556033,44333357400,4,0,274000
i2205,20220218,20220218,112622500,11:26:22,685.5,659031,556033,44333425950,1,0,68550
i2205,20220218,20220218,112623000,11:26:23,685.5,659042,556024,44334180000,11,-9,754050
i2205,20220218,20220218,112623500,11:26:23,685.5,659042,556024,44334180000,0,0,0
i2205,20220218,20220218,112624000,11:26:24,685,659097,556044,44337950000,55,20,3770000
i2205,20220218,20220218,112624500,11:26:24,685.5,659106,556042,44338566900,9,-2,616900
i2205,20220218,20220218,112625000,11:26:25,685,659129,556037,44340143400,23,-5,1576500
i2205,20220218,20220218,112625500,11:26:25,685,659129,556037,44340143400,0,0,0
i2205,20220218,20220218,112626000,11:26:26,685.5,659138,556046,44340760350,9,9,616950
i2205,20220218,20220218,112626500,11:26:26,685.5,659141,556048,44340965950,3,2,205600
i2205,20220218,20220218,112627000,11:26:27,685.5,659147,556053,44341377250,6,5,411300
i2205,20220218,20220218,112627500,11:26:27,685,659148,556053,44341445750,1,0,68500
i2205,20220218,20220218,112628000,11:26:28,685,659148,556053,44341445750,0,0,0
i2205,20220218,20220218,112628500,11:26:28,685,659149,556054,44341514250,1,1,68500
i2205,20220218,20220218,112629000,11:26:29,685,659151,556056,44341651250,2,2,137000
i2205,20220218,20220218,112629500,11:26:30,685.5,659157,556058,44342062450,6,2,411200
i2205,20220218,20220218,112630000,11:26:31,685.5,659162,556058,44342405100,5,0,342650
i2205,20220218,20220218,112630500,11:26:31,685.5,659162,556058,44342405100,0,0,0
i2205,20220218,20220218,112631000,11:26:31,685,659163,556058,44342473600,1,0,68500
i2205,20220218,20220218,112631500,11:26:32,685.5,659164,556058,44342542150,1,0,68550
i2205,20220218,20220218,112632000,11:26:32,685.5,659164,556058,44342542150,0,0,0
i2205,20220218,20220218,112632500,11:26:32,685.5,659165,556058,44342610700,1,0,68550
i2205,20220218,20220218,112633000,11:26:33,685,659167,556059,44342747700,2,1,137000
i2205,20220218,20220218,112633500,11:26:34,685,659174,556063,44343227250,7,4,479550
i2205,20220218,20220218,112634000,11:26:34,685,659175,556063,44343295750,1,0,68500
i2205,20220218,20220218,112634500,11:26:37,685.5,659176,556063,44343364300,1,0,68550
i2205,20220218,20220218,112635000,11:26:37,685.5,659176,556063,44343364300,0,0,0
i2205,20220218,20220218,112635500,11:26:38,685.5,659177,556063,44343432850,1,0,68550
i2205,20220218,20220218,112636000,11:26:38,685,659187,556073,44344118100,10,10,685250
i2205,20220218,20220218,112637000,11:26:46,685,659189,556074,44344255150,2,1,137050
i2205,20220218,20220218,112637500,11:26:54,685,659189,556074,44344255150,0,0,0
i2205,20220218,20220218,112638000,11:27:10,685,659190,556075,44344323650,1,1,68500
i2205,20220218,20220218,112638500,11:27:10,685,659191,556075,44344392150,1,0,68500
i2205,20220218,20220218,112653500,11:27:11,685,659191,556075,44344392150,0,0,0
i2205,20220218,20220218,112710000,11:27:12,685.5,659454,556058,44362418900,263,-17,18026750
i2205,20220218,20220218,112710500,11:27:12,686,659465,556063,44363173500,11,5,754600
i2205,20220218,20220218,112712000,11:27:12,686,659472,556063,44363653600,7,0,480100
i2205,20220218,20220218,112712500,11:27:13,686,659473,556063,44363722200,1,0,68600
i2205,20220218,20220218,112713000,11:27:14,686,659487,556054,44364682600,14,-9,960400
i2205,20220218,20220218,112713500,11:27:14,686,659487,556054,44364682600,0,0,0
i2205,20220218,20220218,112714000,11:27:15,686,659503,556058,44365780200,16,4,1097600
i2205,20220218,20220218,112714500,11:27:15,686,659504,556059,44365848800,1,1,68600
i2205,20220218,20220218,112715000,11:27:15,685.5,659505,556059,44365917350,1,0,68550
i2205,20220218,20220218,112715500,11:27:16,685.5,659514,556060,44366534300,9,1,616950
i2205,20220218,20220218,112716000,11:27:16,685.5,659514,556060,44366534300,0,0,0
i2205,20220218,20220218,112716500,11:27:17,685.5,659517,556062,44366740000,3,2,205700
i2205,20220218,20220218,112717000,11:27:17,685.5,659517,556062,44366740000,0,0,0
i2205,20220218,20220218,112717500,11:27:17,685.5,659518,556063,44366808550,1,1,68550
i2205,20220218,20220218,112718000,11:27:18,686,659558,556098,44369552550,40,35,2744000
i2205,20220218,20220218,112718500,11:27:19,686,659560,556100,44369689750,2,2,137200
i2205,20220218,20220218,112719000,11:27:19,686,659561,556101,44369758350,1,1,68600
i2205,20220218,20220218,112719500,11:27:20,686,659590,556103,44371747700,29,2,1989350
i2205,20220218,20220218,112720000,11:27:20,686,659594,556105,44372022100,4,2,274400
i2205,20220218,20220218,112720500,11:27:21,686,659607,556097,44372913850,13,-8,891750
i2205,20220218,20220218,112721000,11:27:21,686,659608,556096,44372982450,1,-1,68600
i2205,20220218,20220218,112721500,11:27:22,686,659668,556113,44377098300,60,17,4115850
i2205,20220218,20220218,112722000,11:27:22,686,659683,556118,44378127300,15,5,1029000
i2205,20220218,20220218,112722500,11:27:22,685.5,659695,556114,44378949900,12,-4,822600
i2205,20220218,20220218,112723000,11:27:26,686,659699,556112,44379224300,4,-2,274400
i2205,20220218,20220218,112723500,11:27:27,685.5,659703,556114,44379498550,4,2,274250
i2205,20220218,20220218,112724000,11:27:27,685.5,659703,556114,44379498550,0,0,0
i2205,20220218,20220218,112726500,11:27:27,686,659773,556087,44384299900,70,-27,4801350
i2205,20220218,20220218,112727000,11:27:27,686,659773,556087,44384299900,0,0,0
i2205,20220218,20220218,112727500,11:27:27,686,659774,556086,44384368500,1,-1,68600
i2205,20220218,20220218,112728000,11:27:28,686,659778,556086,44384642900,4,0,274400
i2205,20220218,20220218,112728500,11:27:28,686,659779,556086,44384711500,1,0,68600
i2205,20220218,20220218,112729000,11:27:29,686,659780,556085,44384780100,1,-1,68600
i2205,20220218,20220218,112729500,11:27:29,686,659791,556086,44385534400,11,1,754300
i2205,20220218,20220218,112730000,11:27:30,685.5,659803,556088,44386357500,12,2,823100
i2205,20220218,20220218,112730500,11:27:31,685.5,659804,556088,44386426050,1,0,68550
i2205,20220218,20220218,112731000,11:27:32,686,659807,556088,44386631850,3,0,205800
i2205,20220218,20220218,112732000,11:27:36,685.5,659810,556091,44386837500,3,3,205650
i2205,20220218,20220218,112732500,11:27:36,685.5,659810,556091,44386837500,0,0,0
i2205,20220218,20220218,112735500,11:27:36,685.5,659822,556094,44387660250,12,3,822750
i2205,20220218,20220218,112736000,11:27:37,686,659824,556092,44387797450,2,-2,137200
i2205,20220218,20220218,112736500,11:27:38,685.5,659825,556092,44387866000,1,0,68550
i2205,20220218,20220218,112737000,11:27:38,685.5,659825,556092,44387866000,0,0,0
i2205,20220218,20220218,112737500,11:27:38,685.5,659831,556093,44388277300,6,1,411300
i2205,20220218,20220218,112738000,11:27:39,685.5,659831,556093,44388277300,0,0,0
i2205,20220218,20220218,112738500,11:27:39,686,659832,556092,44388345900,1,-1,68600
i2205,20220218,20220218,112739500,11:27:39,686,659832,556092,44388345900,0,0,0
i2205,20220218,20220218,112740000,11:27:40,685.5,659834,556094,44388483000,2,2,137100
i2205,20220218,20220218,112740500,11:27:40,685.5,659834,556094,44388483000,0,0,0
i2205,20220218,20220218,112741000,11:27:41,685.5,659838,556095,44388757250,4,1,274250
i2205,20220218,20220218,112741500,11:27:41,685.5,659838,556095,44388757250,0,0,0
i2205,20220218,20220218,112742000,11:27:42,686,659845,556095,44389237150,7,0,479900
i2205,20220218,20220218,112742500,11:27:43,685.5,659853,556101,44389785650,8,6,548500
i2205,20220218,20220218,112743000,11:27:43,685.5,659857,556101,44390059850,4,0,274200
i2205,20220218,20220218,112743500,11:27:43,686,659899,556099,44392939050,42,-2,2879200
i2205,20220218,20220218,112744000,11:27:44,685.5,659900,556099,44393007600,1,0,68550
i2205,20220218,20220218,112744500,11:27:45,686,659909,556098,44393624850,9,-1,617250
i2205,20220218,20220218,112745000,11:27:45,685.5,659910,556099,44393693400,1,1,68550
i2205,20220218,20220218,112745500,11:27:46,685.5,659912,556101,44393830500,2,2,137100
i2205,20220218,20220218,112746000,11:27:46,686,659915,556100,44394036300,3,-1,205800
i2205,20220218,20220218,112746500,11:27:47,685.5,659922,556101,44394516450,7,1,480150
i2205,20220218,20220218,112747000,11:27:47,685.5,659923,556101,44394585000,1,0,68550
i2205,20220218,20220218,112747500,11:27:47,685.5,659925,556101,44394722100,2,0,137100
i2205,20220218,20220218,112748000,11:27:49,685.5,659926,556101,44394790650,1,0,68550
i2205,20220218,20220218,112748500,11:27:54,686,659927,556100,44394859250,1,-1,68600
i2205,20220218,20220218,112749500,11:27:54,686,659928,556099,44394927850,1,-1,68600
i2205,20220218,20220218,112754000,11:27:54,686.5,660152,555950,44410294950,224,-149,15367100
i2205,20220218,20220218,112754500,11:27:54,686.5,660160,555955,44410844150,8,5,549200
i2205,20220218,20220218,112755000,11:27:55,686,660167,555948,44411324350,7,-7,480200
i2205,20220218,20220218,112755500,11:27:55,686,660170,555945,44411530150,3,-3,205800
i2205,20220218,20220218,112756000,11:27:56,686,660173,555944,44411735950,3,-1,205800
i2205,20220218,20220218,112756500,11:27:56,686.5,660178,555941,44412079000,5,-3,343050
i2205,20220218,20220218,112757000,11:27:57,686.5,660178,555941,44412079000,0,0,0
i2205,20220218,20220218,112757500,11:27:57,686,660179,555941,44412147600,1,0,68600
i2205,20220218,20220218,112758000,11:27:58,686.5,660196,555931,44413314650,17,-10,1167050
i2205,20220218,20220218,112758500,11:27:59,686.5,660196,555931,44413314650,0,0,0
i2205,20220218,20220218,112759000,11:27:59,686.5,660198,555931,44413451950,2,0,137300
i2205,20220218,20220218,112759500,11:27:59,686.5,660212,555926,44414412950,14,-5,961000
i2205,20220218,20220218,112800000,11:28:00,686.5,660214,555927,44414550250,2,1,137300
i2205,20220218,20220218,112800500,11:28:01,686,660216,555927,44414687500,2,0,137250
i2205,20220218,20220218,112801000,11:28:01,686.5,660240,555917,44416335100,24,-10,1647600
i2205,20220218,20220218,112801500,11:28:02,686,660258,555917,44417570750,18,0,1235650
i2205,20220218,20220218,112802000,11:28:03,686.5,660260,555916,44417708000,2,-1,137250
i2205,20220218,20220218,112802500,11:28:03,686,660270,555916,44418394000,10,0,686000
i2205,20220218,20220218,112803000,11:28:04,686,660276,555916,44418805650,6,0,411650
i2205,20220218,20220218,112803500,11:28:04,686,660276,555916,44418805650,0,0,0
i2205,20220218,20220218,112804000,11:28:04,686,660277,555915,44418874250,1,-1,68600
i2205,20220218,20220218,112804500,11:28:05,686.5,660316,555919,44421551600,39,4,2677350
i2205,20220218,20220218,112805000,11:28:06,686.5,660323,555918,44422032150,7,-1,480550
i2205,20220218,20220218,112805500,11:28:06,686.5,660442,555864,44430201500,119,-54,8169350
i2205,20220218,20220218,112806000,11:28:10,686.5,660458,555850,44431300500,16,-14,1099000
i2205,20220218,20220218,112806500,11:28:10,686.5,660462,555846,44431575250,4,-4,274750
i2205,20220218,20220218,112807000,11:28:10,686.5,660473,555837,44432330400,11,-9,755150
i2205,20220218,20220218,112807500,11:28:11,686.5,660477,555839,44432605050,4,2,274650
i2205,20220218,20220218,112810000,11:28:11,687,660743,555702,44450874450,266,-137,18269400
i2205,20220218,20220218,112810500,11:28:11,687,660783,555672,44453622250,40,-30,2747800
i2205,20220218,20220218,112811000,11:28:12,686.5,660787,555672,44453897000,4,0,274750
i2205,20220218,20220218,112811500,11:28:12,687,660827,555635,44456644950,40,-37,2747950
i2205,20220218,20220218,112812000,11:28:13,687,660857,555635,44458705950,30,0,2061000
i2205,20220218,20220218,112812500,11:28:13,687,660869,555631,44459530400,12,-4,824450
i2205,20220218,20220218,112813000,11:28:13,687,660871,555629,44459667850,2,-2,137450
i2205,20220218,20220218,112813500,11:28:14,687,660876,555626,44460011500,5,-3,343650
i2205,20220218,20220218,112814000,11:28:14,687,660905,555599,44462005200,29,-27,1993700
i2205,20220218,20220218,112814500,11:28:14,687,660961,555579,44465855050,56,-20,3849850
i2205,20220218,20220218,112815000,11:28:15,687,660967,555576,44466267400,6,-3,412350
i2205,20220218,20220218,112815500,11:28:15,687,661026,555532,44470322300,59,-44,4054900
i2205,20220218,20220218,112816000,11:28:16,687,661032,555537,44470734500,6,5,412200
i2205,20220218,20220218,112816500,11:28:16,687.5,661035,555536,44470940650,3,-1,206150
i2205,20220218,20220218,112817000,11:28:17,687,661054,555528,44472246500,19,-8,1305850
i2205,20220218,20220218,112817500,11:28:17,687.5,661062,555525,44472796400,8,-3,549900
i2205,20220218,20220218,112818000,11:28:18,687.5,661114,555505,44476371400,52,-20,3575000
i2205,20220218,20220218,112818500,11:28:18,687.5,661122,555509,44476921100,8,4,549700
i2205,20220218,20220218,112819000,11:28:19,687,661148,555497,44478708000,26,-12,1786900
i2205,20220218,20220218,112819500,11:28:19,687,661150,555497,44478845450,2,0,137450
i2205,20220218,20220218,112820000,11:28:20,687.5,661172,555488,44480357600,22,-9,1512150
i2205,20220218,20220218,112820500,11:28:20,687.5,661178,555484,44480770000,6,-4,412400
i2205,20220218,20220218,112821000,11:28:21,687.5,661191,555474,44481663400,13,-10,893400
i2205,20220218,20220218,112821500,11:28:22,687,661195,555477,44481938200,4,3,274800
i2205,20220218,20220218,112822000,11:28:22,687.5,661198,555475,44482144450,3,-2,206250
i2205,20220218,20220218,112822500,11:28:22,687.5,661212,555469,44483106800,14,-6,962350
i2205,20220218,20220218,112823000,11:28:23,687.5,661212,555469,44483106800,0,0,0
i2205,20220218,20220218,112823500,11:28:24,687,661231,555468,44484413000,19,-1,1306200
i2205,20220218,20220218,112824000,11:28:24,687.5,661239,555467,44484963000,8,-1,550000
i2205,20220218,20220218,112824500,11:28:24,687,661242,555466,44485169150,3,-1,206150
i2205,20220218,20220218,112825000,11:28:25,687,661242,555466,44485169150,0,0,0
i2205,20220218,20220218,112825500,11:28:25,687.5,661254,555467,44485993900,12,1,824750
i2205,20220218,20220218,112826000,11:28:26,687,661479,555307,44501457600,225,-160,15463700
i2205,20220218,20220218,112826500,11:28:27,687.5,661508,555283,44503450300,29,-24,1992700
i2205,20220218,20220218,112827000,11:28:27,687,661646,555172,44512930950,138,-111,9480650
i2205,20220218,20220218,112827500,11:28:27,687,661669,555172,44514510400,23,0,1579450
i2205,20220218,20220218,112828000,11:28:28,686.5,661815,555068,44524533500,146,-104,10023100
i2205,20220218,20220218,112828500,11:28:28,686.5,661817,555068,44524670800,2,0,137300
i2205,20220218,20220218,112829000,11:28:29,686.5,661826,555064,44525288650,9,-4,617850
i2205,20220218,20220218,112829500,11:28:29,686.5,661829,555065,44525494600,3,1,205950
i2205,20220218,20220218,112830000,11:28:30,686.5,661839,555070,44526181100,10,5,686500
i2205,20220218,20220218,112830500,11:28:31,686.5,661841,555068,44526318350,2,-2,137250
i2205,20220218,20220218,112831000,11:28:31,686.5,661846,555066,44526661550,5,-2,343200
i2205,20220218,20220218,112831500,11:28:31,686.5,661865,555055,44527965800,19,-11,1304250
i2205,20220218,20220218,112832000,11:28:32,686.5,661980,555064,44535860050,115,9,7894250
i2205,20220218,20220218,112832500,11:28:33,686.5,661997,555049,44537027100,17,-15,1167050
i2205,20220218,20220218,112833000,11:28:33,686.5,662004,555043,44537507600,7,-6,480500
i2205,20220218,20220218,112833500,11:28:33,686.5,662053,555055,44540871450,49,12,3363850
i2205,20220218,20220218,112834000,11:28:34,686.5,662059,555061,44541283350,6,6,411900
i2205,20220218,20220218,112834500,11:28:34,686.5,662062,555063,44541489300,3,2,205950
i2205,20220218,20220218,112835000,11:28:35,686.5,662123,555052,44545676950,61,-11,4187650
i2205,20220218,20220218,112835500,11:28:35,686.5,662123,555052,44545676950,0,0,0
i2205,20220218,20220218,112836000,11:28:37,686,662125,555052,44545814200,2,0,137250
i2205,20220218,20220218,112836500,11:28:37,686.5,662139,555048,44546775150,14,-4,960950
i2205,20220218,20220218,112837000,11:28:37,686.5,662141,555048,44546912450,2,0,137300
i2205,20220218,20220218,112837500,11:28:37,686.5,662156,555033,44547942200,15,-15,1029750
i2205,20220218,20220218,112838000,11:28:38,686.5,662157,555033,44548010850,1,0,68650
i2205,20220218,20220218,112838500,11:28:38,686.5,662158,555033,44548079500,1,0,68650
i2205,20220218,20220218,112839000,11:28:40,686.5,662158,555033,44548079500,0,0,0
i2205,20220218,20220218,112839500,11:28:40,686.5,662162,555032,44548354050,4,-1,274550
i2205,20220218,20220218,112840000,11:28:40,686,662179,555032,44549520550,17,0,1166500
i2205,20220218,20220218,112840500,11:28:40,686,662181,555031,44549657800,2,-1,137250
i2205,20220218,20220218,112841000,11:28:41,686,662192,555041,44550412900,11,10,755100
i2205,20220218,20220218,112841500,11:28:41,686,662192,555041,44550412900,0,0,0
i2205,20220218,20220218,112842000,11:28:42,686,662192,555041,44550412900,0,0,0
i2205,20220218,20220218,112842500,11:28:42,686,662194,555039,44550550100,2,-2,137200
i2205,20220218,20220218,112843000,11:28:43,686.5,662203,555042,44551167800,9,3,617700
i2205,20220218,20220218,112843500,11:28:44,686.5,662205,555041,44551305050,2,-1,137250
i2205,20220218,20220218,112844000,11:28:44,686,662216,555036,44552059700,11,-5,754650
i2205,20220218,20220218,112844500,11:28:44,686,662231,555023,44553088800,15,-13,1029100
i2205,20220218,20220218,112845000,11:28:45,686,662237,555024,44553500450,6,1,411650
i2205,20220218,20220218,112845500,11:28:45,686,662265,555027,44555421700,28,3,1921250
i2205,20220218,20220218,112846000,11:28:46,686.5,662277,555026,44556244950,12,-1,823250
i2205,20220218,20220218,112846500,11:28:46,686,662284,555022,44556725200,7,-4,480250
i2205,20220218,20220218,112847000,11:28:47,686,662290,555022,44557137000,6,0,411800
i2205,20220218,20220218,112847500,11:28:48,686,662291,555022,44557205600,1,0,68600
i2205,20220218,20220218,112848000,11:28:48,686.5,662297,555023,44557617400,6,1,411800
i2205,20220218,20220218,112848500,11:28:48,686.5,662299,555024,44557754700,2,1,137300
i2205,20220218,20220218,112849000,11:28:49,686,662300,555024,44557823300,1,0,68600
i2205,20220218,20220218,112849500,11:28:50,686,662300,555024,44557823300,0,0,0
i2205,20220218,20220218,112850000,11:28:50,686,662541,555081,44574355900,241,57,16532600
i2205,20220218,20220218,112850500,11:28:50,686.5,662574,555102,44576619800,33,21,2263900
i2205,20220218,20220218,112851000,11:28:51,686,662618,555132,44579638350,44,30,3018550
i2205,20220218,20220218,112851500,11:28:51,686.5,662672,555138,44583343250,54,6,3704900
i2205,20220218,20220218,112852000,11:28:53,686,662680,555138,44583892050,8,0,548800
i2205,20220218,20220218,112852500,11:28:53,686,662727,555107,44587114150,47,-31,3222100
i2205,20220218,20220218,112853000,11:28:54,686,662727,555107,44587114150,0,0,0
i2205,20220218,20220218,112853500,11:28:54,686,662733,555109,44587525600,6,2,411450
i2205,20220218,20220218,112854000,11:28:54,686,662737,555113,44587799900,4,4,274300
i2205,20220218,20220218,112854500,11:28:54,686,662737,555113,44587799900,0,0,0
i2205,20220218,20220218,112855000,11:28:55,685.5,662742,555112,44588142650,5,-1,342750
i2205,20220218,20220218,112855500,11:28:56,685.5,662747,555114,44588485450,5,2,342800
i2205,20220218,20220218,112856000,11:28:56,685.5,662752,555116,44588828200,5,2,342750
i2205,20220218,20220218,112856500,11:28:56,686,662884,555088,44597883400,132,-28,9055200
i2205,20220218,20220218,112857000,11:28:57,686,662889,555085,44598226400,5,-3,343000
i2205,20220218,20220218,112857500,11:28:58,686,662891,555084,44598363600,2,-1,137200
i2205,20220218,20220218,112858000,11:28:58,686,662896,555083,44598706600,5,-1,343000
i2205,20220218,20220218,112858500,11:28:59,686,662899,555082,44598912400,3,-1,205800
i2205,20220218,20220218,112859000,11:28:59,686,662910,555078,44599667000,11,-4,754600
i2205,20220218,20220218,112859500,11:29:00,686.5,662914,555076,44599941450,4,-2,274450
i2205,20220218,20220218,112900000,11:29:00,686,662921,555070,44600421650,7,-6,480200
i2205,20220218,20220218,112900500,11:29:01,686.5,663227,554793,44621428500,306,-277,21006850
i2205,20220218,20220218,112901000,11:29:01,686.5,663239,554795,44622252300,12,2,823800
i2205,20220218,20220218,112901500,11:29:01,686.5,663252,554793,44623144750,13,-2,892450
i2205,20220218,20220218,112902000,11:29:02,686.5,663291,554796,44625822200,39,3,2677450
i2205,20220218,20220218,112902500,11:29:03,687,663315,554787,44627470150,24,-9,1647950
i2205,20220218,20220218,112903000,11:29:03,686.5,663322,554784,44627950700,7,-3,480550
i2205,20220218,20220218,112903500,11:29:04,687,663334,554773,44628774550,12,-11,823850
i2205,20220218,20220218,112904000,11:29:04,686.5,663335,554773,44628843200,1,0,68650
i2205,20220218,20220218,112904500,11:29:04,686.5,663337,554772,44628980500,2,-1,137300
i2205,20220218,20220218,112905000,11:29:05,687,663339,554772,44629117900,2,0,137400
i2205,20220218,20220218,112905500,11:29:06,687,663340,554773,44629186600,1,1,68700
i2205,20220218,20220218,112906000,11:29:06,687,663340,554773,44629186600,0,0,0
i2205,20220218,20220218,112906500,11:29:06,686.5,663344,554772,44629461250,4,-1,274650
i2205,20220218,20220218,112907000,11:29:07,686.5,663394,554726,44632893950,50,-46,3432700
i2205,20220218,20220218,112907500,11:29:08,686.5,663399,554726,44633237250,5,0,343300
i2205,20220218,20220218,112908000,11:29:08,687,663659,554562,44651096250,260,-164,17859000
i2205,20220218,20220218,112908500,11:29:08,686.5,663687,554542,44653019800,28,-20,1923550
i2205,20220218,20220218,112909000,11:29:09,686.5,663737,554494,44656452300,50,-48,3432500
i2205,20220218,20220218,112909500,11:29:09,687,663810,554505,44661467400,73,11,5015100
i2205,20220218,20220218,112910000,11:29:10,687,663810,554505,44661467400,0,0,0
i2205,20220218,20220218,112910500,11:29:10,687,663814,554509,44661742200,4,4,274800
i2205,20220218,20220218,112911000,11:29:11,687,663857,554491,44664696300,43,-18,2954100
i2205,20220218,20220218,112911500,11:29:12,687,663857,554491,44664696300,0,0,0
i2205,20220218,20220218,112912000,11:29:12,687,663866,554488,44665314550,9,-3,618250
i2205,20220218,20220218,112912500,11:29:12,687,663866,554488,44665314550,0,0,0
i2205,20220218,20220218,112913000,11:29:13,686.5,663870,554490,44665589150,4,2,274600
i2205,20220218,20220218,112913500,11:29:14,687,663873,554488,44665795250,3,-2,206100
i2205,20220218,20220218,112914000,11:29:14,687,663875,554487,44665932600,2,-1,137350
i2205,20220218,20220218,112914500,11:29:15,686.5,663884,554484,44666550450,9,-3,617850
i2205,20220218,20220218,112915000,11:29:15,686.5,663900,554468,44667648850,16,-16,1098400
i2205,20220218,20220218,112915500,11:29:16,686.5,663923,554465,44669227800,23,-3,1578950
i2205,20220218,20220218,112916000,11:29:16,686.5,663984,554473,44673416150,61,8,4188350
i2205,20220218,20220218,112916500,11:29:18,686,663985,554473,44673484750,1,0,68600
i2205,20220218,20220218,112917000,11:29:20,686.5,663989,554473,44673759300,4,0,274550
i2205,20220218,20220218,112917500,11:29:21,686.5,663989,554473,44673759300,0,0,0
i2205,20220218,20220218,112918000,11:29:21,686.5,663995,554479,44674171200,6,6,411900
i2205,20220218,20220218,112920500,11:29:21,686.5,664188,554357,44687420650,193,-122,13249450
i2205,20220218,20220218,112921000,11:29:22,686.5,664194,554354,44687832550,6,-3,411900
i2205,20220218,20220218,112921500,11:29:24,686.5,664227,554361,44690098000,33,7,2265450
i2205,20220218,20220218,112922000,11:29:24,686.5,664256,554337,44692088950,29,-24,1990950
i2205,20220218,20220218,112922500,11:29:24,686.5,664273,554329,44693256000,17,-8,1167050
i2205,20220218,20220218,112923000,11:29:24,686,664276,554326,44693461850,3,-3,205850
i2205,20220218,20220218,112924000,11:29:24,686,664313,554311,44696001650,37,-15,2539800
i2205,20220218,20220218,112924500,11:29:25,686.5,664317,554307,44696276200,4,-4,274550
i2205,20220218,20220218,112925000,11:29:25,686,664336,554290,44697580200,19,-17,1304000
i2205,20220218,20220218,112925500,11:29:25,686,664343,554287,44698060450,7,-3,480250
i2205,20220218,20220218,112926000,11:29:26,686,664351,554281,44698609300,8,-6,548850
i2205,20220218,20220218,112926500,11:29:26,686,664361,554289,44699295350,10,8,686050
i2205,20220218,20220218,112927000,11:29:27,686,664454,554233,44705675150,93,-56,6379800
i2205,20220218,20220218,112927500,11:29:27,685.5,664472,554230,44706909250,18,-3,1234100
i2205,20220218,20220218,112928000,11:29:28,686,664493,554235,44708349750,21,5,1440500
i2205,20220218,20220218,112928500,11:29:29,685.5,664497,554235,44708624050,4,0,274300
i2205,20220218,20220218,112929000,11:29:29,685.5,664501,554234,44708898300,4,-1,274250
i2205,20220218,20220218,112929500,11:29:29,685.5,664516,554221,44709927050,15,-13,1028750
i2205,20220218,20220218,112930000,11:29:30,686,664525,554219,44710544100,9,-2,617050
i2205,20220218,20220218,112930500,11:29:31,685.5,664588,554216,44714865750,63,-3,4321650
i2205,20220218,20220218,112931000,11:29:32,686,664633,554179,44717952650,45,-37,3086900
i2205,20220218,20220218,112931500,11:29:32,685.5,664644,554187,44718706850,11,8,754200
i2205,20220218,20220218,112932000,11:29:32,686,664650,554181,44719118550,6,-6,411700
i2205,20220218,20220218,112932500,11:29:36,686,664669,554165,44720421950,19,-16,1303400
i2205,20220218,20220218,112933000,11:29:37,685.5,664682,554159,44721313100,13,-6,891150
i2205,20220218,20220218,112933500,11:29:37,686,664700,554157,44722547750,18,-2,1234650
i2205,20220218,20220218,112936500,11:29:38,686,665029,554012,44745108950,329,-145,22561200
i2205,20220218,20220218,112937500,11:29:38,686,665109,554003,44750596950,80,-9,5488000
i2205,20220218,20220218,112938000,11:29:38,686,665140,553973,44752723550,31,-30,2126600
i2205,20220218,20220218,112938500,11:29:39,686,665148,553968,44753272350,8,-5,548800
i2205,20220218,20220218,112939000,11:29:39,686,665217,553900,44758005900,69,-68,4733550
i2205,20220218,20220218,112939500,11:29:40,686,665222,553895,44758348900,5,-5,343000
i2205,20220218,20220218,112940000,11:29:40,686,665441,553770,44773382300,219,-125,15033400
i2205,20220218,20220218,112940500,11:29:40,686.5,665458,553759,44774549300,17,-11,1167000
i2205,20220218,20220218,112941000,11:29:41,686,665486,553757,44776470450,28,-2,1921150
i2205,20220218,20220218,112941500,11:29:42,686,665499,553752,44777362250,13,-5,891800
i2205,20220218,20220218,112942000,11:29:42,687,665525,553735,44779148350,26,-17,1786100
i2205,20220218,20220218,112942500,11:29:44,686.5,665526,553735,44779217000,1,0,68650
i2205,20220218,20220218,112943000,11:29:45,686.5,665532,553735,44779628850,6,0,411850
i2205,20220218,20220218,112943500,11:29:45,686.5,665534,553734,44779766150,2,-1,137300
i2205,20220218,20220218,112944000,11:29:45,686.5,665546,553724,44780589950,12,-10,823800
i2205,20220218,20220218,112944500,11:29:45,686.5,665553,553719,44781070550,7,-5,480600
i2205,20220218,20220218,112945000,11:29:46,686.5,665574,553723,44782512750,21,4,1442200
i2205,20220218,20220218,112945500,11:29:46,687,665665,553754,44788764100,91,31,6251350
i2205,20220218,20220218,112946000,11:29:46,686.5,665681,553740,44789862550,16,-14,1098450
i2205,20220218,20220218,112946500,11:29:47,686.5,665682,553739,44789931200,1,-1,68650
i2205,20220218,20220218,112947000,11:29:47,686.5,665692,553732,44790617750,10,-7,686550
i2205,20220218,20220218,112947500,11:29:48,686.5,665693,553732,44790686400,1,0,68650
i2205,20220218,20220218,112948000,11:29:48,687,665714,553715,44792128350,21,-17,1441950
i2205,20220218,20220218,112948500,11:29:49,686.5,665729,553711,44793158150,15,-4,1029800
i2205,20220218,20220218,112949000,11:29:50,687,665731,553709,44793295500,2,-2,137350
i2205,20220218,20220218,112949500,11:29:50,686.5,665733,553708,44793432800,2,-1,137300
i2205,20220218,20220218,112950000,11:29:51,686.5,665743,553702,44794119350,10,-6,686550
i2205,20220218,20220218,112950500,11:29:51,687,665751,553696,44794668700,8,-6,549350
i2205,20220218,20220218,112951500,11:29:52,686.5,665798,553674,44797895950,47,-22,3227250
i2205,20220218,20220218,112952000,11:29:52,686.5,665812,553664,44798857450,14,-10,961500
i2205,20220218,20220218,112952500,11:29:53,687,665843,553633,44800987100,31,-31,2129650
i2205,20220218,20220218,112953000,11:29:53,686.5,665924,553596,44806550150,81,-37,5563050
i2205,20220218,20220218,112953500,11:29:54,686.5,665967,553583,44809503000,43,-13,2952850
i2205,20220218,20220218,112954000,11:29:54,686.5,666023,553567,44813349950,56,-16,3846950
i2205,20220218,20220218,112954500,11:29:54,686.5,666133,553488,44820901450,110,-79,7551500
i2205,20220218,20220218,112955000,11:29:55,686.5,666143,553478,44821587950,10,-10,686500
i2205,20220218,20220218,112955500,11:29:56,686.5,666149,553477,44821999700,6,-1,411750
i2205,20220218,20220218,112956000,11:29:56,686.5,666194,553460,44825088900,45,-17,3089200
i2205,20220218,20220218,112956500,11:30:00,687,666217,553452,44826667800,23,-8,1578900
i2205,20220218,20220218,112957000,11:30:00,686,666425,553371,44840956400,208,-81,14288600
i2205,20220218,20220218,112957500,11:30:02,686,666431,553370,44841368250,6,-1,411850
i2205,20220218,20220218,112959500,11:30:02,686,666495,553356,44845761150,64,-14,4392900
i2205,20220218,20220218,113000000,11:30:03,686.5,666504,553356,44846378900,9,0,617750
i2205,20220218,20220218,113001000,11:30:03,686.5,666565,553384,44850565750,61,28,4186850
i2205,20220218,20220218,113001500,11:30:03,686.5,666565,553384,44850565750,0,0,0
i2205,20220218,20220218,133001500,13:30:02,686.5,666940,553319,44876332500,375,-65,25766750
i2205,20220218,20220218,133002000,13:30:08,687.5,667440,553319,44910718200,500,0,34385700
i2205,20220218,20220218,133002500,13:30:09,688,667655,553400,44925509650,215,81,14791450
i2205,20220218,20220218,133008500,13:30:10,688,669270,553076,45036674650,1615,-324,111165000
i2205,20220218,20220218,133009500,13:30:10,688,669334,553077,45041077750,64,1,4403100
i2205,20220218,20220218,133010000,13:30:11,687,669415,553092,45046646250,81,15,5568500
i2205,20220218,20220218,133010500,13:30:12,687.5,669445,553076,45048708750,30,-16,2062500
i2205,20220218,20220218,133011000,13:30:12,687.5,669447,553076,45048846250,2,0,137500
i2205,20220218,20220218,133011500,13:30:13,687.5,669449,553077,45048983700,2,1,137450
i2205,20220218,20220218,133012500,13:30:13,687.5,669523,553117,45054071200,74,40,5087500
i2205,20220218,20220218,133013000,13:30:13,687.5,669535,553123,45054896050,12,6,824850
i2205,20220218,20220218,133013500,13:30:14,687.5,669870,552998,45077947800,335,-125,23051750
i2205,20220218,20220218,133014000,13:30:16,688.5,669898,552995,45079873700,28,-3,1925900
i2205,20220218,20220218,133014500,13:30:17,688.5,669917,552981,45081180950,19,-14,1307250
i2205,20220218,20220218,133015000,13:30:17,688,669919,552980,45081318550,2,-1,137600
i2205,20220218,20220218,133016500,13:30:18,688.5,670166,552929,45098322600,247,-51,17004050
i2205,20220218,20220218,133017000,13:30:18,688.5,670412,552799,45115259750,246,-130,16937150
i2205,20220218,20220218,133017500,13:30:19,688,670490,552777,45120629300,78,-22,5369550
i2205,20220218,20220218,133018000,13:30:19,688.5,670496,552775,45121042100,6,-2,412800
i2205,20220218,20220218,133018500,13:30:20,688.5,670501,552774,45121386350,5,-1,344250
i2205,20220218,20220218,133019000,13:30:20,688,670508,552773,45121868050,7,-1,481700
i2205,20220218,20220218,133019500,13:30:20,688.5,670512,552773,45122143450,4,0,275400
i2205,20220218,20220218,133020000,13:30:21,688.5,670548,552787,45124620750,36,14,2477300
i2205,20220218,20220218,133020500,13:30:21,688.5,670598,552787,45128061950,50,0,3441200
i2205,20220218,20220218,133021000,13:30:21,688.5,670615,552772,45129232000,17,-15,1170050
i2205,20220218,20220218,133021500,13:30:22,688,670636,552770,45130677000,21,-2,1445000
i2205,20220218,20220218,133022000,13:30:38,688.5,670652,552771,45131778100,16,1,1101100
i2205,20220218,20220218,133022500,13:30:38,688.5,670673,552776,45133223150,21,5,1445050
i2205,20220218,20220218,133023000,13:30:38,688,670695,552774,45134736800,22,-2,1513650
i2205,20220218,20220218,133038000,13:30:40,688.5,672100,552965,45231439100,1405,191,96702300
i2205,20220218,20220218,133038500,13:30:42,688.5,672129,552953,45233435750,29,-12,1996650
i2205,20220218,20220218,133040500,13:30:42,688.5,672202,552947,45238462350,73,-6,5026600
i2205,20220218,20220218,133041000,13:30:43,689,672208,552946,45238875700,6,-1,413350
i2205,20220218,20220218,133042500,13:30:44,688.5,672350,552822,45248653050,142,-124,9777350
i2205,20220218,20220218,133043000,13:30:44,688.5,672478,552700,45257465850,128,-122,8812800
i2205,20220218,20220218,133043500,13:30:44,688.5,672478,552700,45257465850,0,0,0
i2205,20220218,20220218,133044000,13:30:46,689,672507,552683,45259462950,29,-17,1997100
i2205,20220218,20220218,133044500,13:30:46,688.5,672513,552679,45259876100,6,-4,413150
i2205,20220218,20220218,133045000,13:30:46,688.5,672545,552678,45262079700,32,-1,2203600
i2205,20220218,20220218,133045500,13:30:46,688.5,672558,552671,45262974750,13,-7,895050
i2205,20220218,20220218,133046000,13:30:47,688.5,672685,552653,45271723600,127,-18,8748850
i2205,20220218,20220218,133046500,13:30:47,688.5,672701,552650,45272825400,16,-3,1101800
i2205,20220218,20220218,133047000,13:30:48,688.5,672703,552648,45272963100,2,-2,137700
i2205,20220218,20220218,133047500,13:30:48,689,672723,552652,45274341050,20,4,1377950
i2205,20220218,20220218,133048000,13:30:48,688.5,672736,552647,45275236350,13,-5,895300
i2205,20220218,20220218,133048500,13:30:49,689,672741,552646,45275580700,5,-1,344350
i2205,20220218,20220218,133049000,13:30:49,688.5,672748,552653,45276062700,7,7,482000
i2205,20220218,20220218,133049500,13:30:50,688.5,672783,552658,45278474150,35,5,2411450
i2205,20220218,20220218,133050000,13:30:51,689,672788,552656,45278818650,5,-2,344500
i2205,20220218,20220218,133050500,13:30:51,688.5,672950,552704,45289973100,162,48,11154450
i2205,20220218,20220218,133051000,13:30:52,688.5,672953,552706,45290179650,3,2,206550
i2205,20220218,20220218,133051500,13:30:52,689,673001,552725,45293484550,48,19,3304900
i2205,20220218,20220218,133052000,13:30:53,688.5,673003,552724,45293622200,2,-1,137650
i2205,20220218,20220218,133052500,13:30:54,688.5,673018,552729,45294654950,15,5,1032750
i2205,20220218,20220218,133053000,13:30:54,689,673021,552730,45294861550,3,1,206600
i2205,20220218,20220218,133053500,13:30:54,688.5,673031,552729,45295550250,10,-1,688700
i2205,20220218,20220218,133054000,13:30:55,689,673037,552725,45295963600,6,-4,413350
i2205,20220218,20220218,133054500,13:30:55,689,673039,552725,45296101350,2,0,137750
i2205,20220218,20220218,133055000,13:30:55,688.5,673041,552724,45296239100,2,-1,137750
i2205,20220218,20220218,133055500,13:30:56,689,673043,552724,45296376900,2,0,137800
i2205,20220218,20220218,133056000,13:30:57,689,673147,552682,45303542350,104,-42,7165450
i2205,20220218,20220218,133056500,13:30:57,688.5,673151,552683,45303817800,4,1,275450
i2205,20220218,20220218,133057000,13:30:58,689,673197,552719,45306986900,46,36,3169100
i2205,20220218,20220218,133057500,13:30:58,689,673380,552688,45319594550,183,-31,12607650
i2205,20220218,20220218,133058000,13:30:58,689,673412,552697,45321799350,32,9,2204800
i2205,20220218,20220218,133058500,13:30:59,689,673541,552634,45330687450,129,-63,8888100
i2205,20220218,20220218,133059000,13:30:59,690,675642,551455,45475623000,2101,-1179,144935550
i2205,20220218,20220218,133059500,13:31:00,691,676168,551231,45511930500,526,-224,36307500
i2205,20220218,20220218,133100000,13:31:00,690.5,676418,551128,45529193100,250,-103,17262600
i2205,20220218,20220218,133100500,13:31:00,690.5,676665,550956,45546257850,247,-172,17064750
i2205,20220218,20220218,133101000,13:31:01,690.5,676882,550864,45561233200,217,-92,14975350
i2205,20220218,20220218,133101500,13:31:01,690,676948,550850,45565787150,66,-14,4553950
i2205,20220218,20220218,133102000,13:31:02,690.5,676975,550848,45567650250,27,-2,1863100
i2205,20220218,20220218,133102500,13:31:03,690,677054,550882,45573098350,79,34,5448100
i2205,20220218,20220218,133103000,13:31:03,690,677111,550896,45577031250,57,14,3932900
i2205,20220218,20220218,133103500,13:31:05,690,677178,550869,45581653500,67,-27,4622250
i2205,20220218,20220218,133104000,13:31:06,690,677262,550799,45587447100,84,-70,5793600
i2205,20220218,20220218,133104500,13:31:07,690,677281,550803,45588757950,19,4,1310850
i2205,20220218,20220218,133105500,13:31:08,690,677389,550778,45596207300,108,-25,7449350
i2205,20220218,20220218,133106000,13:31:08,689.5,677402,550784,45597103600,13,6,896300
i2205,20220218,20220218,133107000,13:31:08,689.5,677534,550703,45606205850,132,-81,9102250
i2205,20220218,20220218,133107500,13:31:09,689.5,677546,550696,45607033400,12,-7,827550
i2205,20220218,20220218,133108500,13:31:09,689,677772,550766,45622615700,226,70,15582300
i2205,20220218,20220218,133109000,13:31:09,689,677842,550742,45627441750,70,-24,4826050
i2205,20220218,20220218,133109500,13:31:10,689,677916,550742,45632543400,74,0,5101650
i2205,20220218,20220218,133110000,13:31:11,689,678035,550663,45640743650,119,-79,8200250
i2205,20220218,20220218,133110500,13:31:11,689,678042,550662,45641225950,7,-1,482300
i2205,20220218,20220218,133111000,13:31:11,689,678062,550662,45642603950,20,0,1378000
i2205,20220218,20220218,133111500,13:31:12,689,678077,550661,45643636950,15,-1,1033000
i2205,20220218,20220218,133112000,13:31:12,689,678090,550656,45644532250,13,-5,895300
i2205,20220218,20220218,133112500,13:31:13,688.5,678104,550659,45645496150,14,3,963900
i2205,20220218,20220218,133113000,13:31:13,688.5,678136,550666,45647699350,32,7,2203200
i2205,20220218,20220218,133113500,13:31:14,688.5,678219,550655,45653413900,83,-11,5714550
i2205,20220218,20220218,133114000,13:31:15,688.5,678246,550662,45655272650,27,7,1858750
i2205,20220218,20220218,133114500,13:31:15,688.5,678255,550659,45655892200,9,-3,619550
i2205,20220218,20220218,133115000,13:31:15,688.5,678275,550667,45657268400,20,8,1376200
i2205,20220218,20220218,133115500,13:31:16,688.5,678315,550685,45660020600,40,18,2752200
i2205,20220218,20220218,133116000,13:31:16,688,678340,550679,45661740700,25,-6,1720100
i2205,20220218,20220218,133116500,13:31:17,688.5,678353,550682,45662635150,13,3,894450
i2205,20220218,20220218,133117000,13:31:17,688.5,678364,550678,45663392100,11,-4,756950
i2205,20220218,20220218,133117500,13:31:18,688,678407,550643,45666350550,43,-35,2958450
i2205,20220218,20220218,133118000,13:31:19,688.5,678416,550641,45666970150,9,-2,619600
i2205,20220218,20220218,133118500,13:31:19,688,678427,550640,45667726950,11,-1,756800
i2205,20220218,20220218,133119000,13:31:19,688,678444,550627,45668896750,17,-13,1169800
i2205,20220218,20220218,133119500,13:31:20,688,678446,550626,45669034350,2,-1,137600
i2205,20220218,20220218,133120000,13:31:20,688,678463,550623,45670204100,17,-3,1169750
i2205,20220218,20220218,133120500,13:31:21,688,678466,550623,45670410550,3,0,206450
i2205,20220218,20220218,133121000,13:31:21,688,678480,550619,45671374000,14,-4,963450
i2205,20220218,20220218,133121500,13:31:22,688,678491,550617,45672130850,11,-2,756850
i2205,20220218,20220218,133122000,13:31:23,688,678511,550616,45673506850,20,-1,1376000
i2205,20220218,20220218,133122500,13:31:23,688.5,678520,550610,45674126450,9,-6,619600
i2205,20220218,20220218,133123000,13:31:25,688,678524,550613,45674401700,4,3,275250
i2205,20220218,20220218,133123500,13:31:25,688,678533,550613,45675020900,9,0,619200
i2205,20220218,20220218,133124500,13:31:25,688,678695,550544,45686166600,162,-69,11145700
i2205,20220218,20220218,133157500,13:31:57,688,678722,550539,45688023750,27,-5,1857150
i2205,20220218,20220218,133158500,13:31:58,688,678728,550540,45688436400,6,1,412650
i2205,20220218,20220218,133159000,13:31:59,688,678905,550530,45700614000,177,-10,12177600
i2205,20220218,20220218,133159500,13:32:00,688.5,678934,550530,45702610150,29,0,1996150
i2205,20220218,20220218,133200500,13:32:01,688,680589,550646,45816497250,1655,116,113887100
i2205,20220218,20220218,133201000,13:32:01,688,680609,550654,45817873100,20,8,1375850
i2205,20220218,20220218,133201500,13:32:01,688,680620,550653,45818629800,11,-1,756700
i2205,20220218,20220218,133202000,13:32:03,687.5,680628,550655,45819179900,8,2,550100
i2205,20220218,20220218,133202500,13:32:03,688,680630,550656,45819317450,2,1,137550
i2205,20220218,20220218,133203000,13:32:04,687.5,680631,550657,45819386200,1,1,68750
i2205,20220218,20220218,133203500,13:32:05,687.5,680634,550660,45819592450,3,3,206250
i2205,20220218,20220218,133204000,13:32:05,687.5,680639,550660,45819936200,5,0,343750
i2205,20220218,20220218,133205000,13:32:06,688,680721,550624,45825573750,82,-36,5637550
i2205,20220218,20220218,133205500,13:32:06,687.5,680723,550623,45825711250,2,-1,137500
i2205,20220218,20220218,133206000,13:32:06,687.5,680733,550618,45826398750,10,-5,687500
i2205,20220218,20220218,133206500,13:32:07,687.5,680742,550615,45827017500,9,-3,618750
i2205,20220218,20220218,133207000,13:32:07,687.5,680783,550585,45829836250,41,-30,2818750
i2205,20220218,20220218,133207500,13:32:07,687.5,680803,550603,45831212200,20,18,1375950
i2205,20220218,20220218,133208000,13:32:09,687.5,680823,550583,45832587200,20,-20,1375000
i2205,20220218,20220218,133208500,13:32:10,688,680831,550576,45833137250,8,-7,550050
i2205,20220218,20220218,133209000,13:32:10,687.5,680835,550576,45833412300,4,0,275050
i2205,20220218,20220218,133209500,13:32:10,687.5,680838,550574,45833618550,3,-2,206250
i2205,20220218,20220218,133210000,13:32:10,687.5,681112,550480,45852456100,274,-94,18837550
i2205,20220218,20220218,133210500,13:32:13,687.5,681250,550453,45861943600,138,-27,9487500
i2205,20220218,20220218,133211000,13:32:14,687,681322,550454,45866893400,72,1,4949800
i2205,20220218,20220218,133213000,13:32:15,687,681358,550465,45869367150,36,11,2473750
i2205,20220218,20220218,133214000,13:32:15,687.5,681408,550493,45872803100,50,28,3435950
i2205,20220218,20220218,133214500,13:32:16,687,681414,550494,45873215350,6,1,412250
i2205,20220218,20220218,133215000,13:32:16,687,681421,550499,45873696250,7,5,480900
i2205,20220218,20220218,133215500,13:32:16,687,681430,550500,45874314600,9,1,618350
i2205,20220218,20220218,133216000,13:32:17,687.5,681433,550501,45874520800,3,1,206200
i2205,20220218,20220218,133216500,13:32:17,687,681442,550501,45875139500,9,0,618700
i2205,20220218,20220218,133217000,13:32:17,687,681446,550502,45875414300,4,1,274800
i2205,20220218,20220218,133217500,13:32:18,687,681463,550512,45876582200,17,10,1167900
i2205,20220218,20220218,133218000,13:32:18,687,681512,550560,45879948500,49,48,3366300
i2205,20220218,20220218,133218500,13:32:19,687,681513,550561,45880017200,1,1,68700
i2205,20220218,20220218,133219000,13:32:20,687.5,681638,550617,45888604800,125,56,8587600
i2205,20220218,20220218,133219500,13:32:20,687,681651,550620,45889497900,13,3,893100
i2205,20220218,20220218,133220000,13:32:21,687,681740,550634,45895612200,89,14,6114300
i2205,20220218,20220218,133220500,13:32:21,687,681749,550635,45896230550,9,1,618350
i2205,20220218,20220218,133221000,13:32:21,687,681766,550619,45897398450,17,-16,1167900
i2205,20220218,20220218,133221500,13:32:22,687,681772,550618,45897810650,6,-1,412200
i2205,20220218,20220218,133222000,13:32:22,687,681786,550605,45898772450,14,-13,961800
i2205,20220218,20220218,133222500,13:32:23,687,681794,550605,45899322100,8,0,549650
i2205,20220218,20220218,133223000,13:32:24,687,681813,550589,45900627400,19,-16,1305300
i2205,20220218,20220218,133223500,13:32:24,687,681813,550589,45900627400,0,0,0
i2205,20220218,20220218,133224000,13:32:24,687,681817,550588,45900902200,4,-1,274800
i2205,20220218,20220218,133224500,13:32:24,687,681822,550584,45901245700,5,-4,343500
i2205,20220218,20220218,133225000,13:32:25,687,681892,550539,45906054850,70,-45,4809150
i2205,20220218,20220218,133225500,13:32:25,687,681904,550539,45906879100,12,0,824250
i2205,20220218,20220218,133226000,13:32:27,687,681905,550540,45906947800,1,1,68700
i2205,20220218,20220218,133226500,13:32:27,686.5,681907,550541,45907085150,2,1,137350
i2205,20220218,20220218,133227000,13:32:27,687,681935,550548,45909007500,28,7,1922350
i2205,20220218,20220218,133227500,13:32:28,687,681944,550554,45909625700,9,6,618200
i2205,20220218,20220218,133228000,13:32:32,686.5,681957,550555,45910518350,13,1,892650
i2205,20220218,20220218,133228500,13:32:32,687,681959,550554,45910655750,2,-1,137400
i2205,20220218,20220218,133229000,13:32:33,686.5,681966,550554,45911136350,7,0,480600
i2205,20220218,20220218,133232000,13:32:35,686.5,682031,550565,45915599500,65,11,4463150
i2205,20220218,20220218,133232500,13:32:35,687,682040,550563,45916217650,9,-2,618150
i2205,20220218,20220218,133234500,13:32:35,686.5,682122,550590,45921850150,82,27,5632500
i2205,20220218,20220218,133235000,13:32:36,686.5,682123,550589,45921918800,1,-1,68650
i2205,20220218,20220218,133235500,13:32:36,687,682206,550581,45927620800,83,-8,5702000
i2205,20220218,20220218,133236000,13:32:36,687,682209,550581,45927826900,3,0,206100
i2205,20220218,20220218,133236500,13:32:37,687,682212,550579,45928033000,3,-2,206100
i2205,20220218,20220218,133237000,13:32:37,687,682218,550579,45928445250,6,0,412250
i2205,20220218,20220218,133237500,13:32:38,687.5,682236,550581,45929682500,18,2,1237250
i2205,20220218,20220218,133238000,13:32:38,687,682239,550580,45929888600,3,-1,206100
i2205,20220218,20220218,133238500,13:32:39,687.5,682481,550493,45946526050,242,-87,16637450
i2205,20220218,20220218,133239000,13:32:39,687.5,682494,550486,45947419900,13,-7,893850
i2205,20220218,20220218,133239500,13:32:40,687.5,682496,550488,45947557400,2,2,137500
i2205,20220218,20220218,133240000,13:32:40,687.5,682502,550491,45947969950,6,3,412550
i2205,20220218,20220218,133240500,13:32:40,687.5,682503,550491,45948038700,1,0,68750
i2205,20220218,20220218,133241000,13:32:41,687.5,682514,550496,45948795300,11,5,756600
i2205,20220218,20220218,133241500,13:32:42,687.5,682534,550507,45950170300,20,11,1375000
i2205,20220218,20220218,133242000,13:32:42,687.5,682537,550507,45950376550,3,0,206250
i2205,20220218,20220218,133242500,13:32:42,687.5,682560,550502,45951957850,23,-5,1581300
i2205,20220218,20220218,133243000,13:32:43,687.5,682582,550481,45953470350,22,-21,1512500
i2205,20220218,20220218,133243500,13:32:43,687.5,682587,550481,45953814100,5,0,343750
i2205,20220218,20220218,133244000,13:32:44,687.5,682595,550483,45954364250,8,2,550150
i2205,20220218,20220218,133244500,13:32:45,687.5,682601,550482,45954776750,6,-1,412500
i2205,20220218,20220218,133245000,13:32:45,688,682610,550484,45955395550,9,2,618800
i2205,20220218,20220218,133245500,13:32:45,688,682614,550483,45955670600,4,-1,275050
i2205,20220218,20220218,133246000,13:32:47,687.5,682615,550483,45955739350,1,0,68750
i2205,20220218,20220218,133246500,13:32:47,687.5,682617,550482,45955876850,2,-1,137500
i2205,20220218,20220218,133247000,13:32:47,688,682619,550483,45956014400,2,1,137550
i2205,20220218,20220218,133247500,13:32:48,688,682626,550484,45956495700,7,1,481300
i2205,20220218,20220218,133248000,13:32:48,687.5,682657,550493,45958627950,31,9,2132250
i2205,20220218,20220218,133248500,13:32:49,687.5,682658,550492,45958696700,1,-1,68750
i2205,20220218,20220218,133249000,13:32:49,687.5,682667,550495,45959315650,9,3,618950
i2205,20220218,20220218,133249500,13:32:50,687.5,682670,550492,45959521900,3,-3,206250
i2205,20220218,20220218,133250000,13:32:50,687.5,682671,550491,45959590650,1,-1,68750
i2205,20220218,20220218,133250500,13:32:52,688,682707,550490,45962065700,36,-1,2475050
i2205,20220218,20220218,133251000,13:32:52,687.5,682722,550494,45963096950,15,4,1031250
i2205,20220218,20220218,133251500,13:32:53,687.5,682725,550495,45963303200,3,1,206250
i2205,20220218,20220218,133252500,13:32:53,687.5,682761,550488,45965778200,36,-7,2475000
i2205,20220218,20220218,133253000,13:32:53,687.5,682763,550488,45965915700,2,0,137500
i2205,20220218,20220218,133253500,13:32:54,687.5,682767,550485,45966190550,4,-3,274850
i2205,20220218,20220218,133254000,13:32:54,687,682768,550484,45966259250,1,-1,68700
i2205,20220218,20220218,133254500,13:32:55,687,682776,550477,45966808850,8,-7,549600
i2205,20220218,20220218,133255000,13:32:55,687.5,682786,550475,45967496100,10,-2,687250
i2205,20220218,20220218,133255500,13:32:55,687.5,682786,550475,45967496100,0,0,0
i2205,20220218,20220218,133256000,13:32:56,687,682787,550475,45967564800,1,0,68700
i2205,20220218,20220218,133256500,13:32:57,687,682788,550474,45967633500,1,-1,68700
i2205,20220218,20220218,133257000,13:32:59,687.5,682789,550475,45967702250,1,1,68750
i2205,20220218,20220218,133257500,13:33:00,687.5,682790,550475,45967771000,1,0,68750
i2205,20220218,20220218,133258000,13:33:00,687,682796,550478,45968183200,6,3,412200
i2205,20220218,20220218,133258500,13:33:00,687,682796,550478,45968183200,0,0,0
i2205,20220218,20220218,133259500,13:33:01,687.5,682809,550482,45969076550,13,4,893350
i2205,20220218,20220218,133300000,13:33:01,687,682824,550490,45970107050,15,8,1030500
i2205,20220218,20220218,133300500,13:33:01,687,682824,550490,45970107050,0,0,0
i2205,20220218,20220218,133301000,13:33:02,687,682840,550494,45971206250,16,4,1099200
i2205,20220218,20220218,133301500,13:33:02,687,682851,550493,45971962200,11,-1,755950
i2205,20220218,20220218,133302000,13:33:02,687.5,682858,550492,45972443350,7,-1,481150
i2205,20220218,20220218,133302500,13:33:03,687.5,682870,550501,45973268250,12,9,824900
i2205,20220218,20220218,133303000,13:33:03,687,682923,550477,45976909350,53,-24,3641100
i2205,20220218,20220218,133303500,13:33:04,687,682928,550479,45977252850,5,2,343500
i2205,20220218,20220218,133304000,13:33:04,687,682966,550499,45979863450,38,20,2610600
i2205,20220218,20220218,133304500,13:33:05,687,682966,550499,45979863450,0,0,0
i2205,20220218,20220218,133305000,13:33:05,687,682971,550498,45980207050,5,-1,343600
i2205,20220218,20220218,133305500,13:33:05,687.5,682976,550498,45980550650,5,0,343600
i2205,20220218,20220218,133306000,13:33:06,687,682977,550497,45980619350,1,-1,68700
i2205,20220218,20220218,133306500,13:33:06,687,682979,550495,45980756750,2,-2,137400
i2205,20220218,20220218,133307000,13:33:07,687.5,682992,550491,45981650050,13,-4,893300
i2205,20220218,20220218,133307500,13:33:08,687,682995,550490,45981856150,3,-1,206100
i2205,20220218,20220218,133308000,13:33:08,687,683003,550486,45982405750,8,-4,549600
i2205,20220218,20220218,133308500,13:33:09,687,683003,550486,45982405750,0,0,0
i2205,20220218,20220218,133309000,13:33:09,687,683003,550486,45982405750,0,0,0
i2205,20220218,20220218,133309500,13:33:10,687,683003,550486,45982405750,0,0,0
i2205,20220218,20220218,133310000,13:33:11,687,683003,550486,45982405750,0,0,0
i2205,20220218,20220218,133310500,13:33:12,687,683005,550486,45982543150,2,0,137400
i2205,20220218,20220218,133311000,13:33:13,687.5,683017,550496,45983367800,12,10,824650
i2205,20220218,20220218,133311500,13:33:14,687,683020,550496,45983573900,3,0,206100
i2205,20220218,20220218,133312000,13:33:14,687,683027,550499,45984054900,7,3,481000
i2205,20220218,20220218,133313500,13:33:15,687,683053,550496,45985842150,26,-3,1787250
i2205,20220218,20220218,133314000,13:33:17,687.5,683055,550496,45985979650,2,0,137500
i2205,20220218,20220218,133314500,13:33:17,687,683138,550555,45991685750,83,59,5706100
i2205,20220218,20220218,133315000,13:33:18,687,683146,550547,45992235350,8,-8,549600
i2205,20220218,20220218,133315500,13:33:18,687.5,683149,550547,45992441550,3,0,206200
i2205,20220218,20220218,133317000,13:33:18,687.5,683157,550543,45992991200,8,-4,549650
i2205,20220218,20220218,133317500,13:33:19,687.5,683158,550543,45993059950,1,0,68750
i2205,20220218,20220218,133318000,13:33:19,687.5,683174,550543,45994159200,16,0,1099250
i2205,20220218,20220218,133318500,13:33:19,687.5,683178,550545,45994434150,4,2,274950
i2205,20220218,20220218,133319000,13:33:20,687,683186,550537,45994983750,8,-8,549600
i2205,20220218,20220218,133319500,13:33:20,687.5,683187,550537,45995052500,1,0,68750
i2205,20220218,20220218,133320000,13:33:21,687,683203,550542,45996152400,16,5,1099900
i2205,20220218,20220218,133320500,13:33:22,687.5,683301,550538,46002889900,98,-4,6737500
i2205,20220218,20220218,133321000,13:33:22,687.5,683306,550540,46003233750,5,2,343850
i2205,20220218,20220218,133321500,13:33:22,687.5,683307,550540,46003302500,1,0,68750
i2205,20220218,20220218,133322000,13:33:22,687.5,683322,550550,46004333750,15,10,1031250
i2205,20220218,20220218,133322500,13:33:22,687.5,683323,550551,46004402500,1,1,68750
i2205,20220218,20220218,133323000,13:33:23,687.5,683326,550551,46004608800,3,0,206300
i2205,20220218,20220218,133323500,13:33:24,687.5,683327,550551,46004677550,1,0,68750
i2205,20220218,20220218,133324000,13:33:24,687.5,683327,550551,46004677550,0,0,0
i2205,20220218,20220218,133324500,13:33:25,687.5,683330,550548,46004883800,3,-3,206250
i2205,20220218,20220218,133325000,13:33:26,687.5,683392,550504,46009146300,62,-44,4262500
i2205,20220218,20220218,133325500,13:33:26,687.5,683399,550505,46009627400,7,1,481100
i2205,20220218,20220218,133326000,13:33:28,687.5,683400,550505,46009696150,1,0,68750
i2205,20220218,20220218,133326500,13:33:29,687.5,683400,550505,46009696150,0,0,0
i2205,20220218,20220218,133327000,13:33:29,688,683408,550497,46010246500,8,-8,550350
i2205,20220218,20220218,133327500,13:33:30,687.5,683415,550493,46010727800,7,-4,481300
i2205,20220218,20220218,133328500,13:33:30,687.5,683417,550491,46010865300,2,-2,137500
i2205,20220218,20220218,133329000,13:33:30,687.5,683422,550491,46011209050,5,0,343750
i2205,20220218,20220218,133329500,13:33:30,688,683428,550491,46011621600,6,0,412550
i2205,20220218,20220218,133330000,13:33:30,687.5,683446,550500,46012859150,18,9,1237550
i2205,20220218,20220218,133330500,13:33:31,687.5,683456,550502,46013546650,10,2,687500
i2205,20220218,20220218,133331000,13:33:32,687.5,683463,550507,46014027900,7,5,481250
i2205,20220218,20220218,133331500,13:33:32,687.5,683463,550507,46014027900,0,0,0
i2205,20220218,20220218,133332000,13:33:32,688,683471,550507,46014578050,8,0,550150
i2205,20220218,20220218,133332500,13:33:32,688,683471,550507,46014578050,0,0,0
i2205,20220218,20220218,133333000,13:33:33,688,683474,550509,46014784350,3,2,206300
i2205,20220218,20220218,133333500,13:33:33,688,683541,550505,46019393950,67,-4,4609600
i2205,20220218,20220218,133334000,13:33:34,688,683546,550506,46019737950,5,1,344000
i2205,20220218,20220218,133334500,13:33:34,688,683547,550507,46019806750,1,1,68800
i2205,20220218,20220218,133335000,13:33:35,687.5,683549,550507,46019944300,2,0,137550
i2205,20220218,20220218,133335500,13:33:35,688,683555,550513,46020356900,6,6,412600
i2205,20220218,20220218,133336000,13:33:36,688,683560,550517,46020700900,5,4,344000
i2205,20220218,20220218,133336500,13:33:36,688,683561,550518,46020769700,1,1,68800
i2205,20220218,20220218,133337000,13:33:37,688,683563,550520,46020907300,2,2,137600
i2205,20220218,20220218,133337500,13:33:37,688,683563,550520,46020907300,0,0,0
i2205,20220218,20220218,133338000,13:33:38,688,683563,550520,46020907300,0,0,0
i2205,20220218,20220218,133338500,13:33:39,688,683574,550521,46021664100,11,1,756800
i2205,20220218,20220218,133339000,13:33:39,688,683578,550525,46021939300,4,4,275200
i2205,20220218,20220218,133339500,13:33:40,688,683580,550527,46022076900,2,2,137600
i2205,20220218,20220218,133340000,13:33:40,688,683580,550527,46022076900,0,0,0
i2205,20220218,20220218,133340500,13:33:41,688,683634,550557,46025791100,54,30,3714200
i2205,20220218,20220218,133341000,13:33:41,687.5,683638,550556,46026066250,4,-1,275150
i2205,20220218,20220218,133341500,13:33:42,688,683639,550555,46026135050,1,-1,68800
i2205,20220218,20220218,133342000,13:33:42,688,683642,550555,46026341400,3,0,206350
i2205,20220218,20220218,133342500,13:33:42,687.5,683656,550551,46027304200,14,-4,962800
i2205,20220218,20220218,133343000,13:33:43,688,683662,550549,46027717000,6,-2,412800
i2205,20220218,20220218,133343500,13:33:44,688,683671,550551,46028336200,9,2,619200
i2205,20220218,20220218,133344000,13:33:45,687.5,683684,550555,46029230050,13,4,893850
i2205,20220218,20220218,133344500,13:33:45,688,683685,550555,46029298850,1,0,68800
i2205,20220218,20220218,133345000,13:33:45,687.5,683714,550553,46031292850,29,-2,1994000
i2205,20220218,20220218,133345500,13:33:46,687.5,683714,550553,46031292850,0,0,0
i2205,20220218,20220218,133346000,13:33:47,688,683718,550555,46031567900,4,2,275050
i2205,20220218,20220218,133346500,13:33:48,688,683727,550557,46032186850,9,2,618950
i2205,20220218,20220218,133347000,13:33:48,687.5,683735,550561,46032737150,8,4,550300
i2205,20220218,20220218,133347500,13:33:49,687.5,683745,550567,46033424650,10,6,687500
i2205,20220218,20220218,133348000,13:33:49,687.5,683745,550567,46033424650,0,0,0
i2205,20220218,20220218,133348500,13:33:49,688,683748,550567,46033631050,3,0,206400
i2205,20220218,20220218,133349000,13:33:50,688,683748,550567,46033631050,0,0,0
i2205,20220218,20220218,133349500,13:33:50,687.5,683750,550567,46033768550,2,0,137500
i2205,20220218,20220218,133350000,13:33:50,688,683751,550568,46033837350,1,1,68800
i2205,20220218,20220218,133350500,13:33:50,688,683751,550568,46033837350,0,0,0
i2205,20220218,20220218,133351000,13:33:51,687.5,683793,550580,46036725100,42,12,2887750
i2205,20220218,20220218,133351500,13:33:52,687,683800,550575,46037206050,7,-5,480950
i2205,20220218,20220218,133352000,13:33:52,687.5,683846,550570,46040367100,46,-5,3161050
i2205,20220218,20220218,133352500,13:33:52,687.5,683846,550570,46040367100,0,0,0
i2205,20220218,20220218,133353000,13:33:53,687,683847,550570,46040435800,1,0,68700
i2205,20220218,20220218,133353500,13:33:53,687,683850,550569,46040641900,3,-1,206100
i2205,20220218,20220218,133354000,13:33:54,687.5,683952,550670,46047654300,102,101,7012400
i2205,20220218,20220218,133354500,13:33:54,687.5,683953,550671,46047723050,1,1,68750
i2205,20220218,20220218,133355000,13:33:56,687,683956,550670,46047929150,3,-1,206100
i2205,20220218,20220218,133355500,13:33:56,687.5,683957,550671,46047997900,1,1,68750
i2205,20220218,20220218,133356000,13:33:56,687.5,683957,550671,46047997900,0,0,0
i2205,20220218,20220218,133356500,13:33:57,687.5,683957,550671,46047997900,0,0,0
i2205,20220218,20220218,133357000,13:33:57,687.5,683957,550671,46047997900,0,0,0
i2205,20220218,20220218,133357500,13:33:58,687.5,683959,550673,46048135400,2,2,137500
i2205,20220218,20220218,133358000,13:33:58,687,683960,550673,46048204100,1,0,68700
i2205,20220218,20220218,133358500,13:33:58,687,683960,550673,46048204100,0,0,0
i2205,20220218,20220218,133359000,13:33:59,687.5,683980,550686,46049578250,20,13,1374150
i2205,20220218,20220218,133359500,13:33:59,687,683981,550685,46049646950,1,-1,68700
i2205,20220218,20220218,133400000,13:34:00,687,683981,550685,46049646950,0,0,0
i2205,20220218,20220218,133400500,13:34:00,687,684039,550700,46053631550,58,15,3984600
i2205,20220218,20220218,133401000,13:34:01,687,684050,550693,46054387250,11,-7,755700
i2205,20220218,20220218,133401500,13:34:02,687,684054,550693,46054662050,4,0,274800
i2205,20220218,20220218,133402000,13:34:02,687,684054,550693,46054662050,0,0,0
i2205,20220218,20220218,133402500,13:34:10,687,684059,550695,46055005550,5,2,343500
i2205,20220218,20220218,133403000,13:34:10,687,684075,550706,46056104900,16,11,1099350
i2205,20220218,20220218,133403500,13:34:11,687,684096,550708,46057547650,21,2,1442750
i2205,20220218,20220218,133410000,13:34:12,687,684096,550708,46057547650,0,0,0
i2205,20220218,20220218,133410500,13:34:12,687,684096,550708,46057547650,0,0,0
i2205,20220218,20220218,133411000,13:34:12,687,684237,550707,46067235050,141,-1,9687400
i2205,20220218,20220218,133411500,13:34:12,687.5,684338,550756,46074178750,101,49,6943700
