i2206,20220218,20220218,112003000,11:20:05,681.5,7558,96757,505825800,7558,349,505825800
i2206,20220218,20220218,112004500,11:20:09,681.5,7558,96757,505825800,0,0,0
i2206,20220218,20220218,112005000,11:20:10,681.5,7558,96757,505825800,0,0,0
i2206,20220218,20220218,112006500,11:20:10,681.5,7558,96757,505825800,0,0,0
i2206,20220218,20220218,112008500,11:20:10,681.5,7558,96757,505825800,0,0,0
i2206,20220218,20220218,112009000,11:20:10,681.5,7558,96757,505825800,0,0,0
i2206,20220218,20220218,112010000,11:20:10,681.5,7558,96757,505825800,0,0,0
i2206,20220218,20220218,112011000,11:20:11,681.5,7558,96757,505825800,0,0,0
i2206,20220218,20220218,112012000,11:20:12,682,7559,96758,505894000,1,1,68200
i2206,20220218,20220218,112016000,11:20:16,682,7559,96758,505894000,0,0,0
i2206,20220218,20220218,112016500,11:20:16,682,7559,96758,505894000,0,0,0
i2206,20220218,20220218,112017000,11:20:17,682,7559,96758,505894000,0,0,0
i2206,20220218,20220218,112017500,11:20:17,682,7559,96758,505894000,0,0,0
i2206,20220218,20220218,112018000,11:20:18,682,7559,96758,505894000,0,0,0
i2206,20220218,20220218,112018500,11:20:18,682,7559,96758,505894000,0,0,0
i2206,20220218,20220218,112019000,11:20:19,682,7559,96758,505894000,0,0,0
i2206,20220218,20220218,112019500,11:20:20,682,7559,96758,505894000,0,0,0
i2206,20220218,20220218,112020000,11:20:20,682,7559,96758,505894000,0,0,0
i2206,20220218,20220218,112020500,11:20:21,682,7559,96758,505894000,0,0,0
i2206,20220218,20220218,112021000,11:20:21,682,7559,96758,505894000,0,0,0
i2206,20220218,20220218,112021500,11:20:21,682,7559,96758,505894000,0,0,0
i2206,20220218,20220218,112022000,11:20:22,682,7559,96758,505894000,0,0,0
i2206,20220218,20220218,112022500,11:20:23,682,7559,96758,505894000,0,0,0
i2206,20220218,20220218,112023000,11:20:23,682,7559,96758,505894000,0,0,0
i2206,20220218,20220218,112023500,11:20:23,682,7559,96758,505894000,0,0,0
i2206,20220218,20220218,112024000,11:20:24,682,7559,96758,505894000,0,0,0
i2206,20220218,20220218,112024500,11:20:24,682,7559,96758,505894000,0,0,0
i2206,20220218,20220218,112025000,11:20:25,682,7559,96758,505894000,0,0,0
i2206,20220218,20220218,112025500,11:20:25,682,7559,96758,505894000,0,0,0
i2206,20220218,20220218,112026000,11:20:26,682,7559,96758,505894000,0,0,0
i2206,20220218,20220218,112026500,11:20:26,682,7559,96758,505894000,0,0,0
i2206,20220218,20220218,112027000,11:20:27,682,7559,96758,505894000,0,0,0
i2206,20220218,20220218,112027500,11:20:28,682,7559,96758,505894000,0,0,0
i2206,20220218,20220218,112028000,11:20:28,682,7559,96758,505894000,0,0,0
i2206,20220218,20220218,112028500,11:20:28,682,7559,96758,505894000,0,0,0
i2206,20220218,20220218,112029000,11:20:29,682,7559,96758,505894000,0,0,0
i2206,20220218,20220218,112029500,11:20:30,682,7559,96758,505894000,0,0,0
i2206,20220218,20220218,112030000,11:20:31,682,7559,96758,505894000,0,0,0
i2206,20220218,20220218,112030500,11:20:31,682,7559,96758,505894000,0,0,0
i2206,20220218,20220218,112031000,11:20:32,682,7559,96758,505894000,0,0,0
i2206,20220218,20220218,112038000,11:20:38,682,7559,96758,505894000,0,0,0
i2206,20220218,20220218,112038500,11:20:38,680.5,7560,96757,505962050,1,-1,68050
i2206,20220218,20220218,112039000,11:20:39,680.5,7560,96757,505962050,0,0,0
i2206,20220218,20220218,112039500,11:20:40,680.5,7560,96757,505962050,0,0,0
i2206,20220218,20220218,112040000,11:20:40,680,7562,96757,506098050,2,0,136000
i2206,20220218,20220218,112040500,11:20:41,680,7562,96757,506098050,0,0,0
i2206,20220218,20220218,112041000,11:20:41,680,7562,96757,506098050,0,0,0
i2206,20220218,20220218,112041500,11:20:41,680,7562,96757,506098050,0,0,0
i2206,20220218,20220218,112042000,11:20:42,680,7562,96757,506098050,0,0,0
i2206,20220218,20220218,112042500,11:20:42,680,7562,96757,506098050,0,0,0
i2206,20220218,20220218,112043000,11:20:43,680,7562,96757,506098050,0,0,0
i2206,20220218,20220218,112043500,11:20:44,680,7562,96757,506098050,0,0,0
i2206,20220218,20220218,112044000,11:20:44,680,7562,96757,506098050,0,0,0
i2206,20220218,20220218,112044500,11:20:45,680,7562,96757,506098050,0,0,0
i2206,20220218,20220218,112045000,11:20:45,680,7562,96757,506098050,0,0,0
i2206,20220218,20220218,112045500,11:20:46,680,7562,96757,506098050,0,0,0
i2206,20220218,20220218,112046000,11:20:46,680,7562,96757,506098050,0,0,0
i2206,20220218,20220218,112046500,11:20:46,680,7562,96757,506098050,0,0,0
i2206,20220218,20220218,112047000,11:20:48,680,7562,96757,506098050,0,0,0
i2206,20220218,20220218,112047500,11:20:48,680,7562,96757,506098050,0,0,0
i2206,20220218,20220218,112050500,11:20:51,680,7562,96757,506098050,0,0,0
i2206,20220218,20220218,112052000,11:20:53,680,7562,96757,506098050,0,0,0
i2206,20220218,20220218,112052500,11:20:53,680,7566,96753,506370050,4,-4,272000
i2206,20220218,20220218,112053000,11:20:53,680,7566,96753,506370050,0,0,0
i2206,20220218,20220218,112053500,11:20:53,680,7566,96753,506370050,0,0,0
i2206,20220218,20220218,112054000,11:20:54,680,7566,96753,506370050,0,0,0
i2206,20220218,20220218,112054500,11:20:55,680,7566,96753,506370050,0,0,0
i2206,20220218,20220218,112055000,11:20:55,680,7566,96753,506370050,0,0,0
i2206,20220218,20220218,112055500,11:20:56,680,7566,96753,506370050,0,0,0
i2206,20220218,20220218,112056000,11:20:56,680,7566,96753,506370050,0,0,0
i2206,20220218,20220218,112056500,11:20:57,680,7566,96753,506370050,0,0,0
i2206,20220218,20220218,112057000,11:20:58,680,7566,96753,506370050,0,0,0
i2206,20220218,20220218,112057500,11:20:58,680,7566,96753,506370050,0,0,0
i2206,20220218,20220218,112058000,11:20:59,680,7566,96753,506370050,0,0,0
i2206,20220218,20220218,112058500,11:20:59,680,7566,96753,506370050,0,0,0
i2206,20220218,20220218,112059000,11:20:59,680,7566,96753,506370050,0,0,0
i2206,20220218,20220218,112059500,11:21:00,680,7566,96753,506370050,0,0,0
i2206,20220218,20220218,112100000,11:21:00,680,7566,96753,506370050,0,0,0
i2206,20220218,20220218,112100500,11:21:01,680,7566,96753,506370050,0,0,0
i2206,20220218,20220218,112101000,11:21:01,680,7566,96753,506370050,0,0,0
i2206,20220218,20220218,112101500,11:21:02,680,7566,96753,506370050,0,0,0
i2206,20220218,20220218,112102000,11:21:03,680,7566,96753,506370050,0,0,0
i2206,20220218,20220218,112102500,11:21:03,680,7566,96753,506370050,0,0,0
i2206,20220218,20220218,112103000,11:21:03,680,7566,96753,506370050,0,0,0
i2206,20220218,20220218,112103500,11:21:04,680,7566,96753,506370050,0,0,0
i2206,20220218,20220218,112104000,11:21:04,680,7566,96753,506370050,0,0,0
i2206,20220218,20220218,112104500,11:21:05,680,7566,96753,506370050,0,0,0
i2206,20220218,20220218,112105000,11:21:05,680,7566,96753,506370050,0,0,0
i2206,20220218,20220218,112105500,11:21:07,680,7566,96753,506370050,0,0,0
i2206,20220218,20220218,112106000,11:21:07,680,7566,96753,506370050,0,0,0
i2206,20220218,20220218,112106500,11:21:07,680,7566,96753,506370050,0,0,0
i2206,20220218,20220218,112107000,11:21:09,680,7566,96753,506370050,0,0,0
i2206,20220218,20220218,112108000,11:21:10,680,7566,96753,506370050,0,0,0
i2206,20220218,20220218,112108500,11:21:10,680,7566,96753,506370050,0,0,0
i2206,20220218,20220218,112110000,11:21:10,680,7566,96753,506370050,0,0,0
i2206,20220218,20220218,112110500,11:21:11,680,7566,96753,506370050,0,0,0
i2206,20220218,20220218,112111000,11:21:11,680,7566,96753,506370050,0,0,0
i2206,20220218,20220218,112111500,11:21:12,680,7566,96753,506370050,0,0,0
i2206,20220218,20220218,112112000,11:21:12,680,7566,96753,506370050,0,0,0
i2206,20220218,20220218,112112500,11:21:13,680,7566,96753,506370050,0,0,0
i2206,20220218,20220218,112113000,11:21:13,681,7570,96749,506642450,4,-4,272400
i2206,20220218,20220218,112113500,11:21:13,681,7570,96749,506642450,0,0,0
i2206,20220218,20220218,112114000,11:21:14,681,7570,96749,506642450,0,0,0
i2206,20220218,20220218,112114500,11:21:15,681,7570,96749,506642450,0,0,0
i2206,20220218,20220218,112115000,11:21:15,681,7570,96749,506642450,0,0,0
i2206,20220218,20220218,112115500,11:21:15,681,7570,96749,506642450,0,0,0
i2206,20220218,20220218,112116000,11:21:16,681,7570,96749,506642450,0,0,0
i2206,20220218,20220218,112116500,11:21:17,681,7570,96749,506642450,0,0,0
i2206,20220218,20220218,112117000,11:21:17,681,7570,96749,506642450,0,0,0
i2206,20220218,20220218,112117500,11:21:18,681,7570,96749,506642450,0,0,0
i2206,20220218,20220218,112118000,11:21:18,681,7570,96749,506642450,0,0,0
i2206,20220218,20220218,112118500,11:21:18,681,7570,96749,506642450,0,0,0
i2206,20220218,20220218,112119000,11:21:19,681,7570,96749,506642450,0,0,0
i2206,20220218,20220218,112119500,11:21:19,681,7570,96749,506642450,0,0,0
i2206,20220218,20220218,112120000,11:21:20,681,7570,96749,506642450,0,0,0
i2206,20220218,20220218,112120500,11:21:22,681,7570,96749,506642450,0,0,0
i2206,20220218,20220218,112121000,11:21:22,681,7570,96749,506642450,0,0,0
i2206,20220218,20220218,112121500,11:21:22,681,7570,96749,506642450,0,0,0
i2206,20220218,20220218,112122000,11:21:22,681,7570,96749,506642450,0,0,0
i2206,20220218,20220218,112122500,11:21:22,681,7570,96749,506642450,0,0,0
i2206,20220218,20220218,112123000,11:21:23,681,7570,96749,506642450,0,0,0
i2206,20220218,20220218,112123500,11:21:24,681,7570,96749,506642450,0,0,0
i2206,20220218,20220218,112124000,11:21:24,681,7570,96749,506642450,0,0,0
i2206,20220218,20220218,112124500,11:21:25,681,7570,96749,506642450,0,0,0
i2206,20220218,20220218,112125000,11:21:57,681,7570,96749,506642450,0,0,0
i2206,20220218,20220218,112125500,11:23:32,681,7570,96749,506642450,0,0,0
i2206,20220218,20220218,112332500,11:23:33,681,7570,96749,506642450,0,0,0
i2206,20220218,20220218,112333000,11:23:33,681,7570,96749,506642450,0,0,0
i2206,20220218,20220218,112333500,11:23:33,681,7570,96749,506642450,0,0,0
i2206,20220218,20220218,112334000,11:23:34,681,7570,96749,506642450,0,0,0
i2206,20220218,20220218,112334500,11:23:34,681,7570,96749,506642450,0,0,0
i2206,20220218,20220218,112335000,11:23:35,681,7570,96749,506642450,0,0,0
i2206,20220218,20220218,112335500,11:23:35,681,7570,96749,506642450,0,0,0
i2206,20220218,20220218,112336000,11:23:36,681,7570,96749,506642450,0,0,0
i2206,20220218,20220218,112336500,11:23:38,681,7570,96749,506642450,0,0,0
i2206,20220218,20220218,112337000,11:23:38,681,7570,96749,506642450,0,0,0
i2206,20220218,20220218,112337500,11:23:38,681,7570,96749,506642450,0,0,0
i2206,20220218,20220218,112338000,11:23:38,681,7570,96749,506642450,0,0,0
i2206,20220218,20220218,112338500,11:23:38,681,7570,96749,506642450,0,0,0
i2206,20220218,20220218,112339000,11:23:39,681,7570,96749,506642450,0,0,0
i2206,20220218,20220218,112339500,11:23:39,681,7570,96749,506642450,0,0,0
i2206,20220218,20220218,112340000,11:23:40,681,7570,96749,506642450,0,0,0
i2206,20220218,20220218,112340500,11:23:40,681,7570,96749,506642450,0,0,0
i2206,20220218,20220218,112341000,11:23:41,681,7570,96749,506642450,0,0,0
i2206,20220218,20220218,112341500,11:23:42,681,7570,96749,506642450,0,0,0
i2206,20220218,20220218,112342000,11:23:42,681,7570,96749,506642450,0,0,0
i2206,20220218,20220218,112342500,11:23:43,681,7570,96749,506642450,0,0,0
i2206,20220218,20220218,112343000,11:23:43,681,7570,96749,506642450,0,0,0
i2206,20220218,20220218,112343500,11:23:43,681,7570,96749,506642450,0,0,0
i2206,20220218,20220218,112344000,11:23:48,681,7570,96749,506642450,0,0,0
i2206,20220218,20220218,112344500,11:23:48,681,7570,96749,506642450,0,0,0
i2206,20220218,20220218,112345000,11:23:48,681,7570,96749,506642450,0,0,0
i2206,20220218,20220218,112345500,11:23:48,681,7570,96749,506642450,0,0,0
i2206,20220218,20220218,112348000,11:23:48,681,7570,96749,506642450,0,0,0
i2206,20220218,20220218,112348500,11:23:49,681,7570,96749,506642450,0,0,0
i2206,20220218,20220218,112349000,11:23:49,681,7570,96749,506642450,0,0,0
i2206,20220218,20220218,112349500,11:23:50,681,7570,96749,506642450,0,0,0
i2206,20220218,20220218,112350000,11:23:50,681,7570,96749,506642450,0,0,0
i2206,20220218,20220218,112350500,11:23:50,681,7570,96749,506642450,0,0,0
i2206,20220218,20220218,112351000,11:23:51,681,7570,96749,506642450,0,0,0
i2206,20220218,20220218,112351500,11:23:51,681,7570,96749,506642450,0,0,0
i2206,20220218,20220218,112352000,11:23:52,681,7570,96749,506642450,0,0,0
i2206,20220218,20220218,112352500,11:23:52,681,7570,96749,506642450,0,0,0
i2206,20220218,20220218,112353000,11:23:53,681,7570,96749,506642450,0,0,0
i2206,20220218,20220218,112353500,11:23:53,681,7570,96749,506642450,0,0,0
i2206,20220218,20220218,112354000,11:23:54,681,7570,96749,506642450,0,0,0
i2206,20220218,20220218,112354500,11:23:55,681,7570,96749,506642450,0,0,0
i2206,20220218,20220218,112355000,11:23:55,681,7570,96749,506642450,0,0,0
i2206,20220218,20220218,112355500,11:23:55,681,7570,96749,506642450,0,0,0
i2206,20220218,20220218,112356000,11:23:56,681,7570,96749,506642450,0,0,0
i2206,20220218,20220218,112356500,11:23:56,681,7570,96749,506642450,0,0,0
i2206,20220218,20220218,112357000,11:23:57,681,7570,96749,506642450,0,0,0
i2206,20220218,20220218,112357500,11:23:57,681,7570,96749,506642450,0,0,0
i2206,20220218,20220218,112358000,11:23:58,681,7570,96749,506642450,0,0,0
i2206,20220218,20220218,112358500,11:23:58,681,7570,96749,506642450,0,0,0
i2206,20220218,20220218,112359000,11:23:59,681,7570,96749,506642450,0,0,0
i2206,20220218,20220218,112359500,11:23:59,681,7570,96749,506642450,0,0,0
i2206,20220218,20220218,112400000,11:24:00,681,7570,96749,506642450,0,0,0
i2206,20220218,20220218,112400500,11:24:00,681,7570,96749,506642450,0,0,0
i2206,20220218,20220218,112401000,11:24:01,681,7570,96749,506642450,0,0,0
i2206,20220218,20220218,112401500,11:24:01,681,7570,96749,506642450,0,0,0
i2206,20220218,20220218,112404500,11:24:04,681,7570,96749,506642450,0,0,0
i2206,20220218,20220218,112405000,11:24:05,681,7570,96749,506642450,0,0,0
i2206,20220218,20220218,112405500,11:24:05,681,7570,96749,506642450,0,0,0
i2206,20220218,20220218,112406000,11:24:06,681,7570,96749,506642450,0,0,0
i2206,20220218,20220218,112406500,11:24:06,681,7570,96749,506642450,0,0,0
i2206,20220218,20220218,112407000,11:24:07,681,7570,96749,506642450,0,0,0
i2206,20220218,20220218,112407500,11:24:08,681,7570,96749,506642450,0,0,0
i2206,20220218,20220218,112408000,11:24:08,681,7570,96749,506642450,0,0,0
i2206,20220218,20220218,112408500,11:24:08,681,7570,96749,506642450,0,0,0
i2206,20220218,20220218,112409000,11:24:09,681,7570,96749,506642450,0,0,0
i2206,20220218,20220218,112409500,11:24:11,681,7570,96749,506642450,0,0,0
i2206,20220218,20220218,112410000,11:24:12,681,7570,96749,506642450,0,0,0
i2206,20220218,20220218,112410500,11:24:12,681,7570,96749,506642450,0,0,0
i2206,20220218,20220218,112411500,11:24:12,681,7570,96749,506642450,0,0,0
i2206,20220218,20220218,112412000,11:24:12,681,7570,96749,506642450,0,0,0
i2206,20220218,20220218,112412500,11:24:12,681,7570,96749,506642450,0,0,0
i2206,20220218,20220218,112413000,11:24:13,681,7570,96749,506642450,0,0,0
i2206,20220218,20220218,112414000,11:24:14,681,7570,96749,506642450,0,0,0
i2206,20220218,20220218,112414500,11:24:15,681,7570,96749,506642450,0,0,0
i2206,20220218,20220218,112415000,11:24:15,681,7570,96749,506642450,0,0,0
i2206,20220218,20220218,112415500,11:24:15,681,7570,96749,506642450,0,0,0
i2206,20220218,20220218,112416000,11:24:16,681,7570,96749,506642450,0,0,0
i2206,20220218,20220218,112417000,11:24:17,681,7570,96749,506642450,0,0,0
i2206,20220218,20220218,112418000,11:24:18,681,7570,96749,506642450,0,0,0
i2206,20220218,20220218,112418500,11:24:19,681,7570,96749,506642450,0,0,0
i2206,20220218,20220218,112419000,11:24:19,681,7570,96749,506642450,0,0,0
i2206,20220218,20220218,112419500,11:24:20,681,7570,96749,506642450,0,0,0
i2206,20220218,20220218,112420000,11:24:20,681,7570,96749,506642450,0,0,0
i2206,20220218,20220218,112420500,11:24:20,681,7570,96749,506642450,0,0,0
i2206,20220218,20220218,112421000,11:24:21,681,7570,96749,506642450,0,0,0
i2206,20220218,20220218,112421500,11:24:22,681,7570,96749,506642450,0,0,0
i2206,20220218,20220218,112422000,11:24:22,681,7570,96749,506642450,0,0,0
i2206,20220218,20220218,112422500,11:24:23,681,7570,96749,506642450,0,0,0
i2206,20220218,20220218,112423000,11:24:23,681,7570,96749,506642450,0,0,0
i2206,20220218,20220218,112423500,11:24:23,681,7570,96749,506642450,0,0,0
i2206,20220218,20220218,112424000,11:24:24,681,7570,96749,506642450,0,0,0
i2206,20220218,20220218,112425000,11:24:25,681,7570,96749,506642450,0,0,0
i2206,20220218,20220218,112425500,11:24:25,681,7570,96749,506642450,0,0,0
i2206,20220218,20220218,112426000,11:24:26,681,7570,96749,506642450,0,0,0
i2206,20220218,20220218,112426500,11:24:26,681,7570,96749,506642450,0,0,0
i2206,20220218,20220218,112427000,11:24:27,681,7570,96749,506642450,0,0,0
i2206,20220218,20220218,112427500,11:24:28,681,7570,96749,506642450,0,0,0
i2206,20220218,20220218,112428000,11:24:28,681,7570,96749,506642450,0,0,0
i2206,20220218,20220218,112428500,11:24:28,681,7570,96749,506642450,0,0,0
i2206,20220218,20220218,112429000,11:24:29,681,7570,96749,506642450,0,0,0
i2206,20220218,20220218,112429500,11:24:29,681,7570,96749,506642450,0,0,0
i2206,20220218,20220218,112430000,11:24:30,681,7570,96749,506642450,0,0,0
i2206,20220218,20220218,112430500,11:24:30,681,7570,96749,506642450,0,0,0
i2206,20220218,20220218,112431000,11:24:31,681,7570,96749,506642450,0,0,0
i2206,20220218,20220218,112431500,11:24:31,681,7570,96749,506642450,0,0,0
i2206,20220218,20220218,112432000,11:24:32,681,7570,96749,506642450,0,0,0
i2206,20220218,20220218,112432500,11:24:32,681,7570,96749,506642450,0,0,0
i2206,20220218,20220218,112433000,11:24:33,681,7570,96749,506642450,0,0,0
i2206,20220218,20220218,112433500,11:24:33,681,7570,96749,506642450,0,0,0
i2206,20220218,20220218,112434000,11:24:34,681,7570,96749,506642450,0,0,0
i2206,20220218,20220218,112434500,11:24:34,681,7570,96749,506642450,0,0,0
i2206,20220218,20220218,112435000,11:24:35,681,7570,96749,506642450,0,0,0
i2206,20220218,20220218,112435500,11:24:35,681,7570,96749,506642450,0,0,0
i2206,20220218,20220218,112436000,11:24:36,681,7570,96749,506642450,0,0,0
i2206,20220218,20220218,112436500,11:24:36,681,7570,96749,506642450,0,0,0
i2206,20220218,20220218,112437000,11:24:37,681,7570,96749,506642450,0,0,0
i2206,20220218,20220218,112437500,11:24:39,681,7570,96749,506642450,0,0,0
i2206,20220218,20220218,112438000,11:24:39,681,7570,96749,506642450,0,0,0
i2206,20220218,20220218,112438500,11:24:39,681,7570,96749,506642450,0,0,0
i2206,20220218,20220218,112439000,11:24:40,681,7570,96749,506642450,0,0,0
i2206,20220218,20220218,112439500,11:24:40,681,7570,96749,506642450,0,0,0
i2206,20220218,20220218,112440000,11:24:40,681,7570,96749,506642450,0,0,0
i2206,20220218,20220218,112440500,11:24:40,681,7570,96749,506642450,0,0,0
i2206,20220218,20220218,112441000,11:24:41,681,7570,96749,506642450,0,0,0
i2206,20220218,20220218,112441500,11:24:41,681,7570,96749,506642450,0,0,0
i2206,20220218,20220218,112442000,11:24:42,681,7570,96749,506642450,0,0,0
i2206,20220218,20220218,112442500,11:24:42,681,7570,96749,506642450,0,0,0
i2206,20220218,20220218,112443000,11:24:43,681,7570,96749,506642450,0,0,0
i2206,20220218,20220218,112443500,11:24:43,681,7570,96749,506642450,0,0,0
i2206,20220218,20220218,112444000,11:24:44,681,7570,96749,506642450,0,0,0
i2206,20220218,20220218,112444500,11:24:44,681,7570,96749,506642450,0,0,0
i2206,20220218,20220218,112450500,11:24:50,681,7570,96749,506642450,0,0,0
i2206,20220218,20220218,112451500,11:24:52,681,7570,96749,506642450,0,0,0
i2206,20220218,20220218,112456000,11:24:56,681,7570,96749,506642450,0,0,0
i2206,20220218,20220218,112456500,11:24:56,681,7570,96749,506642450,0,0,0
i2206,20220218,20220218,112457000,11:24:57,681,7572,96748,506778600,2,-1,136150
i2206,20220218,20220218,112457500,11:24:57,680.5,7573,96747,506846650,1,-1,68050
i2206,20220218,20220218,112458000,11:24:58,680.5,7573,96747,506846650,0,0,0
i2206,20220218,20220218,112458500,11:24:58,680.5,7573,96747,506846650,0,0,0
i2206,20220218,20220218,112459000,11:24:59,680.5,7573,96747,506846650,0,0,0
i2206,20220218,20220218,112459500,11:24:59,680.5,7573,96747,506846650,0,0,0
i2206,20220218,20220218,112500500,11:25:01,680.5,7573,96747,506846650,0,0,0
i2206,20220218,20220218,112501000,11:25:02,680.5,7573,96747,506846650,0,0,0
i2206,20220218,20220218,112501500,11:25:04,680.5,7573,96747,506846650,0,0,0
i2206,20220218,20220218,112502500,11:25:06,680.5,7573,96747,506846650,0,0,0
i2206,20220218,20220218,112504500,11:25:06,680.5,7573,96747,506846650,0,0,0
i2206,20220218,20220218,112505500,11:25:06,680.5,7573,96747,506846650,0,0,0
i2206,20220218,20220218,112506000,11:25:06,680.5,7573,96747,506846650,0,0,0
i2206,20220218,20220218,112506500,11:25:07,680.5,7573,96747,506846650,0,0,0
i2206,20220218,20220218,112507000,11:25:07,680.5,7573,96747,506846650,0,0,0
i2206,20220218,20220218,112507500,11:25:07,680.5,7573,96747,506846650,0,0,0
i2206,20220218,20220218,112508000,11:25:08,680.5,7573,96747,506846650,0,0,0
i2206,20220218,20220218,112508500,11:25:08,680.5,7573,96747,506846650,0,0,0
i2206,20220218,20220218,112509000,11:25:09,680.5,7573,96747,506846650,0,0,0
i2206,20220218,20220218,112509500,11:25:09,680.5,7573,96747,506846650,0,0,0
i2206,20220218,20220218,112510000,11:25:10,680.5,7573,96747,506846650,0,0,0
i2206,20220218,20220218,112510500,11:25:10,680.5,7573,96747,506846650,0,0,0
i2206,20220218,20220218,112511000,11:25:11,680.5,7573,96747,506846650,0,0,0
i2206,20220218,20220218,112511500,11:25:11,680.5,7573,96747,506846650,0,0,0
i2206,20220218,20220218,112512000,11:25:12,680.5,7573,96747,506846650,0,0,0
i2206,20220218,20220218,112512500,11:25:12,681.5,7574,96747,506914800,1,0,68150
i2206,20220218,20220218,112513000,11:25:13,681.5,7574,96747,506914800,0,0,0
i2206,20220218,20220218,112513500,11:25:15,681.5,7574,96747,506914800,0,0,0
i2206,20220218,20220218,112514000,11:25:15,681.5,7574,96747,506914800,0,0,0
i2206,20220218,20220218,112514500,11:25:15,681.5,7574,96747,506914800,0,0,0
i2206,20220218,20220218,112515000,11:25:16,681.5,7574,96747,506914800,0,0,0
i2206,20220218,20220218,112515500,11:25:16,681.5,7574,96747,506914800,0,0,0
i2206,20220218,20220218,112517000,11:25:18,681.5,7574,96747,506914800,0,0,0
i2206,20220218,20220218,112517500,11:25:18,681.5,7574,96747,506914800,0,0,0
i2206,20220218,20220218,112518000,11:25:19,681.5,7574,96747,506914800,0,0,0
i2206,20220218,20220218,112518500,11:25:19,681.5,7574,96747,506914800,0,0,0
i2206,20220218,20220218,112519000,11:25:19,681.5,7574,96747,506914800,0,0,0
i2206,20220218,20220218,112519500,11:25:19,681.5,7574,96747,506914800,0,0,0
i2206,20220218,20220218,112520000,11:25:20,681.5,7574,96747,506914800,0,0,0
i2206,20220218,20220218,112520500,11:25:21,681.5,7574,96747,506914800,0,0,0
i2206,20220218,20220218,112521000,11:25:21,681.5,7574,96747,506914800,0,0,0
i2206,20220218,20220218,112521500,11:25:22,681.5,7574,96747,506914800,0,0,0
i2206,20220218,20220218,112522000,11:25:22,681.5,7574,96747,506914800,0,0,0
i2206,20220218,20220218,112522500,11:25:23,681.5,7575,96747,506982950,1,0,68150
i2206,20220218,20220218,112523000,11:25:23,681.5,7575,96747,506982950,0,0,0
i2206,20220218,20220218,112523500,11:25:24,681.5,7575,96747,506982950,0,0,0
i2206,20220218,20220218,112524000,11:25:25,681.5,7575,96747,506982950,0,0,0
i2206,20220218,20220218,112524500,11:25:25,681.5,7575,96747,506982950,0,0,0
i2206,20220218,20220218,112525000,11:25:25,681.5,7575,96747,506982950,0,0,0
i2206,20220218,20220218,112525500,11:25:26,681.5,7575,96747,506982950,0,0,0
i2206,20220218,20220218,112526000,11:25:26,681.5,7575,96747,506982950,0,0,0
i2206,20220218,20220218,112526500,11:25:27,681.5,7575,96747,506982950,0,0,0
i2206,20220218,20220218,112527000,11:25:28,681.5,7575,96747,506982950,0,0,0
i2206,20220218,20220218,112527500,11:25:28,681.5,7575,96747,506982950,0,0,0
i2206,20220218,20220218,112528500,11:25:28,681.5,7575,96747,506982950,0,0,0
i2206,20220218,20220218,112529000,11:25:29,681.5,7575,96747,506982950,0,0,0
i2206,20220218,20220218,112529500,11:25:30,681.5,7575,96747,506982950,0,0,0
i2206,20220218,20220218,112530000,11:25:31,681,7577,96747,507119150,2,0,136200
i2206,20220218,20220218,112530500,11:25:31,681,7577,96747,507119150,0,0,0
i2206,20220218,20220218,112531000,11:25:31,681,7577,96747,507119150,0,0,0
i2206,20220218,20220218,112531500,11:25:32,681,7577,96747,507119150,0,0,0
i2206,20220218,20220218,112532000,11:25:32,681,7577,96747,507119150,0,0,0
i2206,20220218,20220218,112536000,11:25:37,681,7577,96747,507119150,0,0,0
i2206,20220218,20220218,112537000,11:25:38,681,7577,96747,507119150,0,0,0
i2206,20220218,20220218,112538500,11:25:39,681,7577,96747,507119150,0,0,0
i2206,20220218,20220218,112539000,11:25:39,681,7577,96747,507119150,0,0,0
i2206,20220218,20220218,112539500,11:25:40,681,7577,96747,507119150,0,0,0
i2206,20220218,20220218,112540000,11:25:40,681,7577,96747,507119150,0,0,0
i2206,20220218,20220218,112540500,11:25:41,681,7577,96747,507119150,0,0,0
i2206,20220218,20220218,112542000,11:25:42,681,7577,96747,507119150,0,0,0
i2206,20220218,20220218,112543000,11:25:43,681,7577,96747,507119150,0,0,0
i2206,20220218,20220218,112543500,11:25:43,681,7577,96747,507119150,0,0,0
i2206,20220218,20220218,112544000,11:25:44,681,7577,96747,507119150,0,0,0
i2206,20220218,20220218,112544500,11:25:44,681,7577,96747,507119150,0,0,0
i2206,20220218,20220218,112545000,11:25:45,681,7577,96747,507119150,0,0,0
i2206,20220218,20220218,112545500,11:25:46,681,7577,96747,507119150,0,0,0
i2206,20220218,20220218,112546000,11:25:47,681,7577,96747,507119150,0,0,0
i2206,20220218,20220218,112546500,11:25:47,681,7577,96747,507119150,0,0,0
i2206,20220218,20220218,112547000,11:25:48,681,7577,96747,507119150,0,0,0
i2206,20220218,20220218,112548000,11:25:48,681,7577,96747,507119150,0,0,0
i2206,20220218,20220218,112548500,11:25:48,681,7577,96747,507119150,0,0,0
i2206,20220218,20220218,112549000,11:25:49,681,7577,96747,507119150,0,0,0
i2206,20220218,20220218,112549500,11:25:49,681,7577,96747,507119150,0,0,0
i2206,20220218,20220218,112550000,11:25:50,681,7577,96747,507119150,0,0,0
i2206,20220218,20220218,112550500,11:25:51,681,7577,96747,507119150,0,0,0
i2206,20220218,20220218,112551000,11:25:51,681,7577,96747,507119150,0,0,0
i2206,20220218,20220218,112551500,11:25:51,681,7577,96747,507119150,0,0,0
i2206,20220218,20220218,112552000,11:25:52,681,7577,96747,507119150,0,0,0
i2206,20220218,20220218,112552500,11:25:52,681,7577,96747,507119150,0,0,0
i2206,20220218,20220218,112553500,11:25:54,681,7577,96747,507119150,0,0,0
i2206,20220218,20220218,112554000,11:25:54,681,7577,96747,507119150,0,0,0
i2206,20220218,20220218,112554500,11:25:55,681,7577,96747,507119150,0,0,0
i2206,20220218,20220218,112555000,11:25:55,681,7577,96747,507119150,0,0,0
i2206,20220218,20220218,112555500,11:25:56,681,7577,96747,507119150,0,0,0
i2206,20220218,20220218,112556000,11:25:57,681,7577,96747,507119150,0,0,0
i2206,20220218,20220218,112556500,11:25:57,681,7577,96747,507119150,0,0,0
i2206,20220218,20220218,112557000,11:25:57,681,7577,96747,507119150,0,0,0
i2206,20220218,20220218,112557500,11:25:57,681,7577,96747,507119150,0,0,0
i2206,20220218,20220218,112558500,11:25:59,681,7577,96747,507119150,0,0,0
i2206,20220218,20220218,112559000,11:26:00,681,7577,96747,507119150,0,0,0
i2206,20220218,20220218,112559500,11:26:00,681,7577,96747,507119150,0,0,0
i2206,20220218,20220218,112600000,11:26:00,681,7577,96747,507119150,0,0,0
i2206,20220218,20220218,112600500,11:26:01,681,7577,96747,507119150,0,0,0
i2206,20220218,20220218,112601500,11:26:03,681,7577,96747,507119150,0,0,0
i2206,20220218,20220218,112602000,11:26:03,681,7577,96747,507119150,0,0,0
i2206,20220218,20220218,112602500,11:26:03,681,7577,96747,507119150,0,0,0
i2206,20220218,20220218,112603000,11:26:03,681,7577,96747,507119150,0,0,0
i2206,20220218,20220218,112603500,11:26:03,681,7577,96747,507119150,0,0,0
i2206,20220218,20220218,112604000,11:26:05,681,7577,96747,507119150,0,0,0
i2206,20220218,20220218,112605000,11:26:05,681,7577,96747,507119150,0,0,0
i2206,20220218,20220218,112605500,11:26:06,681,7577,96747,507119150,0,0,0
i2206,20220218,20220218,112606000,11:26:06,681,7577,96747,507119150,0,0,0
i2206,20220218,20220218,112606500,11:26:07,681,7577,96747,507119150,0,0,0
i2206,20220218,20220218,112607000,11:26:09,681,7577,96747,507119150,0,0,0
i2206,20220218,20220218,112607500,11:26:09,681,7577,96747,507119150,0,0,0
i2206,20220218,20220218,112609000,11:26:10,681,7577,96747,507119150,0,0,0
i2206,20220218,20220218,112609500,11:26:10,681,7577,96747,507119150,0,0,0
i2206,20220218,20220218,112610000,11:26:10,681,7577,96747,507119150,0,0,0
i2206,20220218,20220218,112610500,11:26:11,681,7577,96747,507119150,0,0,0
i2206,20220218,20220218,112611000,11:26:11,681,7577,96747,507119150,0,0,0
i2206,20220218,20220218,112612500,11:26:14,681,7577,96747,507119150,0,0,0
i2206,20220218,20220218,112613500,11:26:15,681,7577,96747,507119150,0,0,0
i2206,20220218,20220218,112617000,11:26:17,681,7577,96747,507119150,0,0,0
i2206,20220218,20220218,112618000,11:26:18,681,7577,96747,507119150,0,0,0
i2206,20220218,20220218,112618500,11:26:18,681,7577,96747,507119150,0,0,0
i2206,20220218,20220218,112619500,11:26:20,681,7577,96747,507119150,0,0,0
i2206,20220218,20220218,112620000,11:26:20,681,7577,96747,507119150,0,0,0
i2206,20220218,20220218,112620500,11:26:20,681,7577,96747,507119150,0,0,0
i2206,20220218,20220218,112621000,11:26:21,681,7578,96747,507187250,1,0,68100
i2206,20220218,20220218,112621500,11:26:21,681,7578,96747,507187250,0,0,0
i2206,20220218,20220218,112622000,11:26:22,681,7578,96747,507187250,0,0,0
i2206,20220218,20220218,112624000,11:26:24,681,7578,96747,507187250,0,0,0
i2206,20220218,20220218,112624500,11:26:24,681,7578,96747,507187250,0,0,0
i2206,20220218,20220218,112625000,11:26:25,681,7578,96747,507187250,0,0,0
i2206,20220218,20220218,112625500,11:26:25,681,7578,96747,507187250,0,0,0
i2206,20220218,20220218,112627500,11:26:27,681,7578,96747,507187250,0,0,0
i2206,20220218,20220218,112628000,11:26:28,681,7578,96747,507187250,0,0,0
i2206,20220218,20220218,112632000,11:26:32,681,7578,96747,507187250,0,0,0
i2206,20220218,20220218,112636000,11:26:38,681,7578,96747,507187250,0,0,0
i2206,20220218,20220218,112638000,11:27:10,681,7578,96747,507187250,0,0,0
i2206,20220218,20220218,112653000,11:27:11,681,7578,96747,507187250,0,0,0
i2206,20220218,20220218,112710000,11:27:12,681,7578,96747,507187250,0,0,0
i2206,20220218,20220218,112710500,11:27:12,681,7578,96747,507187250,0,0,0
i2206,20220218,20220218,112712000,11:27:12,681,7578,96747,507187250,0,0,0
i2206,20220218,20220218,112712500,11:27:13,681,7578,96747,507187250,0,0,0
i2206,20220218,20220218,112713000,11:27:14,681,7578,96747,507187250,0,0,0
i2206,20220218,20220218,112715500,11:27:16,681,7578,96747,507187250,0,0,0
i2206,20220218,20220218,112716000,11:27:17,681,7578,96747,507187250,0,0,0
i2206,20220218,20220218,112716500,11:27:17,681,7578,96747,507187250,0,0,0
i2206,20220218,20220218,112717000,11:27:17,681,7578,96747,507187250,0,0,0
i2206,20220218,20220218,112717500,11:27:17,681,7578,96747,507187250,0,0,0
i2206,20220218,20220218,112718000,11:27:18,681,7578,96747,507187250,0,0,0
i2206,20220218,20220218,112718500,11:27:19,681,7578,96747,507187250,0,0,0
i2206,20220218,20220218,112720500,11:27:21,681,7578,96747,507187250,0,0,0
i2206,20220218,20220218,112721000,11:27:21,681,7578,96747,507187250,0,0,0
i2206,20220218,20220218,112721500,11:27:22,681,7578,96747,507187250,0,0,0
i2206,20220218,20220218,112722000,11:27:22,681,7578,96747,507187250,0,0,0
i2206,20220218,20220218,112722500,11:27:22,681,7578,96747,507187250,0,0,0
i2206,20220218,20220218,112723000,11:27:26,681,7578,96747,507187250,0,0,0
i2206,20220218,20220218,112723500,11:27:27,681,7578,96747,507187250,0,0,0
i2206,20220218,20220218,112724000,11:27:27,681,7578,96747,507187250,0,0,0
i2206,20220218,20220218,112726500,11:27:27,681,7578,96747,507187250,0,0,0
i2206,20220218,20220218,112727000,11:27:27,681,7578,96747,507187250,0,0,0
i2206,20220218,20220218,112727500,11:27:27,681,7578,96747,507187250,0,0,0
i2206,20220218,20220218,112729500,11:27:29,681,7578,96747,507187250,0,0,0
i2206,20220218,20220218,112730000,11:27:30,681,7578,96747,507187250,0,0,0
i2206,20220218,20220218,112730500,11:27:31,681,7578,96747,507187250,0,0,0
i2206,20220218,20220218,112731000,11:27:33,681,7578,96747,507187250,0,0,0
i2206,20220218,20220218,112731500,11:27:35,681,7578,96747,507187250,0,0,0
i2206,20220218,20220218,112732000,11:27:36,681,7578,96747,507187250,0,0,0
i2206,20220218,20220218,112732500,11:27:36,681,7578,96747,507187250,0,0,0
i2206,20220218,20220218,112735500,11:27:36,681,7578,96747,507187250,0,0,0
i2206,20220218,20220218,112736500,11:27:38,681,7578,96747,507187250,0,0,0
i2206,20220218,20220218,112737000,11:27:38,681,7578,96747,507187250,0,0,0
i2206,20220218,20220218,112737500,11:27:38,681,7578,96747,507187250,0,0,0
i2206,20220218,20220218,112738000,11:27:39,681,7578,96747,507187250,0,0,0
i2206,20220218,20220218,112740000,11:27:40,681,7578,96747,507187250,0,0,0
i2206,20220218,20220218,112740500,11:27:40,681,7578,96747,507187250,0,0,0
i2206,20220218,20220218,112741000,11:27:41,681,7578,96747,507187250,0,0,0
i2206,20220218,20220218,112741500,11:27:42,681,7578,96747,507187250,0,0,0
i2206,20220218,20220218,112742000,11:27:42,681,7578,96747,507187250,0,0,0
i2206,20220218,20220218,112742500,11:27:43,681,7578,96747,507187250,0,0,0
i2206,20220218,20220218,112743000,11:27:43,681,7578,96747,507187250,0,0,0
i2206,20220218,20220218,112743500,11:27:43,681,7578,96747,507187250,0,0,0
i2206,20220218,20220218,112744000,11:27:44,681,7578,96747,507187250,0,0,0
i2206,20220218,20220218,112744500,11:27:45,681,7578,96747,507187250,0,0,0
i2206,20220218,20220218,112745000,11:27:45,681,7578,96747,507187250,0,0,0
i2206,20220218,20220218,112745500,11:27:46,681,7578,96747,507187250,0,0,0
i2206,20220218,20220218,112746000,11:27:46,681,7578,96747,507187250,0,0,0
i2206,20220218,20220218,112746500,11:27:47,681,7578,96747,507187250,0,0,0
i2206,20220218,20220218,112747000,11:27:47,681,7578,96747,507187250,0,0,0
i2206,20220218,20220218,112747500,11:27:47,681,7578,96747,507187250,0,0,0
i2206,20220218,20220218,112748000,11:27:53,681,7578,96747,507187250,0,0,0
i2206,20220218,20220218,112749500,11:27:54,681,7578,96747,507187250,0,0,0
i2206,20220218,20220218,112754000,11:27:54,681,7578,96747,507187250,0,0,0
i2206,20220218,20220218,112754500,11:27:54,681,7578,96747,507187250,0,0,0
i2206,20220218,20220218,112755000,11:27:55,681,7578,96747,507187250,0,0,0
i2206,20220218,20220218,112755500,11:27:55,681,7578,96747,507187250,0,0,0
i2206,20220218,20220218,112756500,11:27:56,681,7578,96747,507187250,0,0,0
i2206,20220218,20220218,112757500,11:27:57,681,7578,96747,507187250,0,0,0
i2206,20220218,20220218,112758000,11:27:58,681,7578,96747,507187250,0,0,0
i2206,20220218,20220218,112801000,11:28:01,681,7578,96747,507187250,0,0,0
i2206,20220218,20220218,112801500,11:28:02,681,7578,96747,507187250,0,0,0
i2206,20220218,20220218,112802000,11:28:03,681,7578,96747,507187250,0,0,0
i2206,20220218,20220218,112803000,11:28:04,681,7578,96747,507187250,0,0,0
i2206,20220218,20220218,112803500,11:28:04,681,7578,96747,507187250,0,0,0
i2206,20220218,20220218,112804000,11:28:04,681,7578,96747,507187250,0,0,0
i2206,20220218,20220218,112805000,11:28:06,681,7578,96747,507187250,0,0,0
i2206,20220218,20220218,112805500,11:28:06,681,7578,96747,507187250,0,0,0
i2206,20220218,20220218,112806000,11:28:10,681,7578,96747,507187250,0,0,0
i2206,20220218,20220218,112806500,11:28:10,681,7578,96747,507187250,0,0,0
i2206,20220218,20220218,112807000,11:28:10,681,7578,96747,507187250,0,0,0
i2206,20220218,20220218,112807500,11:28:11,681,7578,96747,507187250,0,0,0
i2206,20220218,20220218,112810000,11:28:11,681,7578,96747,507187250,0,0,0
i2206,20220218,20220218,112810500,11:28:12,681,7578,96747,507187250,0,0,0
i2206,20220218,20220218,112811000,11:28:12,681,7578,96747,507187250,0,0,0
i2206,20220218,20220218,112811500,11:28:12,681,7578,96747,507187250,0,0,0
i2206,20220218,20220218,112812000,11:28:13,681,7578,96747,507187250,0,0,0
i2206,20220218,20220218,112812500,11:28:13,681,7578,96747,507187250,0,0,0
i2206,20220218,20220218,112813000,11:28:13,681,7578,96747,507187250,0,0,0
i2206,20220218,20220218,112813500,11:28:14,681,7578,96747,507187250,0,0,0
i2206,20220218,20220218,112814000,11:28:14,681,7578,96747,507187250,0,0,0
i2206,20220218,20220218,112814500,11:28:14,681,7578,96747,507187250,0,0,0
i2206,20220218,20220218,112815000,11:28:15,681,7578,96747,507187250,0,0,0
i2206,20220218,20220218,112815500,11:28:15,681,7578,96747,507187250,0,0,0
i2206,20220218,20220218,112816000,11:28:16,681,7578,96747,507187250,0,0,0
i2206,20220218,20220218,112816500,11:28:16,681,7578,96747,507187250,0,0,0
i2206,20220218,20220218,112817000,11:28:17,681,7578,96747,507187250,0,0,0
i2206,20220218,20220218,112817500,11:28:17,681,7578,96747,507187250,0,0,0
i2206,20220218,20220218,112818000,11:28:18,681,7578,96747,507187250,0,0,0
i2206,20220218,20220218,112818500,11:28:18,681,7578,96747,507187250,0,0,0
i2206,20220218,20220218,112819000,11:28:19,681,7578,96747,507187250,0,0,0
i2206,20220218,20220218,112819500,11:28:19,681,7578,96747,507187250,0,0,0
i2206,20220218,20220218,112820000,11:28:20,681,7578,96747,507187250,0,0,0
i2206,20220218,20220218,112820500,11:28:20,681,7578,96747,507187250,0,0,0
i2206,20220218,20220218,112821000,11:28:21,681,7578,96747,507187250,0,0,0
i2206,20220218,20220218,112821500,11:28:22,681,7578,96747,507187250,0,0,0
i2206,20220218,20220218,112822500,11:28:22,681,7578,96747,507187250,0,0,0
i2206,20220218,20220218,112823000,11:28:23,681,7578,96747,507187250,0,0,0
i2206,20220218,20220218,112823500,11:28:24,681,7578,96747,507187250,0,0,0
i2206,20220218,20220218,112825000,11:28:25,681,7578,96747,507187250,0,0,0
i2206,20220218,20220218,112825500,11:28:25,683,7586,96744,507733100,8,-3,545850
i2206,20220218,20220218,112826000,11:28:26,683,7586,96744,507733100,0,0,0
i2206,20220218,20220218,112826500,11:28:27,683,7586,96744,507733100,0,0,0
i2206,20220218,20220218,112827000,11:28:27,683,7587,96743,507801400,1,-1,68300
i2206,20220218,20220218,112827500,11:28:27,683,7587,96743,507801400,0,0,0
i2206,20220218,20220218,112828000,11:28:28,683,7587,96743,507801400,0,0,0
i2206,20220218,20220218,112828500,11:28:28,682.5,7589,96743,507937900,2,0,136500
i2206,20220218,20220218,112829000,11:28:29,682.5,7589,96743,507937900,0,0,0
i2206,20220218,20220218,112829500,11:28:30,682.5,7589,96743,507937900,0,0,0
i2206,20220218,20220218,112830500,11:28:31,682.5,7589,96743,507937900,0,0,0
i2206,20220218,20220218,112831000,11:28:31,682.5,7589,96743,507937900,0,0,0
i2206,20220218,20220218,112832500,11:28:33,682.5,7589,96743,507937900,0,0,0
i2206,20220218,20220218,112833000,11:28:33,682.5,7589,96743,507937900,0,0,0
i2206,20220218,20220218,112833500,11:28:33,682.5,7589,96743,507937900,0,0,0
i2206,20220218,20220218,112834000,11:28:34,682.5,7589,96743,507937900,0,0,0
i2206,20220218,20220218,112834500,11:28:34,682.5,7589,96743,507937900,0,0,0
i2206,20220218,20220218,112835000,11:28:35,682.5,7589,96743,507937900,0,0,0
i2206,20220218,20220218,112835500,11:28:36,682.5,7589,96743,507937900,0,0,0
i2206,20220218,20220218,112836000,11:28:37,682.5,7589,96743,507937900,0,0,0
i2206,20220218,20220218,112836500,11:28:37,682.5,7589,96743,507937900,0,0,0
i2206,20220218,20220218,112837000,11:28:37,682.5,7589,96743,507937900,0,0,0
i2206,20220218,20220218,112838500,11:28:38,682.5,7589,96743,507937900,0,0,0
i2206,20220218,20220218,112839000,11:28:40,682.5,7589,96743,507937900,0,0,0
i2206,20220218,20220218,112840000,11:28:40,682.5,7589,96743,507937900,0,0,0
i2206,20220218,20220218,112841000,11:28:41,682.5,7589,96743,507937900,0,0,0
i2206,20220218,20220218,112841500,11:28:41,682.5,7589,96743,507937900,0,0,0
i2206,20220218,20220218,112842500,11:28:43,682.5,7589,96743,507937900,0,0,0
i2206,20220218,20220218,112843500,11:28:44,682.5,7589,96743,507937900,0,0,0
i2206,20220218,20220218,112847500,11:28:48,682.5,7589,96743,507937900,0,0,0
i2206,20220218,20220218,112848500,11:28:48,682.5,7589,96743,507937900,0,0,0
i2206,20220218,20220218,112850000,11:28:50,682.5,7589,96743,507937900,0,0,0
i2206,20220218,20220218,112850500,11:28:50,682.5,7589,96743,507937900,0,0,0
i2206,20220218,20220218,112851000,11:28:51,682.5,7589,96743,507937900,0,0,0
i2206,20220218,20220218,112851500,11:28:52,682.5,7589,96743,507937900,0,0,0
i2206,20220218,20220218,112852000,11:28:53,682.5,7589,96743,507937900,0,0,0
i2206,20220218,20220218,112852500,11:28:54,682.5,7589,96743,507937900,0,0,0
i2206,20220218,20220218,112853000,11:28:54,682.5,7589,96743,507937900,0,0,0
i2206,20220218,20220218,112853500,11:28:54,682.5,7589,96743,507937900,0,0,0
i2206,20220218,20220218,112854000,11:28:54,682.5,7589,96743,507937900,0,0,0
i2206,20220218,20220218,112855000,11:28:55,682.5,7589,96743,507937900,0,0,0
i2206,20220218,20220218,112855500,11:28:56,682.5,7589,96743,507937900,0,0,0
i2206,20220218,20220218,112856000,11:28:56,682.5,7589,96743,507937900,0,0,0
i2206,20220218,20220218,112856500,11:28:56,682.5,7589,96743,507937900,0,0,0
i2206,20220218,20220218,112857000,11:28:57,682.5,7589,96743,507937900,0,0,0
i2206,20220218,20220218,112857500,11:28:58,682.5,7589,96743,507937900,0,0,0
i2206,20220218,20220218,112858000,11:28:58,682.5,7589,96743,507937900,0,0,0
i2206,20220218,20220218,112858500,11:28:59,682.5,7589,96743,507937900,0,0,0
i2206,20220218,20220218,112859000,11:28:59,682.5,7589,96743,507937900,0,0,0
i2206,20220218,20220218,112859500,11:29:00,682.5,7589,96743,507937900,0,0,0
i2206,20220218,20220218,112900000,11:29:00,682.5,7589,96743,507937900,0,0,0
i2206,20220218,20220218,112900500,11:29:01,682.5,7589,96743,507937900,0,0,0
i2206,20220218,20220218,112901000,11:29:01,682.5,7589,96743,507937900,0,0,0
i2206,20220218,20220218,112901500,11:29:01,682.5,7589,96743,507937900,0,0,0
i2206,20220218,20220218,112902000,11:29:02,682.5,7592,96740,508142650,3,-3,204750
i2206,20220218,20220218,112902500,11:29:03,682.5,7597,96735,508483900,5,-5,341250
i2206,20220218,20220218,112903000,11:29:03,682.5,7597,96735,508483900,0,0,0
i2206,20220218,20220218,112903500,11:29:04,682.5,7597,96735,508483900,0,0,0
i2206,20220218,20220218,112905000,11:29:05,682.5,7597,96735,508483900,0,0,0
i2206,20220218,20220218,112907000,11:29:08,682.5,7597,96735,508483900,0,0,0
i2206,20220218,20220218,112907500,11:29:08,682.5,7597,96735,508483900,0,0,0
i2206,20220218,20220218,112908000,11:29:08,682.5,7597,96735,508483900,0,0,0
i2206,20220218,20220218,112908500,11:29:08,682.5,7599,96735,508620400,2,0,136500
i2206,20220218,20220218,112909000,11:29:09,682.5,7599,96735,508620400,0,0,0
i2206,20220218,20220218,112909500,11:29:09,682.5,7599,96735,508620400,0,0,0
i2206,20220218,20220218,112910000,11:29:10,682.5,7599,96735,508620400,0,0,0
i2206,20220218,20220218,112910500,11:29:11,682.5,7599,96735,508620400,0,0,0
i2206,20220218,20220218,112911000,11:29:11,682.5,7599,96735,508620400,0,0,0
i2206,20220218,20220218,112911500,11:29:12,682.5,7599,96735,508620400,0,0,0
i2206,20220218,20220218,112912000,11:29:12,682.5,7599,96735,508620400,0,0,0
i2206,20220218,20220218,112912500,11:29:12,682.5,7599,96735,508620400,0,0,0
i2206,20220218,20220218,112913000,11:29:13,682.5,7599,96735,508620400,0,0,0
i2206,20220218,20220218,112913500,11:29:14,682.5,7599,96735,508620400,0,0,0
i2206,20220218,20220218,112914000,11:29:14,682.5,7599,96735,508620400,0,0,0
i2206,20220218,20220218,112914500,11:29:15,682.5,7599,96735,508620400,0,0,0
i2206,20220218,20220218,112915000,11:29:15,682.5,7599,96735,508620400,0,0,0
i2206,20220218,20220218,112915500,11:29:16,682.5,7599,96735,508620400,0,0,0
i2206,20220218,20220218,112916000,11:29:16,682.5,7599,96735,508620400,0,0,0
i2206,20220218,20220218,112916500,11:29:20,682.5,7599,96735,508620400,0,0,0
i2206,20220218,20220218,112917000,11:29:20,682.5,7599,96735,508620400,0,0,0
i2206,20220218,20220218,112917500,11:29:21,682.5,7599,96735,508620400,0,0,0
i2206,20220218,20220218,112918000,11:29:21,682.5,7599,96735,508620400,0,0,0
i2206,20220218,20220218,112920500,11:29:21,682.5,7599,96735,508620400,0,0,0
i2206,20220218,20220218,112921000,11:29:22,682.5,7599,96735,508620400,0,0,0
i2206,20220218,20220218,112921500,11:29:24,682.5,7599,96735,508620400,0,0,0
i2206,20220218,20220218,112922000,11:29:24,682.5,7599,96735,508620400,0,0,0
i2206,20220218,20220218,112922500,11:29:24,682.5,7599,96735,508620400,0,0,0
i2206,20220218,20220218,112923000,11:29:24,682.5,7599,96735,508620400,0,0,0
i2206,20220218,20220218,112924000,11:29:24,682.5,7599,96735,508620400,0,0,0
i2206,20220218,20220218,112924500,11:29:25,682.5,7599,96735,508620400,0,0,0
i2206,20220218,20220218,112925000,11:29:25,682.5,7599,96735,508620400,0,0,0
i2206,20220218,20220218,112925500,11:29:25,682.5,7599,96735,508620400,0,0,0
i2206,20220218,20220218,112926000,11:29:26,682.5,7599,96735,508620400,0,0,0
i2206,20220218,20220218,112926500,11:29:26,682.5,7599,96735,508620400,0,0,0
i2206,20220218,20220218,112927000,11:29:27,682.5,7599,96735,508620400,0,0,0
i2206,20220218,20220218,112927500,11:29:27,682.5,7599,96735,508620400,0,0,0
i2206,20220218,20220218,112928000,11:29:28,682.5,7599,96735,508620400,0,0,0
i2206,20220218,20220218,112928500,11:29:29,682.5,7599,96735,508620400,0,0,0
i2206,20220218,20220218,112929000,11:29:29,682.5,7599,96735,508620400,0,0,0
i2206,20220218,20220218,112929500,11:29:29,682.5,7599,96735,508620400,0,0,0
i2206,20220218,20220218,112930000,11:29:30,682.5,7599,96735,508620400,0,0,0
i2206,20220218,20220218,112930500,11:29:31,682.5,7599,96735,508620400,0,0,0
i2206,20220218,20220218,112931000,11:29:32,682.5,7599,96735,508620400,0,0,0
i2206,20220218,20220218,112931500,11:29:32,682.5,7599,96735,508620400,0,0,0
i2206,20220218,20220218,112932000,11:29:32,682.5,7599,96735,508620400,0,0,0
i2206,20220218,20220218,112932500,11:29:37,682.5,7599,96735,508620400,0,0,0
i2206,20220218,20220218,112933000,11:29:37,682.5,7599,96735,508620400,0,0,0
i2206,20220218,20220218,112936500,11:29:38,682.5,7599,96735,508620400,0,0,0
i2206,20220218,20220218,112937000,11:29:38,682.5,7599,96735,508620400,0,0,0
i2206,20220218,20220218,112938000,11:29:38,682,7600,96735,508688600,1,0,68200
i2206,20220218,20220218,112939500,11:29:40,682,7600,96735,508688600,0,0,0
i2206,20220218,20220218,112940000,11:29:40,682,7600,96735,508688600,0,0,0
i2206,20220218,20220218,112940500,11:29:40,682,7600,96735,508688600,0,0,0
i2206,20220218,20220218,112941000,11:29:41,682,7600,96735,508688600,0,0,0
i2206,20220218,20220218,112941500,11:29:42,682,7600,96735,508688600,0,0,0
i2206,20220218,20220218,112942000,11:29:44,682,7600,96735,508688600,0,0,0
i2206,20220218,20220218,112942500,11:29:44,682,7600,96735,508688600,0,0,0
i2206,20220218,20220218,112943000,11:29:45,682,7600,96735,508688600,0,0,0
i2206,20220218,20220218,112943500,11:29:45,682,7600,96735,508688600,0,0,0
i2206,20220218,20220218,112944000,11:29:45,682,7600,96735,508688600,0,0,0
i2206,20220218,20220218,112944500,11:29:45,682,7600,96735,508688600,0,0,0
i2206,20220218,20220218,112945000,11:29:46,682,7600,96735,508688600,0,0,0
i2206,20220218,20220218,112945500,11:29:46,682,7600,96735,508688600,0,0,0
i2206,20220218,20220218,112946000,11:29:46,682,7600,96735,508688600,0,0,0
i2206,20220218,20220218,112946500,11:29:47,682,7600,96735,508688600,0,0,0
i2206,20220218,20220218,112947000,11:29:47,682,7600,96735,508688600,0,0,0
i2206,20220218,20220218,112947500,11:29:48,682,7600,96735,508688600,0,0,0
i2206,20220218,20220218,112948000,11:29:49,682,7600,96735,508688600,0,0,0
i2206,20220218,20220218,112948500,11:29:50,682,7600,96735,508688600,0,0,0
i2206,20220218,20220218,112949000,11:29:50,682,7600,96735,508688600,0,0,0
i2206,20220218,20220218,112949500,11:29:50,682,7600,96735,508688600,0,0,0
i2206,20220218,20220218,112950000,11:29:51,682,7600,96735,508688600,0,0,0
i2206,20220218,20220218,112950500,11:29:52,682,7600,96735,508688600,0,0,0
i2206,20220218,20220218,112951000,11:29:52,682,7600,96735,508688600,0,0,0
i2206,20220218,20220218,112952000,11:29:53,682,7600,96735,508688600,0,0,0
i2206,20220218,20220218,112953000,11:29:53,682,7600,96735,508688600,0,0,0
i2206,20220218,20220218,112954500,11:29:54,682,7601,96734,508756800,1,-1,68200
i2206,20220218,20220218,112955000,11:29:55,682,7601,96734,508756800,0,0,0
i2206,20220218,20220218,112956000,11:30:00,682,7601,96734,508756800,0,0,0
i2206,20220218,20220218,112956500,11:30:00,682,7601,96734,508756800,0,0,0
i2206,20220218,20220218,112957000,11:30:02,682,7601,96734,508756800,0,0,0
i2206,20220218,20220218,112957500,11:30:02,682,7601,96734,508756800,0,0,0
i2206,20220218,20220218,112959500,11:30:02,682,7601,96734,508756800,0,0,0
i2206,20220218,20220218,113001000,11:30:03,682,7601,96734,508756800,0,0,0
i2206,20220218,20220218,113001500,11:30:03,682,7601,96734,508756800,0,0,0
i2206,20220218,20220218,133001500,13:30:02,682,7601,96734,508756800,0,0,0
i2206,20220218,20220218,133002000,13:30:08,682,7601,96734,508756800,0,0,0
i2206,20220218,20220218,133002500,13:30:09,682,7601,96734,508756800,0,0,0
i2206,20220218,20220218,133008000,13:30:10,682,7601,96734,508756800,0,0,0
i2206,20220218,20220218,133008500,13:30:10,682,7601,96734,508756800,0,0,0
i2206,20220218,20220218,133009500,13:30:10,682,7601,96734,508756800,0,0,0
i2206,20220218,20220218,133010000,13:30:11,683.5,7607,96734,509167150,6,0,410350
i2206,20220218,20220218,133010500,13:30:12,683.5,7607,96734,509167150,0,0,0
i2206,20220218,20220218,133011000,13:30:13,683.5,7607,96734,509167150,0,0,0
i2206,20220218,20220218,133011500,13:30:13,683.5,7607,96734,509167150,0,0,0
i2206,20220218,20220218,133012500,13:30:13,683.5,7607,96734,509167150,0,0,0
i2206,20220218,20220218,133013000,13:30:14,683.5,7607,96734,509167150,0,0,0
i2206,20220218,20220218,133013500,13:30:14,683.5,7607,96734,509167150,0,0,0
i2206,20220218,20220218,133014000,13:30:16,683.5,7607,96734,509167150,0,0,0
i2206,20220218,20220218,133014500,13:30:17,683.5,7607,96734,509167150,0,0,0
i2206,20220218,20220218,133015000,13:30:18,683.5,7607,96734,509167150,0,0,0
i2206,20220218,20220218,133016500,13:30:18,683.5,7607,96734,509167150,0,0,0
i2206,20220218,20220218,133017000,13:30:18,683.5,7607,96734,509167150,0,0,0
i2206,20220218,20220218,133017500,13:30:19,683.5,7607,96734,509167150,0,0,0
i2206,20220218,20220218,133018000,13:30:19,683.5,7607,96734,509167150,0,0,0
i2206,20220218,20220218,133018500,13:30:20,683.5,7607,96734,509167150,0,0,0
i2206,20220218,20220218,133019000,13:30:20,683.5,7607,96734,509167150,0,0,0
i2206,20220218,20220218,133019500,13:30:21,683.5,7607,96734,509167150,0,0,0
i2206,20220218,20220218,133020000,13:30:21,683.5,7607,96734,509167150,0,0,0
i2206,20220218,20220218,133022500,13:30:38,683.5,7607,96734,509167150,0,0,0
i2206,20220218,20220218,133023000,13:30:38,683.5,7607,96734,509167150,0,0,0
i2206,20220218,20220218,133038000,13:30:40,684,7619,96732,509987950,12,-2,820800
i2206,20220218,20220218,133038500,13:30:42,684,7619,96732,509987950,0,0,0
i2206,20220218,20220218,133039000,13:30:42,684,7619,96732,509987950,0,0,0
i2206,20220218,20220218,133041500,13:30:44,684,7619,96732,509987950,0,0,0
i2206,20220218,20220218,133043000,13:30:44,684,7619,96732,509987950,0,0,0
i2206,20220218,20220218,133043500,13:30:45,684,7619,96732,509987950,0,0,0
i2206,20220218,20220218,133044000,13:30:46,684,7619,96732,509987950,0,0,0
i2206,20220218,20220218,133044500,13:30:46,684,7619,96732,509987950,0,0,0
i2206,20220218,20220218,133045000,13:30:46,684,7619,96732,509987950,0,0,0
i2206,20220218,20220218,133045500,13:30:46,684,7619,96732,509987950,0,0,0
i2206,20220218,20220218,133046000,13:30:47,684,7619,96732,509987950,0,0,0
i2206,20220218,20220218,133046500,13:30:47,684,7619,96732,509987950,0,0,0
i2206,20220218,20220218,133047000,13:30:48,684,7619,96732,509987950,0,0,0
i2206,20220218,20220218,133047500,13:30:48,684,7619,96732,509987950,0,0,0
i2206,20220218,20220218,133048000,13:30:48,684,7619,96732,509987950,0,0,0
i2206,20220218,20220218,133048500,13:30:49,684,7619,96732,509987950,0,0,0
i2206,20220218,20220218,133049000,13:30:50,684,7619,96732,509987950,0,0,0
i2206,20220218,20220218,133050500,13:30:52,684,7619,96732,509987950,0,0,0
i2206,20220218,20220218,133051000,13:30:52,684,7619,96732,509987950,0,0,0
i2206,20220218,20220218,133051500,13:30:52,684,7619,96732,509987950,0,0,0
i2206,20220218,20220218,133052000,13:30:53,684,7619,96732,509987950,0,0,0
i2206,20220218,20220218,133052500,13:30:54,684,7619,96732,509987950,0,0,0
i2206,20220218,20220218,133053000,13:30:54,684,7619,96732,509987950,0,0,0
i2206,20220218,20220218,133053500,13:30:54,684,7619,96732,509987950,0,0,0
i2206,20220218,20220218,133054000,13:30:55,684,7619,96732,509987950,0,0,0
i2206,20220218,20220218,133054500,13:30:55,684,7619,96732,509987950,0,0,0
i2206,20220218,20220218,133055000,13:30:56,684,7619,96732,509987950,0,0,0
i2206,20220218,20220218,133055500,13:30:56,684,7619,96732,509987950,0,0,0
i2206,20220218,20220218,133056000,13:30:57,684,7619,96732,509987950,0,0,0
i2206,20220218,20220218,133056500,13:30:57,684.5,7620,96732,510056400,1,0,68450
i2206,20220218,20220218,133057000,13:30:58,684.5,7620,96732,510056400,0,0,0
i2206,20220218,20220218,133057500,13:30:58,684.5,7620,96732,510056400,0,0,0
i2206,20220218,20220218,133058000,13:30:58,684.5,7620,96732,510056400,0,0,0
i2206,20220218,20220218,133058500,13:30:59,684.5,7620,96732,510056400,0,0,0
i2206,20220218,20220218,133059000,13:30:59,685.5,7639,96733,511358450,19,1,1302050
i2206,20220218,20220218,133059500,13:31:00,686.5,7641,96734,511495700,2,1,137250
i2206,20220218,20220218,133100000,13:31:00,686,7653,96729,512318900,12,-5,823200
i2206,20220218,20220218,133100500,13:31:00,686,7655,96729,512456100,2,0,137200
i2206,20220218,20220218,133101000,13:31:01,686,7655,96729,512456100,0,0,0
i2206,20220218,20220218,133101500,13:31:01,686,7669,96725,513415850,14,-4,959750
i2206,20220218,20220218,133102000,13:31:02,685.5,7673,96728,513690050,4,3,274200
i2206,20220218,20220218,133102500,13:31:03,685.5,7673,96728,513690050,0,0,0
i2206,20220218,20220218,133103000,13:31:03,685.5,7673,96728,513690050,0,0,0
i2206,20220218,20220218,133103500,13:31:05,685.5,7673,96728,513690050,0,0,0
i2206,20220218,20220218,133104000,13:31:06,685.5,7673,96728,513690050,0,0,0
i2206,20220218,20220218,133104500,13:31:07,685.5,7673,96728,513690050,0,0,0
i2206,20220218,20220218,133105500,13:31:08,685.5,7673,96728,513690050,0,0,0
i2206,20220218,20220218,133106000,13:31:08,685.5,7673,96728,513690050,0,0,0
i2206,20220218,20220218,133107000,13:31:08,685.5,7673,96728,513690050,0,0,0
i2206,20220218,20220218,133107500,13:31:09,685.5,7673,96728,513690050,0,0,0
i2206,20220218,20220218,133108500,13:31:09,685,7674,96727,513758550,1,-1,68500
i2206,20220218,20220218,133109000,13:31:09,685,7674,96727,513758550,0,0,0
i2206,20220218,20220218,133109500,13:31:10,685,7674,96727,513758550,0,0,0
i2206,20220218,20220218,133110000,13:31:11,685,7674,96727,513758550,0,0,0
i2206,20220218,20220218,133110500,13:31:11,685,7674,96727,513758550,0,0,0
i2206,20220218,20220218,133111000,13:31:12,685,7674,96727,513758550,0,0,0
i2206,20220218,20220218,133111500,13:31:12,685,7674,96727,513758550,0,0,0
i2206,20220218,20220218,133112000,13:31:12,685,7674,96727,513758550,0,0,0
i2206,20220218,20220218,133112500,13:31:13,685,7674,96727,513758550,0,0,0
i2206,20220218,20220218,133113500,13:31:14,684.5,7675,96726,513827000,1,-1,68450
i2206,20220218,20220218,133114000,13:31:15,684.5,7675,96726,513827000,0,0,0
i2206,20220218,20220218,133114500,13:31:15,684.5,7675,96726,513827000,0,0,0
i2206,20220218,20220218,133115500,13:31:16,684.5,7675,96726,513827000,0,0,0
i2206,20220218,20220218,133116000,13:31:16,684.5,7675,96726,513827000,0,0,0
i2206,20220218,20220218,133117500,13:31:18,684.5,7675,96726,513827000,0,0,0
i2206,20220218,20220218,133118000,13:31:19,684.5,7675,96726,513827000,0,0,0
i2206,20220218,20220218,133118500,13:31:19,684.5,7675,96726,513827000,0,0,0
i2206,20220218,20220218,133119000,13:31:20,684.5,7675,96726,513827000,0,0,0
i2206,20220218,20220218,133119500,13:31:20,684.5,7675,96726,513827000,0,0,0
i2206,20220218,20220218,133120000,13:31:20,684.5,7675,96726,513827000,0,0,0
i2206,20220218,20220218,133120500,13:31:21,684.5,7675,96726,513827000,0,0,0
i2206,20220218,20220218,133121000,13:31:21,684.5,7675,96726,513827000,0,0,0
i2206,20220218,20220218,133124500,13:31:25,684.5,7675,96726,513827000,0,0,0
i2206,20220218,20220218,133157500,13:31:57,684.5,7675,96726,513827000,0,0,0
i2206,20220218,20220218,133158500,13:31:58,684.5,7675,96726,513827000,0,0,0
i2206,20220218,20220218,133159000,13:31:59,684.5,7675,96726,513827000,0,0,0
i2206,20220218,20220218,133159500,13:32:00,684.5,7675,96726,513827000,0,0,0
i2206,20220218,20220218,133200500,13:32:01,684.5,7675,96726,513827000,0,0,0
i2206,20220218,20220218,133201000,13:32:01,684.5,7675,96726,513827000,0,0,0
i2206,20220218,20220218,133202000,13:32:03,684.5,7675,96726,513827000,0,0,0
i2206,20220218,20220218,133202500,13:32:04,684.5,7675,96726,513827000,0,0,0
i2206,20220218,20220218,133205000,13:32:06,684.5,7675,96726,513827000,0,0,0
i2206,20220218,20220218,133209000,13:32:10,684.5,7675,96726,513827000,0,0,0
i2206,20220218,20220218,133209500,13:32:10,684.5,7675,96726,513827000,0,0,0
i2206,20220218,20220218,133210000,13:32:11,684.5,7675,96726,513827000,0,0,0
i2206,20220218,20220218,133210500,13:32:13,683.5,7684,96725,514442250,9,-1,615250
i2206,20220218,20220218,133211000,13:32:14,683,7693,96724,515056950,9,-1,614700
i2206,20220218,20220218,133212000,13:32:15,683,7693,96724,515056950,0,0,0
i2206,20220218,20220218,133214000,13:32:15,683,7693,96724,515056950,0,0,0
i2206,20220218,20220218,133215000,13:32:16,683,7693,96724,515056950,0,0,0
i2206,20220218,20220218,133217000,13:32:17,683,7693,96724,515056950,0,0,0
i2206,20220218,20220218,133219000,13:32:20,683,7693,96724,515056950,0,0,0
i2206,20220218,20220218,133219500,13:32:20,683,7693,96724,515056950,0,0,0
i2206,20220218,20220218,133220000,13:32:21,683,7693,96724,515056950,0,0,0
i2206,20220218,20220218,133220500,13:32:21,683,7693,96724,515056950,0,0,0
i2206,20220218,20220218,133221000,13:32:21,683,7693,96724,515056950,0,0,0
i2206,20220218,20220218,133221500,13:32:22,683,7693,96724,515056950,0,0,0
i2206,20220218,20220218,133222000,13:32:23,683,7693,96724,515056950,0,0,0
i2206,20220218,20220218,133222500,13:32:23,683,7693,96724,515056950,0,0,0
i2206,20220218,20220218,133224000,13:32:24,683,7693,96724,515056950,0,0,0
i2206,20220218,20220218,133224500,13:32:25,683,7693,96724,515056950,0,0,0
i2206,20220218,20220218,133225000,13:32:25,683,7693,96724,515056950,0,0,0
i2206,20220218,20220218,133225500,13:32:26,683,7693,96724,515056950,0,0,0
i2206,20220218,20220218,133226000,13:32:27,683,7693,96724,515056950,0,0,0
i2206,20220218,20220218,133226500,13:32:27,683,7693,96724,515056950,0,0,0
i2206,20220218,20220218,133227000,13:32:27,683,7693,96724,515056950,0,0,0
i2206,20220218,20220218,133227500,13:32:32,683,7693,96724,515056950,0,0,0
i2206,20220218,20220218,133228000,13:32:32,683,7693,96724,515056950,0,0,0
i2206,20220218,20220218,133228500,13:32:32,683,7693,96724,515056950,0,0,0
i2206,20220218,20220218,133229000,13:32:33,683,7693,96724,515056950,0,0,0
i2206,20220218,20220218,133231500,13:32:35,683,7693,96724,515056950,0,0,0
i2206,20220218,20220218,133234000,13:32:35,683,7693,96724,515056950,0,0,0
i2206,20220218,20220218,133235500,13:32:36,683,7693,96724,515056950,0,0,0
i2206,20220218,20220218,133236000,13:32:37,683,7693,96724,515056950,0,0,0
i2206,20220218,20220218,133236500,13:32:37,683,7693,96724,515056950,0,0,0
i2206,20220218,20220218,133237000,13:32:37,683,7693,96724,515056950,0,0,0
i2206,20220218,20220218,133237500,13:32:38,683,7693,96724,515056950,0,0,0
i2206,20220218,20220218,133238500,13:32:39,683,7693,96724,515056950,0,0,0
i2206,20220218,20220218,133239000,13:32:39,683,7693,96724,515056950,0,0,0
i2206,20220218,20220218,133239500,13:32:40,683,7693,96724,515056950,0,0,0
i2206,20220218,20220218,133241000,13:32:41,683,7693,96724,515056950,0,0,0
i2206,20220218,20220218,133242000,13:32:42,683,7693,96724,515056950,0,0,0
i2206,20220218,20220218,133242500,13:32:42,683,7693,96724,515056950,0,0,0
i2206,20220218,20220218,133243000,13:32:43,683,7693,96724,515056950,0,0,0
i2206,20220218,20220218,133243500,13:32:43,683,7693,96724,515056950,0,0,0
i2206,20220218,20220218,133244000,13:32:44,683,7693,96724,515056950,0,0,0
i2206,20220218,20220218,133244500,13:32:45,683,7693,96724,515056950,0,0,0
i2206,20220218,20220218,133245000,13:32:45,683,7693,96724,515056950,0,0,0
i2206,20220218,20220218,133245500,13:32:45,683,7693,96724,515056950,0,0,0
i2206,20220218,20220218,133246000,13:32:47,683,7693,96724,515056950,0,0,0
i2206,20220218,20220218,133246500,13:32:47,683,7693,96724,515056950,0,0,0
i2206,20220218,20220218,133247000,13:32:47,683,7694,96725,515125250,1,1,68300
i2206,20220218,20220218,133247500,13:32:48,683,7694,96725,515125250,0,0,0
i2206,20220218,20220218,133248000,13:32:49,683,7694,96725,515125250,0,0,0
i2206,20220218,20220218,133248500,13:32:49,683,7694,96725,515125250,0,0,0
i2206,20220218,20220218,133249000,13:32:49,683,7694,96725,515125250,0,0,0
i2206,20220218,20220218,133249500,13:32:50,683,7694,96725,515125250,0,0,0
i2206,20220218,20220218,133250000,13:32:50,683,7694,96725,515125250,0,0,0
i2206,20220218,20220218,133250500,13:32:52,683,7694,96725,515125250,0,0,0
i2206,20220218,20220218,133251000,13:32:52,683,7694,96725,515125250,0,0,0
i2206,20220218,20220218,133251500,13:32:53,683,7694,96725,515125250,0,0,0
i2206,20220218,20220218,133252500,13:32:53,683,7694,96725,515125250,0,0,0
i2206,20220218,20220218,133253000,13:32:53,683,7694,96725,515125250,0,0,0
i2206,20220218,20220218,133253500,13:32:54,683,7694,96725,515125250,0,0,0
i2206,20220218,20220218,133254000,13:32:54,683,7694,96725,515125250,0,0,0
i2206,20220218,20220218,133254500,13:32:55,683,7694,96725,515125250,0,0,0
i2206,20220218,20220218,133255000,13:32:55,683,7694,96725,515125250,0,0,0
i2206,20220218,20220218,133255500,13:32:55,683,7694,96725,515125250,0,0,0
i2206,20220218,20220218,133256000,13:32:56,683,7694,96725,515125250,0,0,0
i2206,20220218,20220218,133256500,13:32:57,683,7694,96725,515125250,0,0,0
i2206,20220218,20220218,133257000,13:32:59,683,7694,96725,515125250,0,0,0
i2206,20220218,20220218,133257500,13:33:00,683,7694,96725,515125250,0,0,0
i2206,20220218,20220218,133258000,13:33:00,683,7694,96725,515125250,0,0,0
i2206,20220218,20220218,133259500,13:33:01,683,7694,96725,515125250,0,0,0
i2206,20220218,20220218,133300000,13:33:01,683,7694,96725,515125250,0,0,0
i2206,20220218,20220218,133300500,13:33:01,683,7694,96725,515125250,0,0,0
i2206,20220218,20220218,133301000,13:33:02,683,7694,96725,515125250,0,0,0
i2206,20220218,20220218,133301500,13:33:02,683,7694,96725,515125250,0,0,0
i2206,20220218,20220218,133302000,13:33:03,683,7694,96725,515125250,0,0,0
i2206,20220218,20220218,133302500,13:33:03,683,7694,96725,515125250,0,0,0
i2206,20220218,20220218,133303000,13:33:04,683,7694,96725,515125250,0,0,0
i2206,20220218,20220218,133303500,13:33:04,683,7694,96725,515125250,0,0,0
i2206,20220218,20220218,133304000,13:33:04,683,7694,96725,515125250,0,0,0
i2206,20220218,20220218,133304500,13:33:05,683,7694,96725,515125250,0,0,0
i2206,20220218,20220218,133305000,13:33:05,683,7694,96725,515125250,0,0,0
i2206,20220218,20220218,133305500,13:33:06,683,7694,96725,515125250,0,0,0
i2206,20220218,20220218,133306000,13:33:06,683,7694,96725,515125250,0,0,0
i2206,20220218,20220218,133306500,13:33:06,683,7694,96725,515125250,0,0,0
i2206,20220218,20220218,133307000,13:33:07,683,7694,96725,515125250,0,0,0
i2206,20220218,20220218,133307500,13:33:08,683,7694,96725,515125250,0,0,0
i2206,20220218,20220218,133308000,13:33:08,683,7694,96725,515125250,0,0,0
i2206,20220218,20220218,133308500,13:33:09,683,7694,96725,515125250,0,0,0
i2206,20220218,20220218,133309000,13:33:09,683,7694,96725,515125250,0,0,0
i2206,20220218,20220218,133309500,13:33:11,683,7694,96725,515125250,0,0,0
i2206,20220218,20220218,133310500,13:33:12,683,7694,96725,515125250,0,0,0
i2206,20220218,20220218,133311000,13:33:13,683,7694,96725,515125250,0,0,0
i2206,20220218,20220218,133311500,13:33:14,683,7694,96725,515125250,0,0,0
i2206,20220218,20220218,133312000,13:33:14,683,7694,96725,515125250,0,0,0
i2206,20220218,20220218,133313500,13:33:15,683,7694,96725,515125250,0,0,0
i2206,20220218,20220218,133314000,13:33:17,683,7694,96725,515125250,0,0,0
i2206,20220218,20220218,133314500,13:33:17,683,7694,96725,515125250,0,0,0
i2206,20220218,20220218,133315000,13:33:18,683,7694,96725,515125250,0,0,0
i2206,20220218,20220218,133317000,13:33:18,683,7694,96725,515125250,0,0,0
i2206,20220218,20220218,133319000,13:33:20,683,7694,96725,515125250,0,0,0
i2206,20220218,20220218,133319500,13:33:20,683,7694,96725,515125250,0,0,0
i2206,20220218,20220218,133320000,13:33:21,683,7694,96725,515125250,0,0,0
i2206,20220218,20220218,133320500,13:33:22,683,7694,96725,515125250,0,0,0
i2206,20220218,20220218,133321000,13:33:22,683,7694,96725,515125250,0,0,0
i2206,20220218,20220218,133321500,13:33:22,683,7694,96725,515125250,0,0,0
i2206,20220218,20220218,133322000,13:33:22,683,7694,96725,515125250,0,0,0
i2206,20220218,20220218,133322500,13:33:22,683,7694,96725,515125250,0,0,0
i2206,20220218,20220218,133323000,13:33:23,683,7694,96725,515125250,0,0,0
i2206,20220218,20220218,133323500,13:33:24,683,7694,96725,515125250,0,0,0
i2206,20220218,20220218,133324000,13:33:24,683,7694,96725,515125250,0,0,0
i2206,20220218,20220218,133324500,13:33:25,683,7694,96725,515125250,0,0,0
i2206,20220218,20220218,133325000,13:33:26,683,7694,96725,515125250,0,0,0
i2206,20220218,20220218,133325500,13:33:26,683,7694,96725,515125250,0,0,0
i2206,20220218,20220218,133326000,13:33:28,683,7694,96725,515125250,0,0,0
i2206,20220218,20220218,133326500,13:33:29,683,7694,96725,515125250,0,0,0
i2206,20220218,20220218,133330000,13:33:30,683,7694,96725,515125250,0,0,0
i2206,20220218,20220218,133330500,13:33:31,683,7694,96725,515125250,0,0,0
i2206,20220218,20220218,133331000,13:33:32,683,7694,96725,515125250,0,0,0
i2206,20220218,20220218,133331500,13:33:32,683,7694,96725,515125250,0,0,0
i2206,20220218,20220218,133332000,13:33:32,683,7694,96725,515125250,0,0,0
i2206,20220218,20220218,133332500,13:33:33,683,7694,96725,515125250,0,0,0
i2206,20220218,20220218,133333000,13:33:33,683,7694,96725,515125250,0,0,0
i2206,20220218,20220218,133333500,13:33:34,683,7694,96725,515125250,0,0,0
i2206,20220218,20220218,133334000,13:33:34,683,7694,96725,515125250,0,0,0
i2206,20220218,20220218,133334500,13:33:34,683.5,7708,96722,516082150,14,-3,956900
i2206,20220218,20220218,133335000,13:33:35,683.5,7708,96722,516082150,0,0,0
i2206,20220218,20220218,133335500,13:33:35,683.5,7708,96722,516082150,0,0,0
i2206,20220218,20220218,133336000,13:33:36,683.5,7712,96726,516355550,4,4,273400
i2206,20220218,20220218,133336500,13:33:36,683.5,7712,96726,516355550,0,0,0
i2206,20220218,20220218,133337000,13:33:37,683.5,7712,96726,516355550,0,0,0
i2206,20220218,20220218,133337500,13:33:37,683.5,7712,96726,516355550,0,0,0
i2206,20220218,20220218,133340000,13:33:40,683.5,7712,96726,516355550,0,0,0
i2206,20220218,20220218,133340500,13:33:41,683.5,7712,96726,516355550,0,0,0
i2206,20220218,20220218,133341000,13:33:41,683.5,7712,96726,516355550,0,0,0
i2206,20220218,20220218,133341500,13:33:42,683.5,7712,96726,516355550,0,0,0
i2206,20220218,20220218,133342000,13:33:42,683.5,7712,96726,516355550,0,0,0
i2206,20220218,20220218,133342500,13:33:42,683.5,7712,96726,516355550,0,0,0
i2206,20220218,20220218,133343000,13:33:43,683.5,7712,96726,516355550,0,0,0
i2206,20220218,20220218,133343500,13:33:44,683.5,7712,96726,516355550,0,0,0
i2206,20220218,20220218,133344000,13:33:45,683.5,7712,96726,516355550,0,0,0
i2206,20220218,20220218,133344500,13:33:45,683.5,7712,96726,516355550,0,0,0
i2206,20220218,20220218,133345000,13:33:45,683.5,7712,96726,516355550,0,0,0
i2206,20220218,20220218,133346500,13:33:48,683.5,7712,96726,516355550,0,0,0
i2206,20220218,20220218,133347000,13:33:48,683.5,7712,96726,516355550,0,0,0
i2206,20220218,20220218,133347500,13:33:49,683.5,7712,96726,516355550,0,0,0
i2206,20220218,20220218,133348000,13:33:49,683.5,7712,96726,516355550,0,0,0
i2206,20220218,20220218,133348500,13:33:49,683.5,7712,96726,516355550,0,0,0
i2206,20220218,20220218,133349000,13:33:50,683.5,7712,96726,516355550,0,0,0
i2206,20220218,20220218,133349500,13:33:50,683.5,7712,96726,516355550,0,0,0
i2206,20220218,20220218,133350000,13:33:50,683.5,7712,96726,516355550,0,0,0
i2206,20220218,20220218,133350500,13:33:50,683.5,7712,96726,516355550,0,0,0
i2206,20220218,20220218,133351000,13:33:51,683.5,7712,96726,516355550,0,0,0
i2206,20220218,20220218,133351500,13:33:52,683.5,7712,96726,516355550,0,0,0
i2206,20220218,20220218,133352000,13:33:52,683.5,7712,96726,516355550,0,0,0
i2206,20220218,20220218,133352500,13:33:52,683.5,7712,96726,516355550,0,0,0
i2206,20220218,20220218,133353000,13:33:53,683.5,7712,96726,516355550,0,0,0
i2206,20220218,20220218,133354000,13:33:54,683.5,7712,96726,516355550,0,0,0
i2206,20220218,20220218,133354500,13:33:55,683.5,7712,96726,516355550,0,0,0
i2206,20220218,20220218,133355000,13:33:56,683.5,7712,96726,516355550,0,0,0
i2206,20220218,20220218,133355500,13:33:56,683.5,7712,96726,516355550,0,0,0
i2206,20220218,20220218,133356000,13:33:57,683.5,7712,96726,516355550,0,0,0
i2206,20220218,20220218,133356500,13:33:57,683.5,7712,96726,516355550,0,0,0
i2206,20220218,20220218,133357000,13:33:58,683.5,7712,96726,516355550,0,0,0
i2206,20220218,20220218,133357500,13:33:58,683.5,7712,96726,516355550,0,0,0
i2206,20220218,20220218,133358000,13:33:58,683.5,7712,96726,516355550,0,0,0
i2206,20220218,20220218,133358500,13:33:58,683.5,7712,96726,516355550,0,0,0
i2206,20220218,20220218,133359000,13:33:59,683.5,7712,96726,516355550,0,0,0
i2206,20220218,20220218,133359500,13:33:59,683.5,7712,96726,516355550,0,0,0
i2206,20220218,20220218,133400000,13:34:00,683.5,7712,96726,516355550,0,0,0
i2206,20220218,20220218,133400500,13:34:00,683.5,7712,96726,516355550,0,0,0
i2206,20220218,20220218,133401000,13:34:01,683.5,7712,96726,516355550,0,0,0
i2206,20220218,20220218,133401500,13:34:02,683.5,7712,96726,516355550,0,0,0
i2206,20220218,20220218,133402000,13:34:10,683.5,7712,96726,516355550,0,0,0
i2206,20220218,20220218,133402500,13:34:10,683.5,7712,96726,516355550,0,0,0
i2206,20220218,20220218,133403000,13:34:10,683.5,7712,96726,516355550,0,0,0
i2206,20220218,20220218,133403500,13:34:11,683.5,7712,96726,516355550,0,0,0
i2206,20220218,20220218,133410000,13:34:12,683.5,7712,96726,516355550,0,0,0
i2206,20220218,20220218,133410500,13:34:12,683.5,7712,96726,516355550,0,0,0
i2206,20220218,20220218,133411500,13:34:12,683.5,7712,96726,516355550,0,0,0
i2206,20220218,20220218,133412000,13:34:13,683.5,7712,96726,516355550,0,0,0
i2206,20220218,20220218,133412500,13:34:13,683.5,7712,96726,516355550,0,0,0
i2206,20220218,20220218,133413000,13:34:13,683.5,7712,96726,516355550,0,0,0
i2206,20220218,20220218,133413500,13:34:14,683.5,7712,96726,516355550,0,0,0
i2206,20220218,20220218,133415000,13:34:15,683.5,7712,96726,516355550,0,0,0
i2206,20220218,20220218,133415500,13:34:16,683.5,7712,96726,516355550,0,0,0
i2206,20220218,20220218,133416000,13:34:16,683.5,7712,96726,516355550,0,0,0
i2206,20220218,20220218,133416500,13:34:17,683.5,7712,96726,516355550,0,0,0
i2206,20220218,20220218,133417000,13:34:17,683.5,7712,96726,516355550,0,0,0
i2206,20220218,20220218,133417500,13:34:17,683.5,7712,96726,516355550,0,0,0
i2206,20220218,20220218,133418000,13:34:18,683.5,7712,96726,516355550,0,0,0
i2206,20220218,20220218,133418500,13:34:19,683.5,7712,96726,516355550,0,0,0
i2206,20220218,20220218,133419000,13:34:19,683.5,7712,96726,516355550,0,0,0
i2206,20220218,20220218,133419500,13:34:20,683.5,7712,96726,516355550,0,0,0
i2206,20220218,20220218,133420000,13:34:20,683.5,7712,96726,516355550,0,0,0
i2206,20220218,20220218,133420500,13:34:23,683.5,7712,96726,516355550,0,0,0
i2206,20220218,20220218,133421000,13:34:23,683.5,7712,96726,516355550,0,0,0
i2206,20220218,20220218,133421500,13:34:23,683.5,7712,96726,516355550,0,0,0
i2206,20220218,20220218,133423000,13:34:24,683.5,7712,96726,516355550,0,0,0
i2206,20220218,20220218,133423500,13:34:24,683.5,7712,96726,516355550,0,0,0
i2206,20220218,20220218,133425500,13:34:26,683.5,7712,96726,516355550,0,0,0
i2206,20220218,20220218,133428000,13:34:28,683.5,7712,96726,516355550,0,0,0
i2206,20220218,20220218,133429000,13:34:29,683.5,7712,96726,516355550,0,0,0
i2206,20220218,20220218,133430000,13:34:30,683.5,7712,96726,516355550,0,0,0
i2206,20220218,20220218,133430500,13:34:30,683.5,7712,96726,516355550,0,0,0
i2206,20220218,20220218,133431000,13:34:31,683.5,7712,96726,516355550,0,0,0
i2206,20220218,20220218,133431500,13:34:31,683.5,7712,96726,516355550,0,0,0
i2206,20220218,20220218,133432000,13:34:32,683.5,7712,96726,516355550,0,0,0
i2206,20220218,20220218,133432500,13:34:32,683.5,7712,96726,516355550,0,0,0
i2206,20220218,20220218,133433500,13:34:34,683.5,7712,96726,516355550,0,0,0
i2206,20220218,20220218,133434000,13:34:34,683.5,7712,96726,516355550,0,0,0
i2206,20220218,20220218,133434500,13:34:35,683.5,7712,96726,516355550,0,0,0
i2206,20220218,20220218,133436000,13:34:36,683.5,7712,96726,516355550,0,0,0
i2206,20220218,20220218,133436500,13:34:36,683.5,7712,96726,516355550,0,0,0
i2206,20220218,20220218,133437000,13:34:37,683,7713,96726,516423850,1,0,68300
i2206,20220218,20220218,133437500,13:34:38,683,7713,96726,516423850,0,0,0
i2206,20220218,20220218,133438500,13:34:39,683,7713,96726,516423850,0,0,0
i2206,20220218,20220218,133439000,13:34:39,683,7713,96726,516423850,0,0,0
i2206,20220218,20220218,133439500,13:34:40,682.5,7729,96726,517515850,16,0,1092000
i2206,20220218,20220218,133440500,13:34:41,682.5,7729,96726,517515850,0,0,0
i2206,20220218,20220218,133441000,13:34:41,682.5,7729,96726,517515850,0,0,0
i2206,20220218,20220218,133441500,13:34:43,682.5,7729,96726,517515850,0,0,0
i2206,20220218,20220218,133442000,13:34:44,682.5,7729,96726,517515850,0,0,0
i2206,20220218,20220218,133442500,13:34:44,682.5,7729,96726,517515850,0,0,0
i2206,20220218,20220218,133443000,13:34:45,682.5,7729,96726,517515850,0,0,0
i2206,20220218,20220218,133443500,13:34:45,682.5,7729,96726,517515850,0,0,0
i2206,20220218,20220218,133446000,13:34:46,682.5,7729,96726,517515850,0,0,0
i2206,20220218,20220218,133446500,13:34:47,682.5,7729,96726,517515850,0,0,0
i2206,20220218,20220218,133447000,13:34:47,683,7730,96725,517584150,1,-1,68300
i2206,20220218,20220218,133447500,13:34:47,683,7730,96725,517584150,0,0,0
i2206,20220218,20220218,133448000,13:34:48,683,7730,96725,517584150,0,0,0
i2206,20220218,20220218,133448500,13:34:49,683,7730,96725,517584150,0,0,0
i2206,20220218,20220218,133449000,13:34:49,683,7730,96725,517584150,0,0,0
i2206,20220218,20220218,133449500,13:34:49,683,7730,96725,517584150,0,0,0
i2206,20220218,20220218,133450000,13:34:51,683,7730,96725,517584150,0,0,0
i2206,20220218,20220218,133450500,13:34:51,683,7730,96725,517584150,0,0,0
i2206,20220218,20220218,133451000,13:34:51,683,7730,96725,517584150,0,0,0
i2206,20220218,20220218,133451500,13:34:52,683,7730,96725,517584150,0,0,0
i2206,20220218,20220218,133452000,13:34:52,683,7730,96725,517584150,0,0,0
i2206,20220218,20220218,133452500,13:34:53,683,7730,96725,517584150,0,0,0
i2206,20220218,20220218,133453000,13:34:53,683,7730,96725,517584150,0,0,0
i2206,20220218,20220218,133453500,13:34:56,683,7730,96725,517584150,0,0,0
i2206,20220218,20220218,133454000,13:34:56,683,7730,96725,517584150,0,0,0
i2206,20220218,20220218,133455000,13:34:56,683,7730,96725,517584150,0,0,0
i2206,20220218,20220218,133456500,13:34:57,683,7730,96725,517584150,0,0,0
i2206,20220218,20220218,133457000,13:34:57,683,7730,96725,517584150,0,0,0
i2206,20220218,20220218,133458000,13:34:58,683,7730,96725,517584150,0,0,0
i2206,20220218,20220218,133458500,13:34:59,683,7730,96725,517584150,0,0,0
i2206,20220218,20220218,133459000,13:34:59,683,7730,96725,517584150,0,0,0
i2206,20220218,20220218,133459500,13:35:00,683,7730,96725,517584150,0,0,0
i2206,20220218,20220218,133500000,13:35:00,683,7730,96725,517584150,0,0,0
i2206,20220218,20220218,133500500,13:35:00,683,7730,96725,517584150,0,0,0
i2206,20220218,20220218,133501000,13:35:04,683,7730,96725,517584150,0,0,0
i2206,20220218,20220218,133501500,13:35:05,683,7730,96725,517584150,0,0,0
i2206,20220218,20220218,133502000,13:35:10,683,7730,96725,517584150,0,0,0
i2206,20220218,20220218,133504500,13:35:10,683,7730,96725,517584150,0,0,0
i2206,20220218,20220218,133510000,13:35:10,683,7730,96725,517584150,0,0,0
i2206,20220218,20220218,133510500,13:35:11,683,7730,96725,517584150,0,0,0
i2206,20220218,20220218,133511000,13:35:11,683,7730,96725,517584150,0,0,0
i2206,20220218,20220218,133511500,13:35:12,683,7730,96725,517584150,0,0,0
i2206,20220218,20220218,133512000,13:35:13,683,7730,96725,517584150,0,0,0
i2206,20220218,20220218,133512500,13:35:13,683,7730,96725,517584150,0,0,0
i2206,20220218,20220218,133513000,13:35:13,683,7730,96725,517584150,0,0,0
i2206,20220218,20220218,133514000,13:35:14,683,7730,96725,517584150,0,0,0
i2206,20220218,20220218,133514500,13:35:15,683,7730,96725,517584150,0,0,0
i2206,20220218,20220218,133515000,13:35:15,683,7730,96725,517584150,0,0,0
i2206,20220218,20220218,133515500,13:35:16,683,7730,96725,517584150,0,0,0
i2206,20220218,20220218,133516000,13:35:16,683,7730,96725,517584150,0,0,0
i2206,20220218,20220218,133516500,13:35:17,683,7730,96725,517584150,0,0,0
i2206,20220218,20220218,133517000,13:35:17,683,7730,96725,517584150,0,0,0
i2206,20220218,20220218,133517500,13:35:18,683,7730,96725,517584150,0,0,0
i2206,20220218,20220218,133520000,13:35:20,683,7730,96725,517584150,0,0,0
i2206,20220218,20220218,133520500,13:35:21,683,7730,96725,517584150,0,0,0
i2206,20220218,20220218,133521000,13:35:21,683,7730,96725,517584150,0,0,0
i2206,20220218,20220218,133522000,13:35:22,683,7730,96725,517584150,0,0,0
i2206,20220218,20220218,133523000,13:35:23,683.5,7738,96722,518130950,8,-3,546800
i2206,20220218,20220218,133523500,13:35:23,683.5,7738,96722,518130950,0,0,0
i2206,20220218,20220218,133524000,13:35:25,684,7743,96717,518472950,5,-5,342000
i2206,20220218,20220218,133524500,13:35:25,684,7743,96717,518472950,0,0,0
i2206,20220218,20220218,133525000,13:35:25,684,7743,96717,518472950,0,0,0
i2206,20220218,20220218,133525500,13:35:26,684,7743,96717,518472950,0,0,0
i2206,20220218,20220218,133526000,13:35:26,684,7743,96717,518472950,0,0,0
i2206,20220218,20220218,133526500,13:35:27,684,7743,96717,518472950,0,0,0
i2206,20220218,20220218,133527000,13:35:31,684,7743,96717,518472950,0,0,0
i2206,20220218,20220218,133527500,13:35:31,684,7743,96717,518472950,0,0,0
i2206,20220218,20220218,133528000,13:35:32,684,7743,96717,518472950,0,0,0
i2206,20220218,20220218,133528500,13:35:32,684,7743,96717,518472950,0,0,0
i2206,20220218,20220218,133531000,13:35:33,684,7743,96717,518472950,0,0,0
i2206,20220218,20220218,133531500,13:35:41,684,7743,96717,518472950,0,0,0
i2206,20220218,20220218,133540500,13:35:43,684,7750,96717,518952050,7,0,479100
i2206,20220218,20220218,133542000,13:35:44,684,7750,96717,518952050,0,0,0
i2206,20220218,20220218,133544000,13:35:44,684,7750,96717,518952050,0,0,0
i2206,20220218,20220218,133544500,13:35:45,684,7750,96717,518952050,0,0,0
i2206,20220218,20220218,133545000,13:35:46,684,7750,96717,518952050,0,0,0
i2206,20220218,20220218,133545500,13:35:46,684,7750,96717,518952050,0,0,0
i2206,20220218,20220218,133546000,13:35:46,684,7750,96717,518952050,0,0,0
i2206,20220218,20220218,133546500,13:35:46,684,7750,96717,518952050,0,0,0
i2206,20220218,20220218,133547000,13:35:47,684,7750,96717,518952050,0,0,0
i2206,20220218,20220218,133548000,13:35:48,684,7750,96717,518952050,0,0,0
i2206,20220218,20220218,133548500,13:35:48,684,7750,96717,518952050,0,0,0
i2206,20220218,20220218,133549000,13:35:49,684,7750,96717,518952050,0,0,0
i2206,20220218,20220218,133549500,13:35:49,684,7750,96717,518952050,0,0,0
i2206,20220218,20220218,133550000,13:35:50,684,7750,96717,518952050,0,0,0
i2206,20220218,20220218,133550500,13:35:50,684,7750,96717,518952050,0,0,0
i2206,20220218,20220218,133551000,13:35:51,684,7750,96717,518952050,0,0,0
i2206,20220218,20220218,133551500,13:35:52,684,7750,96717,518952050,0,0,0
i2206,20220218,20220218,133552000,13:35:52,684,7750,96717,518952050,0,0,0
i2206,20220218,20220218,133554000,13:35:55,684,7750,96717,518952050,0,0,0
i2206,20220218,20220218,133554500,13:35:56,684,7750,96717,518952050,0,0,0
i2206,20220218,20220218,133555000,13:35:56,684,7750,96717,518952050,0,0,0
i2206,20220218,20220218,133555500,13:35:56,684,7750,96717,518952050,0,0,0
i2206,20220218,20220218,133556000,13:35:56,684,7750,96717,518952050,0,0,0
i2206,20220218,20220218,133556500,13:35:57,683.5,7768,96715,520182350,18,-2,1230300
i2206,20220218,20220218,133557000,13:35:59,683.5,7768,96715,520182350,0,0,0
i2206,20220218,20220218,133557500,13:35:59,683.5,7768,96715,520182350,0,0,0
i2206,20220218,20220218,133558500,13:36:03,683.5,7768,96715,520182350,0,0,0
i2206,20220218,20220218,133601500,13:36:03,683.5,7768,96715,520182350,0,0,0
i2206,20220218,20220218,133602000,13:36:04,683.5,7768,96715,520182350,0,0,0
i2206,20220218,20220218,133603500,13:36:05,683.5,7768,96715,520182350,0,0,0
i2206,20220218,20220218,133605000,13:36:06,683.5,7768,96715,520182350,0,0,0
i2206,20220218,20220218,133608000,13:36:08,683.5,7768,96715,520182350,0,0,0
i2206,20220218,20220218,133608500,13:36:09,683.5,7768,96715,520182350,0,0,0
i2206,20220218,20220218,133609000,13:36:09,683.5,7768,96715,520182350,0,0,0
i2206,20220218,20220218,133609500,13:36:10,683.5,7768,96715,520182350,0,0,0
i2206,20220218,20220218,133610000,13:36:11,683.5,7768,96715,520182350,0,0,0
i2206,20220218,20220218,133612000,13:36:12,683.5,7768,96715,520182350,0,0,0
i2206,20220218,20220218,133612500,13:36:12,683.5,7768,96715,520182350,0,0,0
i2206,20220218,20220218,133613000,13:36:13,683.5,7768,96715,520182350,0,0,0
i2206,20220218,20220218,133613500,13:36:14,683.5,7768,96715,520182350,0,0,0
i2206,20220218,20220218,133614000,13:36:14,683.5,7768,96715,520182350,0,0,0
i2206,20220218,20220218,133614500,13:36:14,683.5,7768,96715,520182350,0,0,0
i2206,20220218,20220218,133615000,13:36:15,683.5,7768,96715,520182350,0,0,0
i2206,20220218,20220218,133615500,13:36:15,683.5,7768,96715,520182350,0,0,0
i2206,20220218,20220218,133616000,13:36:16,683.5,7768,96715,520182350,0,0,0
i2206,20220218,20220218,133616500,13:36:17,683.5,7768,96715,520182350,0,0,0
i2206,20220218,20220218,133617000,13:36:17,683.5,7768,96715,520182350,0,0,0
i2206,20220218,20220218,133617500,13:36:19,683.5,7768,96715,520182350,0,0,0
i2206,20220218,20220218,133618000,13:36:19,683.5,7768,96715,520182350,0,0,0
i2206,20220218,20220218,133618500,13:36:19,683.5,7768,96715,520182350,0,0,0
i2206,20220218,20220218,133619000,13:36:19,683.5,7768,96715,520182350,0,0,0
i2206,20220218,20220218,133619500,13:36:19,683.5,7768,96715,520182350,0,0,0
i2206,20220218,20220218,133620000,13:36:20,683.5,7768,96715,520182350,0,0,0
i2206,20220218,20220218,133620500,13:36:20,683.5,7768,96715,520182350,0,0,0
i2206,20220218,20220218,133621000,13:36:21,683.5,7768,96715,520182350,0,0,0
i2206,20220218,20220218,133621500,13:36:21,683.5,7768,96715,520182350,0,0,0
i2206,20220218,20220218,133623000,13:36:23,683.5,7768,96715,520182350,0,0,0
i2206,20220218,20220218,133623500,13:36:23,683.5,7768,96715,520182350,0,0,0
i2206,20220218,20220218,133624000,13:36:24,683.5,7768,96715,520182350,0,0,0
i2206,20220218,20220218,133624500,13:36:24,683.5,7768,96715,520182350,0,0,0
i2206,20220218,20220218,133625000,13:36:25,683.5,7768,96715,520182350,0,0,0
i2206,20220218,20220218,133625500,13:36:26,683.5,7768,96715,520182350,0,0,0
i2206,20220218,20220218,133626500,13:36:27,683.5,7768,96715,520182350,0,0,0
i2206,20220218,20220218,133627500,13:36:28,683.5,7768,96715,520182350,0,0,0
i2206,20220218,20220218,133628500,13:36:29,683.5,7768,96715,520182350,0,0,0
i2206,20220218,20220218,133629000,13:36:30,683.5,7768,96715,520182350,0,0,0
i2206,20220218,20220218,133632500,13:36:32,683.5,7768,96715,520182350,0,0,0
i2206,20220218,20220218,133633500,13:36:34,683.5,7768,96715,520182350,0,0,0
i2206,20220218,20220218,133634000,13:36:34,683.5,7772,96715,520455750,4,0,273400
i2206,20220218,20220218,133634500,13:36:35,683.5,7772,96715,520455750,0,0,0
i2206,20220218,20220218,133635000,13:36:36,683.5,7772,96715,520455750,0,0,0
i2206,20220218,20220218,133635500,13:36:36,683.5,7772,96715,520455750,0,0,0
i2206,20220218,20220218,133636000,13:36:36,683.5,7772,96715,520455750,0,0,0
i2206,20220218,20220218,133636500,13:36:36,683.5,7772,96715,520455750,0,0,0
i2206,20220218,20220218,133637000,13:36:38,683.5,7772,96715,520455750,0,0,0
i2206,20220218,20220218,133637500,13:36:38,683.5,7772,96715,520455750,0,0,0
i2206,20220218,20220218,133638000,13:36:38,683.5,7772,96715,520455750,0,0,0
i2206,20220218,20220218,133638500,13:36:39,683.5,7772,96715,520455750,0,0,0
i2206,20220218,20220218,133639000,13:36:39,683.5,7772,96715,520455750,0,0,0
i2206,20220218,20220218,133639500,13:36:39,683.5,7772,96715,520455750,0,0,0
i2206,20220218,20220218,133640000,13:36:40,683.5,7772,96715,520455750,0,0,0
i2206,20220218,20220218,133640500,13:36:40,683.5,7772,96715,520455750,0,0,0
i2206,20220218,20220218,133641000,13:36:41,683.5,7772,96715,520455750,0,0,0
i2206,20220218,20220218,133641500,13:36:42,683.5,7772,96715,520455750,0,0,0
i2206,20220218,20220218,133642000,13:36:42,683.5,7772,96715,520455750,0,0,0
i2206,20220218,20220218,133642500,13:36:43,683.5,7772,96715,520455750,0,0,0
i2206,20220218,20220218,133643000,13:36:43,683.5,7772,96715,520455750,0,0,0
i2206,20220218,20220218,133643500,13:36:44,683.5,7772,96715,520455750,0,0,0
i2206,20220218,20220218,133644000,13:36:44,683.5,7772,96715,520455750,0,0,0
i2206,20220218,20220218,133644500,13:36:44,683.5,7772,96715,520455750,0,0,0
i2206,20220218,20220218,133645000,13:36:45,683.5,7772,96715,520455750,0,0,0
i2206,20220218,20220218,133645500,13:36:46,683.5,7772,96715,520455750,0,0,0
i2206,20220218,20220218,133646000,13:36:46,683.5,7772,96715,520455750,0,0,0
i2206,20220218,20220218,133646500,13:36:46,683.5,7772,96715,520455750,0,0,0
i2206,20220218,20220218,133647000,13:36:47,683.5,7772,96715,520455750,0,0,0
i2206,20220218,20220218,133647500,13:36:48,683.5,7772,96715,520455750,0,0,0
i2206,20220218,20220218,133648000,13:36:48,683.5,7772,96715,520455750,0,0,0
i2206,20220218,20220218,133648500,13:36:48,683.5,7772,96715,520455750,0,0,0
i2206,20220218,20220218,133649000,13:36:49,683.5,7772,96715,520455750,0,0,0
i2206,20220218,20220218,133649500,13:36:49,683.5,7772,96715,520455750,0,0,0
i2206,20220218,20220218,133650000,13:36:50,683.5,7772,96715,520455750,0,0,0
i2206,20220218,20220218,133650500,13:36:50,683.5,7772,96715,520455750,0,0,0
i2206,20220218,20220218,133651000,13:36:51,683.5,7772,96715,520455750,0,0,0
i2206,20220218,20220218,133651500,13:36:51,683.5,7772,96715,520455750,0,0,0
i2206,20220218,20220218,133652000,13:36:52,683.5,7772,96715,520455750,0,0,0
i2206,20220218,20220218,133652500,13:36:53,683.5,7772,96715,520455750,0,0,0
i2206,20220218,20220218,133653000,13:36:53,683.5,7772,96715,520455750,0,0,0
i2206,20220218,20220218,133653500,13:36:54,683.5,7772,96715,520455750,0,0,0
i2206,20220218,20220218,133654000,13:36:54,683.5,7772,96715,520455750,0,0,0
i2206,20220218,20220218,133654500,13:36:54,683.5,7772,96715,520455750,0,0,0
i2206,20220218,20220218,133655000,13:36:55,683.5,7772,96715,520455750,0,0,0
i2206,20220218,20220218,133655500,13:36:56,683.5,7772,96715,520455750,0,0,0
i2206,20220218,20220218,133656000,13:36:56,683.5,7772,96715,520455750,0,0,0
i2206,20220218,20220218,133656500,13:36:57,683.5,7772,96715,520455750,0,0,0
i2206,20220218,20220218,133657000,13:36:58,683.5,7772,96715,520455750,0,0,0
i2206,20220218,20220218,133657500,13:36:58,683.5,7772,96715,520455750,0,0,0
i2206,20220218,20220218,133658000,13:36:58,682.5,7779,96714,520933500,7,-1,477750
i2206,20220218,20220218,133658500,13:36:59,682.5,7779,96714,520933500,0,0,0
i2206,20220218,20220218,133659000,13:36:59,682.5,7779,96714,520933500,0,0,0
i2206,20220218,20220218,133659500,13:37:00,682.5,7779,96714,520933500,0,0,0
i2206,20220218,20220218,133700000,13:37:00,682.5,7779,96714,520933500,0,0,0
i2206,20220218,20220218,133700500,13:37:00,682.5,7779,96714,520933500,0,0,0
i2206,20220218,20220218,133701000,13:37:01,682.5,7779,96714,520933500,0,0,0
i2206,20220218,20220218,133701500,13:37:02,682.5,7779,96714,520933500,0,0,0
i2206,20220218,20220218,133702000,13:37:02,682.5,7779,96714,520933500,0,0,0
i2206,20220218,20220218,133702500,13:37:03,682.5,7779,96714,520933500,0,0,0
i2206,20220218,20220218,133703000,13:37:03,682.5,7779,96714,520933500,0,0,0
i2206,20220218,20220218,133703500,13:37:03,682.5,7779,96714,520933500,0,0,0
i2206,20220218,20220218,133704000,13:37:04,682.5,7779,96714,520933500,0,0,0
i2206,20220218,20220218,133704500,13:37:05,682.5,7779,96714,520933500,0,0,0
i2206,20220218,20220218,133706000,13:37:08,682.5,7779,96714,520933500,0,0,0
i2206,20220218,20220218,133706500,13:37:08,682.5,7779,96714,520933500,0,0,0
i2206,20220218,20220218,133707500,13:37:08,682.5,7779,96714,520933500,0,0,0
i2206,20220218,20220218,133708000,13:37:08,682.5,7779,96714,520933500,0,0,0
i2206,20220218,20220218,133708500,13:37:08,682.5,7779,96714,520933500,0,0,0
i2206,20220218,20220218,133709000,13:37:09,682.5,7779,96714,520933500,0,0,0
i2206,20220218,20220218,133709500,13:37:11,682.5,7779,96714,520933500,0,0,0
i2206,20220218,20220218,133710000,13:37:11,682.5,7779,96714,520933500,0,0,0
i2206,20220218,20220218,133710500,13:37:11,682.5,7779,96714,520933500,0,0,0
i2206,20220218,20220218,133711000,13:37:12,682.5,7779,96714,520933500,0,0,0
i2206,20220218,20220218,133711500,13:37:13,682.5,7779,96714,520933500,0,0,0
i2206,20220218,20220218,133712000,13:37:13,682.5,7779,96714,520933500,0,0,0
i2206,20220218,20220218,133712500,13:37:13,682.5,7779,96714,520933500,0,0,0
i2206,20220218,20220218,133713000,13:37:14,682.5,7779,96714,520933500,0,0,0
i2206,20220218,20220218,133713500,13:37:14,682.5,7779,96714,520933500,0,0,0
i2206,20220218,20220218,133714000,13:37:14,682.5,7779,96714,520933500,0,0,0
i2206,20220218,20220218,133714500,13:37:15,682.5,7779,96714,520933500,0,0,0
i2206,20220218,20220218,133715000,13:37:15,682.5,7779,96714,520933500,0,0,0
i2206,20220218,20220218,133715500,13:37:16,682.5,7779,96714,520933500,0,0,0
i2206,20220218,20220218,133716000,13:37:16,682.5,7779,96714,520933500,0,0,0
i2206,20220218,20220218,133716500,13:37:17,682.5,7779,96714,520933500,0,0,0
i2206,20220218,20220218,133717000,13:37:18,682.5,7779,96714,520933500,0,0,0
i2206,20220218,20220218,133717500,13:37:18,682.5,7779,96714,520933500,0,0,0
i2206,20220218,20220218,133718000,13:37:18,682.5,7779,96714,520933500,0,0,0
i2206,20220218,20220218,133718500,13:37:19,682.5,7779,96714,520933500,0,0,0
i2206,20220218,20220218,133719000,13:37:19,682.5,7779,96714,520933500,0,0,0
i2206,20220218,20220218,133719500,13:37:20,682.5,7779,96714,520933500,0,0,0
i2206,20220218,20220218,133720000,13:37:21,682.5,7779,96714,520933500,0,0,0
i2206,20220218,20220218,133720500,13:37:21,682.5,7779,96714,520933500,0,0,0
i2206,20220218,20220218,133721000,13:37:21,682.5,7779,96714,520933500,0,0,0
i2206,20220218,20220218,133721500,13:37:21,682.5,7779,96714,520933500,0,0,0
i2206,20220218,20220218,133722000,13:37:22,682.5,7779,96714,520933500,0,0,0
i2206,20220218,20220218,133722500,13:37:22,682.5,7779,96714,520933500,0,0,0
i2206,20220218,20220218,133723000,13:37:23,682.5,7779,96714,520933500,0,0,0
i2206,20220218,20220218,133723500,13:37:23,682.5,7779,96714,520933500,0,0,0
i2206,20220218,20220218,133728000,13:37:28,682.5,7779,96714,520933500,0,0,0
i2206,20220218,20220218,133728500,13:37:29,682.5,7779,96714,520933500,0,0,0
i2206,20220218,20220218,133729000,13:37:29,682.5,7779,96714,520933500,0,0,0
i2206,20220218,20220218,133729500,13:37:30,682.5,7779,96714,520933500,0,0,0
i2206,20220218,20220218,133732000,13:37:32,682.5,7779,96714,520933500,0,0,0
i2206,20220218,20220218,133732500,13:37:33,682.5,7779,96714,520933500,0,0,0
i2206,20220218,20220218,133733000,13:37:33,682.5,7779,96714,520933500,0,0,0
i2206,20220218,20220218,133733500,13:37:33,682.5,7779,96714,520933500,0,0,0
i2206,20220218,20220218,133734000,13:37:34,682.5,7779,96714,520933500,0,0,0
i2206,20220218,20220218,133734500,13:37:34,682.5,7779,96714,520933500,0,0,0
i2206,20220218,20220218,133735000,13:37:35,682.5,7779,96714,520933500,0,0,0
i2206,20220218,20220218,133735500,13:37:36,682.5,7779,96714,520933500,0,0,0
i2206,20220218,20220218,133736000,13:37:36,682.5,7779,96714,520933500,0,0,0
i2206,20220218,20220218,133736500,13:37:37,682.5,7779,96714,520933500,0,0,0
i2206,20220218,20220218,133737000,13:37:37,682.5,7779,96714,520933500,0,0,0
i2206,20220218,20220218,133737500,13:37:37,682.5,7779,96714,520933500,0,0,0
i2206,20220218,20220218,133738000,13:37:38,682.5,7779,96714,520933500,0,0,0
i2206,20220218,20220218,133738500,13:37:39,682.5,7779,96714,520933500,0,0,0
i2206,20220218,20220218,133739000,13:37:39,682.5,7779,96714,520933500,0,0,0
i2206,20220218,20220218,133739500,13:37:39,682.5,7779,96714,520933500,0,0,0
i2206,20220218,20220218,133740000,13:37:40,682.5,7779,96714,520933500,0,0,0
i2206,20220218,20220218,133740500,13:37:40,682.5,7779,96714,520933500,0,0,0
i2206,20220218,20220218,133741000,13:37:41,682.5,7779,96714,520933500,0,0,0
i2206,20220218,20220218,133741500,13:37:41,682.5,7779,96714,520933500,0,0,0
i2206,20220218,20220218,133742000,13:37:42,682.5,7779,96714,520933500,0,0,0
i2206,20220218,20220218,133742500,13:37:43,682.5,7779,96714,520933500,0,0,0
i2206,20220218,20220218,133743000,13:37:44,682.5,7779,96714,520933500,0,0,0
i2206,20220218,20220218,133743500,13:37:44,682.5,7779,96714,520933500,0,0,0
i2206,20220218,20220218,133744000,13:37:45,682.5,7779,96714,520933500,0,0,0
i2206,20220218,20220218,133744500,13:37:45,682.5,7779,96714,520933500,0,0,0
i2206,20220218,20220218,133745000,13:37:45,682.5,7779,96714,520933500,0,0,0
i2206,20220218,20220218,133745500,13:37:45,682.5,7779,96714,520933500,0,0,0
i2206,20220218,20220218,133746000,13:37:46,682.5,7779,96714,520933500,0,0,0
i2206,20220218,20220218,133746500,13:37:47,682.5,7779,96714,520933500,0,0,0
i2206,20220218,20220218,133747000,13:37:47,682.5,7779,96714,520933500,0,0,0
i2206,20220218,20220218,133747500,13:37:48,682.5,7779,96714,520933500,0,0,0
i2206,20220218,20220218,133748000,13:37:48,682.5,7779,96714,520933500,0,0,0
i2206,20220218,20220218,133748500,13:37:48,682.5,7779,96714,520933500,0,0,0
i2206,20220218,20220218,133749000,13:37:49,682.5,7779,96714,520933500,0,0,0
i2206,20220218,20220218,133749500,13:37:49,682.5,7779,96714,520933500,0,0,0
i2206,20220218,20220218,133750000,13:37:50,682.5,7779,96714,520933500,0,0,0
i2206,20220218,20220218,133750500,13:37:51,682.5,7779,96714,520933500,0,0,0
i2206,20220218,20220218,133751500,13:37:53,682.5,7779,96714,520933500,0,0,0
i2206,20220218,20220218,133752000,13:37:53,682.5,7779,96714,520933500,0,0,0
i2206,20220218,20220218,133752500,13:37:54,682.5,7779,96714,520933500,0,0,0
i2206,20220218,20220218,133753000,13:37:54,682.5,7779,96714,520933500,0,0,0
i2206,20220218,20220218,133753500,13:37:55,682.5,7779,96714,520933500,0,0,0
i2206,20220218,20220218,133754000,13:37:55,682.5,7779,96714,520933500,0,0,0
i2206,20220218,20220218,133754500,13:37:55,682.5,7779,96714,520933500,0,0,0
i2206,20220218,20220218,133755000,13:37:55,682.5,7779,96714,520933500,0,0,0
i2206,20220218,20220218,133755500,13:37:55,682.5,7779,96714,520933500,0,0,0
i2206,20220218,20220218,133756000,13:37:56,682.5,7779,96714,520933500,0,0,0
i2206,20220218,20220218,133756500,13:37:57,682.5,7779,96714,520933500,0,0,0
i2206,20220218,20220218,133757000,13:37:57,682.5,7779,96714,520933500,0,0,0
i2206,20220218,20220218,133757500,13:37:58,682.5,7779,96714,520933500,0,0,0
i2206,20220218,20220218,133758000,13:37:58,682.5,7779,96714,520933500,0,0,0
i2206,20220218,20220218,133758500,13:37:59,682.5,7779,96714,520933500,0,0,0
i2206,20220218,20220218,133759000,13:37:59,682.5,7779,96714,520933500,0,0,0
i2206,20220218,20220218,133759500,13:38:00,682.5,7779,96714,520933500,0,0,0
i2206,20220218,20220218,133800000,13:38:02,682.5,7779,96714,520933500,0,0,0
i2206,20220218,20220218,133800500,13:38:02,682.5,7779,96714,520933500,0,0,0
i2206,20220218,20220218,133801000,13:38:03,682.5,7779,96714,520933500,0,0,0
i2206,20220218,20220218,133802000,13:38:03,682.5,7779,96714,520933500,0,0,0
i2206,20220218,20220218,133802500,13:38:05,682.5,7779,96714,520933500,0,0,0
i2206,20220218,20220218,133803000,13:38:06,682.5,7779,96714,520933500,0,0,0
i2206,20220218,20220218,133805000,13:38:06,682.5,7779,96714,520933500,0,0,0
i2206,20220218,20220218,133806000,13:38:09,682.5,7779,96714,520933500,0,0,0
i2206,20220218,20220218,133806500,13:38:09,682.5,7779,96714,520933500,0,0,0
i2206,20220218,20220218,133809000,13:38:09,682.5,7779,96714,520933500,0,0,0
i2206,20220218,20220218,133809500,13:38:10,682.5,7779,96714,520933500,0,0,0
i2206,20220218,20220218,133810000,13:38:10,682.5,7779,96714,520933500,0,0,0
i2206,20220218,20220218,133810500,13:38:10,682.5,7779,96714,520933500,0,0,0
i2206,20220218,20220218,133811000,13:38:14,682.5,7779,96714,520933500,0,0,0
i2206,20220218,20220218,133811500,13:38:14,682.5,7779,96714,520933500,0,0,0
i2206,20220218,20220218,133812000,13:38:14,682.5,7779,96714,520933500,0,0,0
i2206,20220218,20220218,133812500,13:38:14,682.5,7779,96714,520933500,0,0,0
i2206,20220218,20220218,133813500,13:38:15,682.5,7779,96714,520933500,0,0,0
i2206,20220218,20220218,133814000,13:38:17,682.5,7779,96714,520933500,0,0,0
i2206,20220218,20220218,133814500,13:38:17,682.5,7779,96714,520933500,0,0,0
i2206,20220218,20220218,133815000,13:38:17,682.5,7779,96714,520933500,0,0,0
i2206,20220218,20220218,133817000,13:38:18,682.5,7779,96714,520933500,0,0,0
i2206,20220218,20220218,133817500,13:38:18,682.5,7779,96714,520933500,0,0,0
i2206,20220218,20220218,133818000,13:38:18,682.5,7779,96714,520933500,0,0,0
i2206,20220218,20220218,133818500,13:38:19,682.5,7779,96714,520933500,0,0,0
i2206,20220218,20220218,133819000,13:38:19,682.5,7779,96714,520933500,0,0,0
i2206,20220218,20220218,133819500,13:38:19,682.5,7779,96714,520933500,0,0,0
i2206,20220218,20220218,133820000,13:38:20,682.5,7779,96714,520933500,0,0,0
i2206,20220218,20220218,133820500,13:38:22,682.5,7779,96714,520933500,0,0,0
i2206,20220218,20220218,133821000,13:38:22,682.5,7779,96714,520933500,0,0,0
i2206,20220218,20220218,133821500,13:38:23,682.5,7779,96714,520933500,0,0,0
i2206,20220218,20220218,133822000,13:38:23,682.5,7779,96714,520933500,0,0,0
i2206,20220218,20220218,133822500,13:38:23,682.5,7779,96714,520933500,0,0,0
i2206,20220218,20220218,133823000,13:38:24,682.5,7779,96714,520933500,0,0,0
i2206,20220218,20220218,133823500,13:38:24,682.5,7779,96714,520933500,0,0,0
i2206,20220218,20220218,133824000,13:38:24,682.5,7779,96714,520933500,0,0,0
i2206,20220218,20220218,133824500,13:38:41,682.5,7779,96714,520933500,0,0,0
i2206,20220218,20220218,133825000,13:38:41,682.5,7779,96714,520933500,0,0,0
i2206,20220218,20220218,133825500,13:38:41,682.5,7779,96714,520933500,0,0,0
i2206,20220218,20220218,133840500,13:38:43,682.5,7779,96714,520933500,0,0,0
i2206,20220218,20220218,133842500,13:38:43,682.5,7779,96714,520933500,0,0,0
i2206,20220218,20220218,133846000,13:38:46,682.5,7779,96714,520933500,0,0,0
i2206,20220218,20220218,133847500,13:38:47,682,7786,96713,521410900,7,-1,477400
i2206,20220218,20220218,133850000,13:38:50,682,7786,96713,521410900,0,0,0
i2206,20220218,20220218,133851000,13:38:51,682,7786,96713,521410900,0,0,0
i2206,20220218,20220218,133853500,13:38:53,682,7786,96713,521410900,0,0,0
i2206,20220218,20220218,133856500,13:38:56,682,7786,96713,521410900,0,0,0
i2206,20220218,20220218,133857000,13:38:57,682,7786,96713,521410900,0,0,0
i2206,20220218,20220218,133859500,13:38:59,682,7786,96713,521410900,0,0,0
i2206,20220218,20220218,133901000,13:39:01,682,7786,96713,521410900,0,0,0
i2206,20220218,20220218,133901500,13:39:01,682,7786,96713,521410900,0,0,0
i2206,20220218,20220218,133902500,13:39:02,682,7786,96713,521410900,0,0,0
i2206,20220218,20220218,133906000,13:39:06,682,7786,96713,521410900,0,0,0
i2206,20220218,20220218,133907500,13:39:07,682,7786,96713,521410900,0,0,0
i2206,20220218,20220218,133908500,13:39:08,682,7786,96713,521410900,0,0,0
i2206,20220218,20220218,133909000,13:39:09,682,7786,96713,521410900,0,0,0
i2206,20220218,20220218,133913500,13:39:13,682,7786,96713,521410900,0,0,0
i2206,20220218,20220218,133914000,13:39:15,682,7786,96713,521410900,0,0,0
i2206,20220218,20220218,133914500,13:39:16,682,7790,96710,521683700,4,-3,272800
i2206,20220218,20220218,133915000,13:39:19,682,7790,96710,521683700,0,0,0
i2206,20220218,20220218,133915500,13:39:19,682,7790,96710,521683700,0,0,0
i2206,20220218,20220218,133916000,13:39:19,682,7790,96710,521683700,0,0,0
i2206,20220218,20220218,133918000,13:39:19,682,7790,96710,521683700,0,0,0
i2206,20220218,20220218,133919000,13:39:19,682,7790,96710,521683700,0,0,0
