i2204,20220218,20220218,112003000,11:20:09,695,4802,65050,328893800,4802,-1037,328893800
i2204,20220218,20220218,112004500,11:20:09,695,4802,65050,328893800,0,0,0
i2204,20220218,20220218,112006000,11:20:10,695,4802,65050,328893800,0,0,0
i2204,20220218,20220218,112008000,11:20:10,695,4802,65050,328893800,0,0,0
i2204,20220218,20220218,112010500,11:20:10,695,4802,65050,328893800,0,0,0
i2204,20220218,20220218,112011500,11:20:12,695,4802,65050,328893800,0,0,0
i2204,20220218,20220218,112012000,11:20:12,695,4802,65050,328893800,0,0,0
i2204,20220218,20220218,112015500,11:20:16,695,4802,65050,328893800,0,0,0
i2204,20220218,20220218,112016000,11:20:16,695,4802,65050,328893800,0,0,0
i2204,20220218,20220218,112017500,11:20:17,695,4819,65051,330075300,17,1,1181500
i2204,20220218,20220218,112018000,11:20:18,695,4823,65049,330353300,4,-2,278000
i2204,20220218,20220218,112018500,11:20:18,695,4823,65049,330353300,0,0,0
i2204,20220218,20220218,112019000,11:20:19,695,4823,65049,330353300,0,0,0
i2204,20220218,20220218,112019500,11:20:20,695,4823,65049,330353300,0,0,0
i2204,20220218,20220218,112020000,11:20:20,695,4823,65049,330353300,0,0,0
i2204,20220218,20220218,112021500,11:20:21,694.5,4828,65048,330700550,5,-1,347250
i2204,20220218,20220218,112022000,11:20:22,694.5,4828,65048,330700550,0,0,0
i2204,20220218,20220218,112022500,11:20:23,694.5,4828,65048,330700550,0,0,0
i2204,20220218,20220218,112023500,11:20:23,694.5,4828,65048,330700550,0,0,0
i2204,20220218,20220218,112029500,11:20:30,694.5,4828,65048,330700550,0,0,0
i2204,20220218,20220218,112030000,11:20:31,694,4830,65047,330839350,2,-1,138800
i2204,20220218,20220218,112030500,11:20:31,694,4830,65047,330839350,0,0,0
i2204,20220218,20220218,112031000,11:20:32,694,4830,65047,330839350,0,0,0
i2204,20220218,20220218,112038000,11:20:38,694,4830,65047,330839350,0,0,0
i2204,20220218,20220218,112038500,11:20:38,694,4830,65047,330839350,0,0,0
i2204,20220218,20220218,112039000,11:20:39,694,4830,65047,330839350,0,0,0
i2204,20220218,20220218,112039500,11:20:40,694,4830,65047,330839350,0,0,0
i2204,20220218,20220218,112040000,11:20:40,693.5,4837,65045,331324800,7,-2,485450
i2204,20220218,20220218,112040500,11:20:41,693.5,4838,65044,331394150,1,-1,69350
i2204,20220218,20220218,112041000,11:20:41,693.5,4838,65044,331394150,0,0,0
i2204,20220218,20220218,112041500,11:20:41,693.5,4838,65044,331394150,0,0,0
i2204,20220218,20220218,112042000,11:20:42,693,4839,65044,331463450,1,0,69300
i2204,20220218,20220218,112042500,11:20:42,693,4839,65044,331463450,0,0,0
i2204,20220218,20220218,112043000,11:20:43,693,4839,65044,331463450,0,0,0
i2204,20220218,20220218,112043500,11:20:44,693,4839,65044,331463450,0,0,0
i2204,20220218,20220218,112044000,11:20:44,693,4839,65044,331463450,0,0,0
i2204,20220218,20220218,112044500,11:20:45,693,4839,65044,331463450,0,0,0
i2204,20220218,20220218,112045000,11:20:45,693,4839,65044,331463450,0,0,0
i2204,20220218,20220218,112045500,11:20:46,693,4839,65044,331463450,0,0,0
i2204,20220218,20220218,112046000,11:20:46,693.5,4840,65043,331532800,1,-1,69350
i2204,20220218,20220218,112046500,11:20:46,693.5,4840,65043,331532800,0,0,0
i2204,20220218,20220218,112047000,11:20:48,693.5,4840,65043,331532800,0,0,0
i2204,20220218,20220218,112047500,11:20:48,693.5,4840,65043,331532800,0,0,0
i2204,20220218,20220218,112048000,11:20:48,693.5,4840,65043,331532800,0,0,0
i2204,20220218,20220218,112048500,11:20:50,693.5,4840,65043,331532800,0,0,0
i2204,20220218,20220218,112049000,11:20:50,693.5,4840,65043,331532800,0,0,0
i2204,20220218,20220218,112049500,11:20:50,693.5,4840,65043,331532800,0,0,0
i2204,20220218,20220218,112050500,11:20:51,693.5,4840,65043,331532800,0,0,0
i2204,20220218,20220218,112051000,11:20:51,693.5,4840,65043,331532800,0,0,0
i2204,20220218,20220218,112051500,11:20:51,693.5,4840,65043,331532800,0,0,0
i2204,20220218,20220218,112052000,11:20:53,693.5,4840,65043,331532800,0,0,0
i2204,20220218,20220218,112052500,11:20:53,693.5,4844,65047,331810200,4,4,277400
i2204,20220218,20220218,112053000,11:20:53,693.5,4844,65047,331810200,0,0,0
i2204,20220218,20220218,112053500,11:20:53,693.5,4844,65047,331810200,0,0,0
i2204,20220218,20220218,112054000,11:20:54,693.5,4844,65047,331810200,0,0,0
i2204,20220218,20220218,112054500,11:20:55,693.5,4844,65047,331810200,0,0,0
i2204,20220218,20220218,112055000,11:20:55,693.5,4844,65047,331810200,0,0,0
i2204,20220218,20220218,112056000,11:20:56,693.5,4844,65047,331810200,0,0,0
i2204,20220218,20220218,112056500,11:20:57,693.5,4844,65047,331810200,0,0,0
i2204,20220218,20220218,112057500,11:20:58,694,4845,65047,331879600,1,0,69400
i2204,20220218,20220218,112058000,11:20:58,694,4845,65047,331879600,0,0,0
i2204,20220218,20220218,112058500,11:20:59,694,4846,65046,331949000,1,-1,69400
i2204,20220218,20220218,112059000,11:20:59,694,4846,65046,331949000,0,0,0
i2204,20220218,20220218,112059500,11:21:00,694,4846,65046,331949000,0,0,0
i2204,20220218,20220218,112100000,11:21:00,694,4846,65046,331949000,0,0,0
i2204,20220218,20220218,112100500,11:21:01,694,4846,65046,331949000,0,0,0
i2204,20220218,20220218,112101000,11:21:01,694,4846,65046,331949000,0,0,0
i2204,20220218,20220218,112101500,11:21:02,694,4846,65046,331949000,0,0,0
i2204,20220218,20220218,112102000,11:21:03,694,4846,65046,331949000,0,0,0
i2204,20220218,20220218,112102500,11:21:03,694,4846,65046,331949000,0,0,0
i2204,20220218,20220218,112103000,11:21:03,694,4846,65046,331949000,0,0,0
i2204,20220218,20220218,112103500,11:21:04,694,4846,65046,331949000,0,0,0
i2204,20220218,20220218,112104000,11:21:04,694,4846,65046,331949000,0,0,0
i2204,20220218,20220218,112104500,11:21:05,694,4846,65046,331949000,0,0,0
i2204,20220218,20220218,112105000,11:21:05,694,4846,65046,331949000,0,0,0
i2204,20220218,20220218,112105500,11:21:07,694,4846,65046,331949000,0,0,0
i2204,20220218,20220218,112106000,11:21:07,694,4846,65046,331949000,0,0,0
i2204,20220218,20220218,112106500,11:21:07,694,4846,65046,331949000,0,0,0
i2204,20220218,20220218,112107000,11:21:09,694,4846,65046,331949000,0,0,0
i2204,20220218,20220218,112107500,11:21:10,694,4846,65046,331949000,0,0,0
i2204,20220218,20220218,112108000,11:21:10,694,4846,65046,331949000,0,0,0
i2204,20220218,20220218,112108500,11:21:10,694,4846,65046,331949000,0,0,0
i2204,20220218,20220218,112110000,11:21:10,694,4846,65046,331949000,0,0,0
i2204,20220218,20220218,112110500,11:21:11,694,4846,65046,331949000,0,0,0
i2204,20220218,20220218,112111000,11:21:11,694,4846,65046,331949000,0,0,0
i2204,20220218,20220218,112111500,11:21:12,694,4846,65046,331949000,0,0,0
i2204,20220218,20220218,112112000,11:21:12,694,4846,65046,331949000,0,0,0
i2204,20220218,20220218,112112500,11:21:13,694,4846,65046,331949000,0,0,0
i2204,20220218,20220218,112113000,11:21:13,694.5,4848,65046,332087900,2,0,138900
i2204,20220218,20220218,112113500,11:21:13,694.5,4848,65046,332087900,0,0,0
i2204,20220218,20220218,112114000,11:21:14,694.5,4850,65044,332226800,2,-2,138900
i2204,20220218,20220218,112114500,11:21:14,694.5,4850,65044,332226800,0,0,0
i2204,20220218,20220218,112115000,11:21:15,694.5,4851,65045,332296250,1,1,69450
i2204,20220218,20220218,112115500,11:21:15,694.5,4851,65045,332296250,0,0,0
i2204,20220218,20220218,112116000,11:21:16,694.5,4851,65045,332296250,0,0,0
i2204,20220218,20220218,112116500,11:21:17,694.5,4851,65045,332296250,0,0,0
i2204,20220218,20220218,112117000,11:21:17,694.5,4851,65045,332296250,0,0,0
i2204,20220218,20220218,112117500,11:21:18,694.5,4851,65045,332296250,0,0,0
i2204,20220218,20220218,112118000,11:21:18,694.5,4851,65045,332296250,0,0,0
i2204,20220218,20220218,112119500,11:21:19,694.5,4851,65045,332296250,0,0,0
i2204,20220218,20220218,112120000,11:21:20,694.5,4851,65045,332296250,0,0,0
i2204,20220218,20220218,112120500,11:21:22,694.5,4851,65045,332296250,0,0,0
i2204,20220218,20220218,112121000,11:21:22,694.5,4851,65045,332296250,0,0,0
i2204,20220218,20220218,112121500,11:21:22,694.5,4851,65045,332296250,0,0,0
i2204,20220218,20220218,112122000,11:21:22,694.5,4851,65045,332296250,0,0,0
i2204,20220218,20220218,112122500,11:21:22,694.5,4851,65045,332296250,0,0,0
i2204,20220218,20220218,112123000,11:21:23,694.5,4851,65045,332296250,0,0,0
i2204,20220218,20220218,112125000,11:21:33,694.5,4851,65045,332296250,0,0,0
i2204,20220218,20220218,112125500,11:23:32,694.5,4851,65045,332296250,0,0,0
i2204,20220218,20220218,112126000,11:23:33,694.5,4851,65045,332296250,0,0,0
i2204,20220218,20220218,112332500,11:23:33,694.5,4851,65045,332296250,0,0,0
i2204,20220218,20220218,112333000,11:23:33,694.5,4851,65045,332296250,0,0,0
i2204,20220218,20220218,112333500,11:23:33,694.5,4851,65045,332296250,0,0,0
i2204,20220218,20220218,112334000,11:23:34,694.5,4851,65045,332296250,0,0,0
i2204,20220218,20220218,112335000,11:23:35,694.5,4851,65045,332296250,0,0,0
i2204,20220218,20220218,112335500,11:23:35,694.5,4851,65045,332296250,0,0,0
i2204,20220218,20220218,112336000,11:23:36,694.5,4851,65045,332296250,0,0,0
i2204,20220218,20220218,112336500,11:23:38,694.5,4851,65045,332296250,0,0,0
i2204,20220218,20220218,112338500,11:23:38,694.5,4851,65045,332296250,0,0,0
i2204,20220218,20220218,112339500,11:23:39,694.5,4851,65045,332296250,0,0,0
i2204,20220218,20220218,112340000,11:23:40,695.5,4877,65052,334103200,26,7,1806950
i2204,20220218,20220218,112340500,11:23:40,695.5,4877,65052,334103200,0,0,0
i2204,20220218,20220218,112341000,11:23:41,695.5,4878,65053,334172750,1,1,69550
i2204,20220218,20220218,112341500,11:23:42,695.5,4879,65052,334242300,1,-1,69550
i2204,20220218,20220218,112342000,11:23:42,695.5,4879,65052,334242300,0,0,0
i2204,20220218,20220218,112342500,11:23:42,695.5,4879,65052,334242300,0,0,0
i2204,20220218,20220218,112343000,11:23:43,695.5,4879,65052,334242300,0,0,0
i2204,20220218,20220218,112343500,11:23:43,696,4883,65048,334520700,4,-4,278400
i2204,20220218,20220218,112344000,11:23:48,696,4887,65048,334799100,4,0,278400
i2204,20220218,20220218,112344500,11:23:48,696,4887,65048,334799100,0,0,0
i2204,20220218,20220218,112345000,11:23:48,696,4887,65048,334799100,0,0,0
i2204,20220218,20220218,112345500,11:23:48,696,4887,65048,334799100,0,0,0
i2204,20220218,20220218,112348000,11:23:48,696.5,4889,65048,334938400,2,0,139300
i2204,20220218,20220218,112348500,11:23:49,696.5,4889,65048,334938400,0,0,0
i2204,20220218,20220218,112349000,11:23:49,696.5,4889,65048,334938400,0,0,0
i2204,20220218,20220218,112349500,11:23:50,696.5,4889,65048,334938400,0,0,0
i2204,20220218,20220218,112350000,11:23:50,696.5,4889,65048,334938400,0,0,0
i2204,20220218,20220218,112350500,11:23:50,696.5,4889,65048,334938400,0,0,0
i2204,20220218,20220218,112351500,11:23:51,696.5,4889,65048,334938400,0,0,0
i2204,20220218,20220218,112352500,11:23:52,696.5,4889,65048,334938400,0,0,0
i2204,20220218,20220218,112353000,11:23:53,696.5,4889,65048,334938400,0,0,0
i2204,20220218,20220218,112353500,11:23:53,696.5,4889,65048,334938400,0,0,0
i2204,20220218,20220218,112354000,11:23:54,696.5,4889,65048,334938400,0,0,0
i2204,20220218,20220218,112354500,11:23:55,696.5,4889,65048,334938400,0,0,0
i2204,20220218,20220218,112355000,11:23:55,696.5,4889,65048,334938400,0,0,0
i2204,20220218,20220218,112355500,11:23:55,696.5,4889,65048,334938400,0,0,0
i2204,20220218,20220218,112356000,11:23:56,696.5,4889,65048,334938400,0,0,0
i2204,20220218,20220218,112356500,11:23:56,696.5,4889,65048,334938400,0,0,0
i2204,20220218,20220218,112357000,11:23:57,696.5,4889,65048,334938400,0,0,0
i2204,20220218,20220218,112357500,11:23:57,696.5,4889,65048,334938400,0,0,0
i2204,20220218,20220218,112358000,11:23:58,696.5,4889,65048,334938400,0,0,0
i2204,20220218,20220218,112358500,11:23:58,696.5,4889,65048,334938400,0,0,0
i2204,20220218,20220218,112359000,11:23:59,696.5,4889,65048,334938400,0,0,0
i2204,20220218,20220218,112359500,11:23:59,696.5,4889,65048,334938400,0,0,0
i2204,20220218,20220218,112400000,11:24:00,696.5,4889,65048,334938400,0,0,0
i2204,20220218,20220218,112400500,11:24:00,696.5,4889,65048,334938400,0,0,0
i2204,20220218,20220218,112401000,11:24:01,696.5,4889,65048,334938400,0,0,0
i2204,20220218,20220218,112401500,11:24:01,696.5,4889,65048,334938400,0,0,0
i2204,20220218,20220218,112404000,11:24:04,696.5,4889,65048,334938400,0,0,0
i2204,20220218,20220218,112404500,11:24:04,696.5,4889,65048,334938400,0,0,0
i2204,20220218,20220218,112408500,11:24:08,696.5,4889,65048,334938400,0,0,0
i2204,20220218,20220218,112409000,11:24:09,696.5,4889,65048,334938400,0,0,0
i2204,20220218,20220218,112412000,11:24:12,696.5,4889,65048,334938400,0,0,0
i2204,20220218,20220218,112412500,11:24:12,696.5,4889,65048,334938400,0,0,0
i2204,20220218,20220218,112413500,11:24:14,696.5,4889,65048,334938400,0,0,0
i2204,20220218,20220218,112414500,11:24:15,696.5,4889,65048,334938400,0,0,0
i2204,20220218,20220218,112415500,11:24:15,696.5,4889,65048,334938400,0,0,0
i2204,20220218,20220218,112416000,11:24:16,696,4897,65044,335495200,8,-4,556800
i2204,20220218,20220218,112416500,11:24:17,696,4897,65044,335495200,0,0,0
i2204,20220218,20220218,112417500,11:24:18,696,4897,65044,335495200,0,0,0
i2204,20220218,20220218,112418000,11:24:18,696,4897,65044,335495200,0,0,0
i2204,20220218,20220218,112418500,11:24:19,696,4897,65044,335495200,0,0,0
i2204,20220218,20220218,112419000,11:24:19,696,4897,65044,335495200,0,0,0
i2204,20220218,20220218,112423500,11:24:23,696,4897,65044,335495200,0,0,0
i2204,20220218,20220218,112424000,11:24:24,696,4899,65042,335634400,2,-2,139200
i2204,20220218,20220218,112424500,11:24:24,696,4900,65042,335704000,1,0,69600
i2204,20220218,20220218,112425000,11:24:25,696,4900,65042,335704000,0,0,0
i2204,20220218,20220218,112425500,11:24:25,696,4900,65042,335704000,0,0,0
i2204,20220218,20220218,112426000,11:24:26,696,4900,65042,335704000,0,0,0
i2204,20220218,20220218,112426500,11:24:26,696,4900,65042,335704000,0,0,0
i2204,20220218,20220218,112427000,11:24:27,696,4900,65042,335704000,0,0,0
i2204,20220218,20220218,112427500,11:24:28,695,4902,65042,335843000,2,0,139000
i2204,20220218,20220218,112428000,11:24:28,695,4903,65041,335912500,1,-1,69500
i2204,20220218,20220218,112428500,11:24:28,695,4903,65041,335912500,0,0,0
i2204,20220218,20220218,112429000,11:24:29,695,4903,65041,335912500,0,0,0
i2204,20220218,20220218,112429500,11:24:29,695,4903,65041,335912500,0,0,0
i2204,20220218,20220218,112430000,11:24:30,695.5,4904,65041,335982050,1,0,69550
i2204,20220218,20220218,112430500,11:24:30,695.5,4904,65041,335982050,0,0,0
i2204,20220218,20220218,112431000,11:24:31,695.5,4904,65041,335982050,0,0,0
i2204,20220218,20220218,112431500,11:24:31,695.5,4904,65041,335982050,0,0,0
i2204,20220218,20220218,112432000,11:24:32,695.5,4904,65041,335982050,0,0,0
i2204,20220218,20220218,112432500,11:24:32,695.5,4904,65041,335982050,0,0,0
i2204,20220218,20220218,112433000,11:24:33,695.5,4904,65041,335982050,0,0,0
i2204,20220218,20220218,112433500,11:24:33,695.5,4904,65041,335982050,0,0,0
i2204,20220218,20220218,112434000,11:24:34,695.5,4904,65041,335982050,0,0,0
i2204,20220218,20220218,112434500,11:24:34,695.5,4904,65041,335982050,0,0,0
i2204,20220218,20220218,112435000,11:24:35,695.5,4904,65041,335982050,0,0,0
i2204,20220218,20220218,112435500,11:24:35,695.5,4904,65041,335982050,0,0,0
i2204,20220218,20220218,112436000,11:24:36,695.5,4904,65041,335982050,0,0,0
i2204,20220218,20220218,112436500,11:24:36,695.5,4904,65041,335982050,0,0,0
i2204,20220218,20220218,112437000,11:24:37,695.5,4904,65041,335982050,0,0,0
i2204,20220218,20220218,112437500,11:24:39,695.5,4904,65041,335982050,0,0,0
i2204,20220218,20220218,112438000,11:24:39,695.5,4904,65041,335982050,0,0,0
i2204,20220218,20220218,112438500,11:24:39,694.5,4907,65040,336190400,3,-1,208350
i2204,20220218,20220218,112439000,11:24:40,694.5,4907,65040,336190400,0,0,0
i2204,20220218,20220218,112439500,11:24:40,694.5,4907,65040,336190400,0,0,0
i2204,20220218,20220218,112440000,11:24:40,694.5,4907,65040,336190400,0,0,0
i2204,20220218,20220218,112440500,11:24:40,694.5,4907,65040,336190400,0,0,0
i2204,20220218,20220218,112441000,11:24:41,694.5,4907,65040,336190400,0,0,0
i2204,20220218,20220218,112441500,11:24:41,694.5,4907,65040,336190400,0,0,0
i2204,20220218,20220218,112442000,11:24:42,694.5,4907,65040,336190400,0,0,0
i2204,20220218,20220218,112442500,11:24:42,694.5,4907,65040,336190400,0,0,0
i2204,20220218,20220218,112443000,11:24:43,694.5,4907,65040,336190400,0,0,0
i2204,20220218,20220218,112443500,11:24:43,694.5,4907,65040,336190400,0,0,0
i2204,20220218,20220218,112444000,11:24:44,694.5,4907,65040,336190400,0,0,0
i2204,20220218,20220218,112444500,11:24:44,694.5,4907,65040,336190400,0,0,0
i2204,20220218,20220218,112445000,11:24:45,694.5,4907,65040,336190400,0,0,0
i2204,20220218,20220218,112445500,11:24:45,694.5,4907,65040,336190400,0,0,0
i2204,20220218,20220218,112446000,11:24:46,694.5,4907,65040,336190400,0,0,0
i2204,20220218,20220218,112446500,11:24:46,694.5,4907,65040,336190400,0,0,0
i2204,20220218,20220218,112447000,11:24:47,694.5,4907,65040,336190400,0,0,0
i2204,20220218,20220218,112447500,11:24:47,694.5,4907,65040,336190400,0,0,0
i2204,20220218,20220218,112448000,11:24:48,694.5,4907,65040,336190400,0,0,0
i2204,20220218,20220218,112448500,11:24:49,694.5,4907,65040,336190400,0,0,0
i2204,20220218,20220218,112449000,11:24:49,694.5,4907,65040,336190400,0,0,0
i2204,20220218,20220218,112449500,11:24:49,694.5,4907,65040,336190400,0,0,0
i2204,20220218,20220218,112450000,11:24:50,694.5,4907,65040,336190400,0,0,0
i2204,20220218,20220218,112450500,11:24:50,694.5,4907,65040,336190400,0,0,0
i2204,20220218,20220218,112451000,11:24:51,694.5,4907,65040,336190400,0,0,0
i2204,20220218,20220218,112451500,11:24:52,694.5,4907,65040,336190400,0,0,0
i2204,20220218,20220218,112452000,11:24:52,694.5,4907,65040,336190400,0,0,0
i2204,20220218,20220218,112452500,11:24:52,694.5,4907,65040,336190400,0,0,0
i2204,20220218,20220218,112453000,11:24:53,694.5,4907,65040,336190400,0,0,0
i2204,20220218,20220218,112453500,11:24:53,694.5,4907,65040,336190400,0,0,0
i2204,20220218,20220218,112454000,11:24:54,694.5,4907,65040,336190400,0,0,0
i2204,20220218,20220218,112454500,11:24:54,694.5,4907,65040,336190400,0,0,0
i2204,20220218,20220218,112455000,11:24:55,694.5,4907,65040,336190400,0,0,0
i2204,20220218,20220218,112455500,11:24:56,694.5,4907,65040,336190400,0,0,0
i2204,20220218,20220218,112456000,11:24:56,694.5,4907,65040,336190400,0,0,0
i2204,20220218,20220218,112456500,11:24:56,694.5,4907,65040,336190400,0,0,0
i2204,20220218,20220218,112457000,11:24:57,694.5,4907,65040,336190400,0,0,0
i2204,20220218,20220218,112457500,11:24:57,694.5,4907,65040,336190400,0,0,0
i2204,20220218,20220218,112458000,11:24:58,694.5,4907,65040,336190400,0,0,0
i2204,20220218,20220218,112458500,11:24:58,694.5,4907,65040,336190400,0,0,0
i2204,20220218,20220218,112459000,11:24:59,694.5,4907,65040,336190400,0,0,0
i2204,20220218,20220218,112459500,11:24:59,694.5,4907,65040,336190400,0,0,0
i2204,20220218,20220218,112500000,11:25:00,694.5,4907,65040,336190400,0,0,0
i2204,20220218,20220218,112500500,11:25:01,694.5,4907,65040,336190400,0,0,0
i2204,20220218,20220218,112501000,11:25:01,694.5,4907,65040,336190400,0,0,0
i2204,20220218,20220218,112501500,11:25:04,694.5,4907,65040,336190400,0,0,0
i2204,20220218,20220218,112502000,11:25:05,694.5,4907,65040,336190400,0,0,0
i2204,20220218,20220218,112502500,11:25:06,694.5,4907,65040,336190400,0,0,0
i2204,20220218,20220218,112504500,11:25:06,694.5,4907,65040,336190400,0,0,0
i2204,20220218,20220218,112505000,11:25:06,694.5,4907,65040,336190400,0,0,0
i2204,20220218,20220218,112505500,11:25:06,694.5,4907,65040,336190400,0,0,0
i2204,20220218,20220218,112506000,11:25:06,694.5,4907,65040,336190400,0,0,0
i2204,20220218,20220218,112506500,11:25:07,694.5,4907,65040,336190400,0,0,0
i2204,20220218,20220218,112507000,11:25:07,694.5,4907,65040,336190400,0,0,0
i2204,20220218,20220218,112507500,11:25:07,694.5,4907,65040,336190400,0,0,0
i2204,20220218,20220218,112508000,11:25:08,694.5,4907,65040,336190400,0,0,0
i2204,20220218,20220218,112508500,11:25:08,694.5,4907,65040,336190400,0,0,0
i2204,20220218,20220218,112509000,11:25:09,695.5,4911,65037,336468450,4,-3,278050
i2204,20220218,20220218,112509500,11:25:09,695.5,4912,65036,336538000,1,-1,69550
i2204,20220218,20220218,112510000,11:25:10,695.5,4912,65036,336538000,0,0,0
i2204,20220218,20220218,112510500,11:25:10,695.5,4912,65036,336538000,0,0,0
i2204,20220218,20220218,112511000,11:25:11,695.5,4912,65036,336538000,0,0,0
i2204,20220218,20220218,112511500,11:25:11,695.5,4912,65036,336538000,0,0,0
i2204,20220218,20220218,112512000,11:25:12,695.5,4912,65036,336538000,0,0,0
i2204,20220218,20220218,112512500,11:25:12,695.5,4912,65036,336538000,0,0,0
i2204,20220218,20220218,112513000,11:25:13,695.5,4912,65036,336538000,0,0,0
i2204,20220218,20220218,112513500,11:25:15,695.5,4912,65036,336538000,0,0,0
i2204,20220218,20220218,112514000,11:25:15,695.5,4912,65036,336538000,0,0,0
i2204,20220218,20220218,112514500,11:25:15,695.5,4912,65036,336538000,0,0,0
i2204,20220218,20220218,112515000,11:25:16,695.5,4912,65036,336538000,0,0,0
i2204,20220218,20220218,112515500,11:25:16,695.5,4912,65036,336538000,0,0,0
i2204,20220218,20220218,112516500,11:25:16,695.5,4912,65036,336538000,0,0,0
i2204,20220218,20220218,112517000,11:25:18,695.5,4912,65036,336538000,0,0,0
i2204,20220218,20220218,112517500,11:25:18,695.5,4912,65036,336538000,0,0,0
i2204,20220218,20220218,112518000,11:25:19,695.5,4912,65036,336538000,0,0,0
i2204,20220218,20220218,112518500,11:25:19,695.5,4912,65036,336538000,0,0,0
i2204,20220218,20220218,112519000,11:25:19,695.5,4912,65036,336538000,0,0,0
i2204,20220218,20220218,112519500,11:25:19,695.5,4912,65036,336538000,0,0,0
i2204,20220218,20220218,112520000,11:25:20,695.5,4912,65036,336538000,0,0,0
i2204,20220218,20220218,112520500,11:25:21,695.5,4912,65036,336538000,0,0,0
i2204,20220218,20220218,112521000,11:25:21,695.5,4912,65036,336538000,0,0,0
i2204,20220218,20220218,112521500,11:25:22,695.5,4912,65036,336538000,0,0,0
i2204,20220218,20220218,112522000,11:25:22,695.5,4912,65036,336538000,0,0,0
i2204,20220218,20220218,112522500,11:25:23,695.5,4912,65036,336538000,0,0,0
i2204,20220218,20220218,112523000,11:25:23,695.5,4912,65036,336538000,0,0,0
i2204,20220218,20220218,112523500,11:25:24,695.5,4912,65036,336538000,0,0,0
i2204,20220218,20220218,112524000,11:25:25,695.5,4912,65036,336538000,0,0,0
i2204,20220218,20220218,112525000,11:25:25,695.5,4912,65036,336538000,0,0,0
i2204,20220218,20220218,112525500,11:25:26,695.5,4912,65036,336538000,0,0,0
i2204,20220218,20220218,112526000,11:25:26,695.5,4912,65036,336538000,0,0,0
i2204,20220218,20220218,112526500,11:25:27,695.5,4912,65036,336538000,0,0,0
i2204,20220218,20220218,112527000,11:25:28,695.5,4912,65036,336538000,0,0,0
i2204,20220218,20220218,112527500,11:25:28,695.5,4912,65036,336538000,0,0,0
i2204,20220218,20220218,112529000,11:25:29,695.5,4912,65036,336538000,0,0,0
i2204,20220218,20220218,112529500,11:25:30,695,4914,65037,336677000,2,1,139000
i2204,20220218,20220218,112530000,11:25:31,695,4914,65037,336677000,0,0,0
i2204,20220218,20220218,112530500,11:25:31,695,4914,65037,336677000,0,0,0
i2204,20220218,20220218,112531000,11:25:31,695,4914,65037,336677000,0,0,0
i2204,20220218,20220218,112531500,11:25:32,695,4914,65037,336677000,0,0,0
i2204,20220218,20220218,112535500,11:25:37,695,4914,65037,336677000,0,0,0
i2204,20220218,20220218,112539000,11:25:39,695,4914,65037,336677000,0,0,0
i2204,20220218,20220218,112539500,11:25:40,695,4914,65037,336677000,0,0,0
i2204,20220218,20220218,112540000,11:25:40,695,4914,65037,336677000,0,0,0
i2204,20220218,20220218,112540500,11:25:41,695,4914,65037,336677000,0,0,0
i2204,20220218,20220218,112541000,11:25:41,695,4914,65037,336677000,0,0,0
i2204,20220218,20220218,112541500,11:25:41,695,4914,65037,336677000,0,0,0
i2204,20220218,20220218,112542000,11:25:42,695,4914,65037,336677000,0,0,0
i2204,20220218,20220218,112542500,11:25:43,695,4914,65037,336677000,0,0,0
i2204,20220218,20220218,112543000,11:25:43,695,4914,65037,336677000,0,0,0
i2204,20220218,20220218,112543500,11:25:43,695,4914,65037,336677000,0,0,0
i2204,20220218,20220218,112544000,11:25:44,695,4914,65037,336677000,0,0,0
i2204,20220218,20220218,112544500,11:25:44,695,4914,65037,336677000,0,0,0
i2204,20220218,20220218,112545000,11:25:45,695,4914,65037,336677000,0,0,0
i2204,20220218,20220218,112545500,11:25:46,695,4914,65037,336677000,0,0,0
i2204,20220218,20220218,112547500,11:25:48,695,4914,65037,336677000,0,0,0
i2204,20220218,20220218,112555000,11:25:55,695,4914,65037,336677000,0,0,0
i2204,20220218,20220218,112606000,11:26:06,695,4916,65035,336816000,2,-2,139000
i2204,20220218,20220218,112606500,11:26:07,695,4916,65035,336816000,0,0,0
i2204,20220218,20220218,112607000,11:26:09,695,4916,65035,336816000,0,0,0
i2204,20220218,20220218,112611000,11:26:11,695,4916,65035,336816000,0,0,0
i2204,20220218,20220218,112611500,11:26:13,695,4916,65035,336816000,0,0,0
i2204,20220218,20220218,112612000,11:26:14,695,4916,65035,336816000,0,0,0
i2204,20220218,20220218,112612500,11:26:14,695,4916,65035,336816000,0,0,0
i2204,20220218,20220218,112613000,11:26:15,695,4916,65035,336816000,0,0,0
i2204,20220218,20220218,112618500,11:26:18,695,4916,65035,336816000,0,0,0
i2204,20220218,20220218,112620000,11:26:20,695,4916,65035,336816000,0,0,0
i2204,20220218,20220218,112621000,11:26:21,695,4916,65035,336816000,0,0,0
i2204,20220218,20220218,112621500,11:26:21,695,4916,65035,336816000,0,0,0
i2204,20220218,20220218,112622000,11:26:22,695,4916,65035,336816000,0,0,0
i2204,20220218,20220218,112622500,11:26:22,695,4916,65035,336816000,0,0,0
i2204,20220218,20220218,112623500,11:26:23,695,4916,65035,336816000,0,0,0
i2204,20220218,20220218,112624000,11:26:24,695,4916,65035,336816000,0,0,0
i2204,20220218,20220218,112624500,11:26:24,695,4916,65035,336816000,0,0,0
i2204,20220218,20220218,112625000,11:26:25,695,4916,65035,336816000,0,0,0
i2204,20220218,20220218,112625500,11:26:25,695,4916,65035,336816000,0,0,0
i2204,20220218,20220218,112626000,11:26:26,695,4916,65035,336816000,0,0,0
i2204,20220218,20220218,112626500,11:26:26,695,4916,65035,336816000,0,0,0
i2204,20220218,20220218,112627000,11:26:27,695,4916,65035,336816000,0,0,0
i2204,20220218,20220218,112627500,11:26:27,695,4916,65035,336816000,0,0,0
i2204,20220218,20220218,112628000,11:26:28,695,4916,65035,336816000,0,0,0
i2204,20220218,20220218,112628500,11:26:28,695,4916,65035,336816000,0,0,0
i2204,20220218,20220218,112629000,11:26:29,695,4916,65035,336816000,0,0,0
i2204,20220218,20220218,112629500,11:26:30,695,4916,65035,336816000,0,0,0
i2204,20220218,20220218,112630000,11:26:31,695,4916,65035,336816000,0,0,0
i2204,20220218,20220218,112630500,11:26:31,695,4916,65035,336816000,0,0,0
i2204,20220218,20220218,112631000,11:26:31,695,4916,65035,336816000,0,0,0
i2204,20220218,20220218,112631500,11:26:32,695,4916,65035,336816000,0,0,0
i2204,20220218,20220218,112632000,11:26:32,695,4916,65035,336816000,0,0,0
i2204,20220218,20220218,112632500,11:26:32,695,4916,65035,336816000,0,0,0
i2204,20220218,20220218,112633000,11:26:33,695,4916,65035,336816000,0,0,0
i2204,20220218,20220218,112633500,11:26:34,695,4916,65035,336816000,0,0,0
i2204,20220218,20220218,112634000,11:26:35,695,4916,65035,336816000,0,0,0
i2204,20220218,20220218,112634500,11:26:37,695,4916,65035,336816000,0,0,0
i2204,20220218,20220218,112635000,11:26:37,695,4916,65035,336816000,0,0,0
i2204,20220218,20220218,112635500,11:26:38,695,4916,65035,336816000,0,0,0
i2204,20220218,20220218,112636000,11:26:38,695,4916,65035,336816000,0,0,0
i2204,20220218,20220218,112637000,11:26:46,695,4916,65035,336816000,0,0,0
i2204,20220218,20220218,112637500,11:26:54,695,4916,65035,336816000,0,0,0
i2204,20220218,20220218,112638000,11:27:10,695,4916,65035,336816000,0,0,0
i2204,20220218,20220218,112638500,11:27:10,695,4916,65035,336816000,0,0,0
i2204,20220218,20220218,112653500,11:27:11,695,4916,65035,336816000,0,0,0
i2204,20220218,20220218,112709500,11:27:12,695,4916,65035,336816000,0,0,0
i2204,20220218,20220218,112712500,11:27:13,695,4916,65035,336816000,0,0,0
i2204,20220218,20220218,112715500,11:27:16,695,4916,65035,336816000,0,0,0
i2204,20220218,20220218,112716500,11:27:17,695.5,4917,65035,336885550,1,0,69550
i2204,20220218,20220218,112717000,11:27:17,695.5,4917,65035,336885550,0,0,0
i2204,20220218,20220218,112717500,11:27:17,695.5,4917,65035,336885550,0,0,0
i2204,20220218,20220218,112718000,11:27:18,695.5,4917,65035,336885550,0,0,0
i2204,20220218,20220218,112718500,11:27:19,695.5,4917,65035,336885550,0,0,0
i2204,20220218,20220218,112720500,11:27:21,695.5,4917,65035,336885550,0,0,0
i2204,20220218,20220218,112722000,11:27:22,695.5,4917,65035,336885550,0,0,0
i2204,20220218,20220218,112722500,11:27:22,695.5,4917,65035,336885550,0,0,0
i2204,20220218,20220218,112723000,11:27:26,695.5,4917,65035,336885550,0,0,0
i2204,20220218,20220218,112723500,11:27:27,695.5,4917,65035,336885550,0,0,0
i2204,20220218,20220218,112724000,11:27:27,695.5,4917,65035,336885550,0,0,0
i2204,20220218,20220218,112726500,11:27:27,695.5,4917,65035,336885550,0,0,0
i2204,20220218,20220218,112727000,11:27:27,695.5,4917,65035,336885550,0,0,0
i2204,20220218,20220218,112727500,11:27:27,695.5,4917,65035,336885550,0,0,0
i2204,20220218,20220218,112728000,11:27:28,695.5,4917,65035,336885550,0,0,0
i2204,20220218,20220218,112728500,11:27:28,695.5,4917,65035,336885550,0,0,0
i2204,20220218,20220218,112729000,11:27:29,695.5,4917,65035,336885550,0,0,0
i2204,20220218,20220218,112729500,11:27:29,695.5,4917,65035,336885550,0,0,0
i2204,20220218,20220218,112730000,11:27:30,695.5,4917,65035,336885550,0,0,0
i2204,20220218,20220218,112730500,11:27:31,695.5,4917,65035,336885550,0,0,0
i2204,20220218,20220218,112731000,11:27:33,695.5,4917,65035,336885550,0,0,0
i2204,20220218,20220218,112731500,11:27:35,695.5,4917,65035,336885550,0,0,0
i2204,20220218,20220218,112732000,11:27:36,695.5,4917,65035,336885550,0,0,0
i2204,20220218,20220218,112732500,11:27:36,695.5,4917,65035,336885550,0,0,0
i2204,20220218,20220218,112735500,11:27:36,695.5,4917,65035,336885550,0,0,0
i2204,20220218,20220218,112736000,11:27:37,695.5,4917,65035,336885550,0,0,0
i2204,20220218,20220218,112736500,11:27:38,695.5,4917,65035,336885550,0,0,0
i2204,20220218,20220218,112737000,11:27:38,695.5,4917,65035,336885550,0,0,0
i2204,20220218,20220218,112737500,11:27:38,695.5,4917,65035,336885550,0,0,0
i2204,20220218,20220218,112738000,11:27:39,695.5,4917,65035,336885550,0,0,0
i2204,20220218,20220218,112738500,11:27:39,695.5,4917,65035,336885550,0,0,0
i2204,20220218,20220218,112739000,11:27:39,695.5,4917,65035,336885550,0,0,0
i2204,20220218,20220218,112739500,11:27:39,695.5,4917,65035,336885550,0,0,0
i2204,20220218,20220218,112740000,11:27:40,695.5,4917,65035,336885550,0,0,0
i2204,20220218,20220218,112740500,11:27:40,695.5,4917,65035,336885550,0,0,0
i2204,20220218,20220218,112741000,11:27:41,695.5,4917,65035,336885550,0,0,0
i2204,20220218,20220218,112741500,11:27:42,695.5,4917,65035,336885550,0,0,0
i2204,20220218,20220218,112742000,11:27:42,695.5,4917,65035,336885550,0,0,0
i2204,20220218,20220218,112742500,11:27:43,695.5,4917,65035,336885550,0,0,0
i2204,20220218,20220218,112743000,11:27:43,695.5,4917,65035,336885550,0,0,0
i2204,20220218,20220218,112743500,11:27:43,695.5,4917,65035,336885550,0,0,0
i2204,20220218,20220218,112744000,11:27:44,695.5,4917,65035,336885550,0,0,0
i2204,20220218,20220218,112744500,11:27:45,695.5,4917,65035,336885550,0,0,0
i2204,20220218,20220218,112745000,11:27:45,695.5,4917,65035,336885550,0,0,0
i2204,20220218,20220218,112745500,11:27:46,695.5,4917,65035,336885550,0,0,0
i2204,20220218,20220218,112753500,11:27:54,695.5,4917,65035,336885550,0,0,0
i2204,20220218,20220218,112754500,11:27:54,695.5,4917,65035,336885550,0,0,0
i2204,20220218,20220218,112755000,11:27:55,695.5,4917,65035,336885550,0,0,0
i2204,20220218,20220218,112756000,11:27:56,695.5,4917,65035,336885550,0,0,0
i2204,20220218,20220218,112758000,11:27:58,695.5,4917,65035,336885550,0,0,0
i2204,20220218,20220218,112801000,11:28:01,695.5,4917,65035,336885550,0,0,0
i2204,20220218,20220218,112802000,11:28:03,695.5,4917,65035,336885550,0,0,0
i2204,20220218,20220218,112803000,11:28:04,695.5,4917,65035,336885550,0,0,0
i2204,20220218,20220218,112805500,11:28:06,695.5,4917,65035,336885550,0,0,0
i2204,20220218,20220218,112806000,11:28:10,695.5,4917,65035,336885550,0,0,0
i2204,20220218,20220218,112806500,11:28:10,695.5,4917,65035,336885550,0,0,0
i2204,20220218,20220218,112807000,11:28:10,695.5,4917,65035,336885550,0,0,0
i2204,20220218,20220218,112807500,11:28:11,695.5,4917,65035,336885550,0,0,0
i2204,20220218,20220218,112810000,11:28:11,695.5,4917,65035,336885550,0,0,0
i2204,20220218,20220218,112810500,11:28:12,695.5,4917,65035,336885550,0,0,0
i2204,20220218,20220218,112811000,11:28:12,695.5,4917,65035,336885550,0,0,0
i2204,20220218,20220218,112811500,11:28:12,695.5,4917,65035,336885550,0,0,0
i2204,20220218,20220218,112812000,11:28:13,695.5,4917,65035,336885550,0,0,0
i2204,20220218,20220218,112812500,11:28:13,695.5,4917,65035,336885550,0,0,0
i2204,20220218,20220218,112813000,11:28:13,695.5,4917,65035,336885550,0,0,0
i2204,20220218,20220218,112813500,11:28:14,695.5,4917,65035,336885550,0,0,0
i2204,20220218,20220218,112814000,11:28:14,695.5,4917,65035,336885550,0,0,0
i2204,20220218,20220218,112814500,11:28:14,695.5,4917,65035,336885550,0,0,0
i2204,20220218,20220218,112815000,11:28:15,695.5,4917,65035,336885550,0,0,0
i2204,20220218,20220218,112819000,11:28:19,695.5,4917,65035,336885550,0,0,0
i2204,20220218,20220218,112824000,11:28:24,695.5,4917,65035,336885550,0,0,0
i2204,20220218,20220218,112825500,11:28:25,695.5,4917,65035,336885550,0,0,0
i2204,20220218,20220218,112826000,11:28:26,695.5,4917,65035,336885550,0,0,0
i2204,20220218,20220218,112826500,11:28:27,695.5,4917,65035,336885550,0,0,0
i2204,20220218,20220218,112827000,11:28:27,695.5,4917,65035,336885550,0,0,0
i2204,20220218,20220218,112827500,11:28:27,696.5,4942,65020,338626150,25,-15,1740600
i2204,20220218,20220218,112828000,11:28:28,696.5,4942,65020,338626150,0,0,0
i2204,20220218,20220218,112828500,11:28:28,696.5,4942,65020,338626150,0,0,0
i2204,20220218,20220218,112829500,11:28:29,696.5,4942,65020,338626150,0,0,0
i2204,20220218,20220218,112831000,11:28:31,696,4946,65016,338904550,4,-4,278400
i2204,20220218,20220218,112831500,11:28:31,696,4946,65016,338904550,0,0,0
i2204,20220218,20220218,112833500,11:28:33,696,4946,65016,338904550,0,0,0
i2204,20220218,20220218,112834000,11:28:34,696,4946,65016,338904550,0,0,0
i2204,20220218,20220218,112834500,11:28:34,696,4946,65016,338904550,0,0,0
i2204,20220218,20220218,112835000,11:28:35,696,4946,65016,338904550,0,0,0
i2204,20220218,20220218,112835500,11:28:35,696,4946,65016,338904550,0,0,0
i2204,20220218,20220218,112850000,11:28:50,696,4946,65016,338904550,0,0,0
i2204,20220218,20220218,112850500,11:28:50,696,4946,65016,338904550,0,0,0
i2204,20220218,20220218,112851500,11:28:52,696,4946,65016,338904550,0,0,0
i2204,20220218,20220218,112852000,11:28:53,696,4946,65016,338904550,0,0,0
i2204,20220218,20220218,112852500,11:28:54,696,4946,65016,338904550,0,0,0
i2204,20220218,20220218,112853000,11:28:54,696,4946,65016,338904550,0,0,0
i2204,20220218,20220218,112853500,11:28:54,695.5,4948,65015,339043650,2,-1,139100
i2204,20220218,20220218,112854000,11:28:54,695.5,4949,65014,339113200,1,-1,69550
i2204,20220218,20220218,112854500,11:28:54,695.5,4949,65014,339113200,0,0,0
i2204,20220218,20220218,112855000,11:28:55,695.5,4949,65014,339113200,0,0,0
i2204,20220218,20220218,112855500,11:28:56,695.5,4949,65014,339113200,0,0,0
i2204,20220218,20220218,112856500,11:28:56,695.5,4949,65014,339113200,0,0,0
i2204,20220218,20220218,112857000,11:28:57,695.5,4949,65014,339113200,0,0,0
i2204,20220218,20220218,112857500,11:28:58,695.5,4949,65014,339113200,0,0,0
i2204,20220218,20220218,112900500,11:29:01,695.5,4949,65014,339113200,0,0,0
i2204,20220218,20220218,112901000,11:29:01,695.5,4949,65014,339113200,0,0,0
i2204,20220218,20220218,112901500,11:29:01,695.5,4949,65014,339113200,0,0,0
i2204,20220218,20220218,112902000,11:29:02,696.5,4950,65013,339182850,1,-1,69650
i2204,20220218,20220218,112902500,11:29:03,696.5,4950,65013,339182850,0,0,0
i2204,20220218,20220218,112906500,11:29:06,696,4951,65012,339252450,1,-1,69600
i2204,20220218,20220218,112907000,11:29:07,696,4951,65012,339252450,0,0,0
i2204,20220218,20220218,112907500,11:29:08,696,4951,65012,339252450,0,0,0
i2204,20220218,20220218,112908500,11:29:08,696,4951,65012,339252450,0,0,0
i2204,20220218,20220218,112909000,11:29:09,696,4951,65012,339252450,0,0,0
i2204,20220218,20220218,112909500,11:29:09,696.5,4956,65015,339600700,5,3,348250
i2204,20220218,20220218,112910000,11:29:10,696.5,4956,65015,339600700,0,0,0
i2204,20220218,20220218,112911500,11:29:12,696.5,4956,65015,339600700,0,0,0
i2204,20220218,20220218,112913500,11:29:14,696.5,4956,65015,339600700,0,0,0
i2204,20220218,20220218,112914000,11:29:14,696.5,4960,65015,339879300,4,0,278600
i2204,20220218,20220218,112916000,11:29:16,696.5,4960,65015,339879300,0,0,0
i2204,20220218,20220218,112916500,11:29:20,696.5,4960,65015,339879300,0,0,0
i2204,20220218,20220218,112917000,11:29:20,696.5,4960,65015,339879300,0,0,0
i2204,20220218,20220218,112917500,11:29:21,696.5,4960,65015,339879300,0,0,0
i2204,20220218,20220218,112918000,11:29:21,696.5,4960,65015,339879300,0,0,0
i2204,20220218,20220218,112920500,11:29:21,696.5,4960,65015,339879300,0,0,0
i2204,20220218,20220218,112921000,11:29:22,696.5,4960,65015,339879300,0,0,0
i2204,20220218,20220218,112921500,11:29:24,696.5,4960,65015,339879300,0,0,0
i2204,20220218,20220218,112922000,11:29:24,696.5,4960,65015,339879300,0,0,0
i2204,20220218,20220218,112922500,11:29:24,696.5,4960,65015,339879300,0,0,0
i2204,20220218,20220218,112923000,11:29:24,696.5,4960,65015,339879300,0,0,0
i2204,20220218,20220218,112924000,11:29:24,696.5,4960,65015,339879300,0,0,0
i2204,20220218,20220218,112924500,11:29:25,696.5,4960,65015,339879300,0,0,0
i2204,20220218,20220218,112925000,11:29:25,696.5,4960,65015,339879300,0,0,0
i2204,20220218,20220218,112925500,11:29:25,696.5,4960,65015,339879300,0,0,0
i2204,20220218,20220218,112926000,11:29:26,696.5,4960,65015,339879300,0,0,0
i2204,20220218,20220218,112926500,11:29:26,696.5,4960,65015,339879300,0,0,0
i2204,20220218,20220218,112927000,11:29:27,696,4961,65015,339948900,1,0,69600
i2204,20220218,20220218,112927500,11:29:27,696,4961,65015,339948900,0,0,0
i2204,20220218,20220218,112928000,11:29:28,696,4961,65015,339948900,0,0,0
i2204,20220218,20220218,112928500,11:29:29,696,4961,65015,339948900,0,0,0
i2204,20220218,20220218,112929000,11:29:29,696,4961,65015,339948900,0,0,0
i2204,20220218,20220218,112931000,11:29:32,696,4961,65015,339948900,0,0,0
i2204,20220218,20220218,112931500,11:29:32,696,4961,65015,339948900,0,0,0
i2204,20220218,20220218,112932000,11:29:32,696,4961,65015,339948900,0,0,0
i2204,20220218,20220218,112932500,11:29:37,696,4961,65015,339948900,0,0,0
i2204,20220218,20220218,112933000,11:29:37,696,4961,65015,339948900,0,0,0
i2204,20220218,20220218,112936500,11:29:38,696,4961,65015,339948900,0,0,0
i2204,20220218,20220218,112937500,11:29:38,696,4961,65015,339948900,0,0,0
i2204,20220218,20220218,112940000,11:29:40,696,4961,65015,339948900,0,0,0
i2204,20220218,20220218,112940500,11:29:40,696,4961,65015,339948900,0,0,0
i2204,20220218,20220218,112941000,11:29:41,696,4961,65015,339948900,0,0,0
i2204,20220218,20220218,112941500,11:29:42,696,4961,65015,339948900,0,0,0
i2204,20220218,20220218,112942000,11:29:44,696,4961,65015,339948900,0,0,0
i2204,20220218,20220218,112942500,11:29:44,696,4961,65015,339948900,0,0,0
i2204,20220218,20220218,112943000,11:29:45,696,4961,65015,339948900,0,0,0
i2204,20220218,20220218,112943500,11:29:45,696,4961,65015,339948900,0,0,0
i2204,20220218,20220218,112944000,11:29:45,696,4961,65015,339948900,0,0,0
i2204,20220218,20220218,112944500,11:29:45,696,4961,65015,339948900,0,0,0
i2204,20220218,20220218,112945000,11:29:46,696,4961,65015,339948900,0,0,0
i2204,20220218,20220218,112945500,11:29:46,696,4961,65015,339948900,0,0,0
i2204,20220218,20220218,112946000,11:29:46,696,4961,65015,339948900,0,0,0
i2204,20220218,20220218,112946500,11:29:47,696,4961,65015,339948900,0,0,0
i2204,20220218,20220218,112947000,11:29:47,696,4961,65015,339948900,0,0,0
i2204,20220218,20220218,112947500,11:29:48,696,4961,65015,339948900,0,0,0
i2204,20220218,20220218,112948000,11:29:49,696,4961,65015,339948900,0,0,0
i2204,20220218,20220218,112948500,11:29:50,696,4961,65015,339948900,0,0,0
i2204,20220218,20220218,112949000,11:29:50,696,4961,65015,339948900,0,0,0
i2204,20220218,20220218,112949500,11:29:50,696,4961,65015,339948900,0,0,0
i2204,20220218,20220218,112950000,11:29:51,696,4961,65015,339948900,0,0,0
i2204,20220218,20220218,112950500,11:29:52,696,4961,65015,339948900,0,0,0
i2204,20220218,20220218,112951500,11:29:52,697,4965,65013,340227400,4,-2,278500
i2204,20220218,20220218,112954500,11:29:54,697,4965,65013,340227400,0,0,0
i2204,20220218,20220218,112955000,11:29:55,697,4965,65013,340227400,0,0,0
i2204,20220218,20220218,112956000,11:30:00,697,4965,65013,340227400,0,0,0
i2204,20220218,20220218,112957000,11:30:00,697,4965,65013,340227400,0,0,0
i2204,20220218,20220218,112957500,11:30:02,697,4965,65013,340227400,0,0,0
i2204,20220218,20220218,112959500,11:30:02,697,4965,65013,340227400,0,0,0
i2204,20220218,20220218,113001000,11:30:03,697,4965,65013,340227400,0,0,0
i2204,20220218,20220218,133002000,13:30:08,698,4970,65017,340576000,5,4,348600
i2204,20220218,20220218,133002500,13:30:09,698,4970,65017,340576000,0,0,0
i2204,20220218,20220218,133006500,13:30:10,697,4975,65014,340924500,5,-3,348500
i2204,20220218,20220218,133009500,13:30:10,697,4975,65014,340924500,0,0,0
i2204,20220218,20220218,133010000,13:30:11,697,4975,65014,340924500,0,0,0
i2204,20220218,20220218,133010500,13:30:12,697,4975,65014,340924500,0,0,0
i2204,20220218,20220218,133011000,13:30:13,697,4975,65014,340924500,0,0,0
i2204,20220218,20220218,133012500,13:30:13,697,4975,65014,340924500,0,0,0
i2204,20220218,20220218,133013000,13:30:13,697,4975,65014,340924500,0,0,0
i2204,20220218,20220218,133013500,13:30:14,697,4975,65014,340924500,0,0,0
i2204,20220218,20220218,133014000,13:30:16,697,4975,65014,340924500,0,0,0
i2204,20220218,20220218,133017500,13:30:19,697,4975,65014,340924500,0,0,0
i2204,20220218,20220218,133018000,13:30:19,697,4975,65014,340924500,0,0,0
i2204,20220218,20220218,133018500,13:30:20,697,4975,65014,340924500,0,0,0
i2204,20220218,20220218,133019000,13:30:20,697,4975,65014,340924500,0,0,0
i2204,20220218,20220218,133019500,13:30:21,697,4975,65014,340924500,0,0,0
i2204,20220218,20220218,133022500,13:30:38,697,4975,65014,340924500,0,0,0
i2204,20220218,20220218,133038000,13:30:40,697,4975,65014,340924500,0,0,0
i2204,20220218,20220218,133044000,13:30:46,698.5,4977,65012,341064200,2,-2,139700
i2204,20220218,20220218,133045500,13:30:46,698.5,4977,65012,341064200,0,0,0
i2204,20220218,20220218,133046000,13:30:47,698.5,4977,65012,341064200,0,0,0
i2204,20220218,20220218,133046500,13:30:47,698.5,4977,65012,341064200,0,0,0
i2204,20220218,20220218,133047000,13:30:48,698.5,4977,65012,341064200,0,0,0
i2204,20220218,20220218,133047500,13:30:48,698.5,4977,65012,341064200,0,0,0
i2204,20220218,20220218,133050500,13:30:52,698.5,4977,65012,341064200,0,0,0
i2204,20220218,20220218,133051000,13:30:52,698.5,4977,65012,341064200,0,0,0
i2204,20220218,20220218,133051500,13:30:52,698.5,4977,65012,341064200,0,0,0
i2204,20220218,20220218,133052000,13:30:53,698.5,4977,65012,341064200,0,0,0
i2204,20220218,20220218,133053000,13:30:54,698.5,4977,65012,341064200,0,0,0
i2204,20220218,20220218,133053500,13:30:54,698.5,4977,65012,341064200,0,0,0
i2204,20220218,20220218,133055000,13:30:56,698.5,4977,65012,341064200,0,0,0
i2204,20220218,20220218,133055500,13:30:56,698.5,4977,65012,341064200,0,0,0
i2204,20220218,20220218,133056000,13:30:57,698.5,4977,65012,341064200,0,0,0
i2204,20220218,20220218,133056500,13:30:57,698.5,4977,65012,341064200,0,0,0
i2204,20220218,20220218,133057500,13:30:58,698.5,4977,65012,341064200,0,0,0
i2204,20220218,20220218,133059000,13:30:59,699,4980,65010,341273900,3,-2,209700
i2204,20220218,20220218,133059500,13:31:00,699,4980,65010,341273900,0,0,0
i2204,20220218,20220218,133100000,13:31:00,699,4980,65010,341273900,0,0,0
i2204,20220218,20220218,133100500,13:31:00,699,4980,65010,341273900,0,0,0
i2204,20220218,20220218,133101000,13:31:01,699,4980,65010,341273900,0,0,0
i2204,20220218,20220218,133101500,13:31:01,699,4980,65010,341273900,0,0,0
i2204,20220218,20220218,133102000,13:31:02,699,4980,65010,341273900,0,0,0
i2204,20220218,20220218,133102500,13:31:03,699,4980,65010,341273900,0,0,0
i2204,20220218,20220218,133103500,13:31:05,699,4980,65010,341273900,0,0,0
i2204,20220218,20220218,133104000,13:31:06,699,4980,65010,341273900,0,0,0
i2204,20220218,20220218,133108500,13:31:09,699,4980,65010,341273900,0,0,0
i2204,20220218,20220218,133113500,13:31:14,699,4980,65010,341273900,0,0,0
i2204,20220218,20220218,133114000,13:31:15,699,4980,65010,341273900,0,0,0
i2204,20220218,20220218,133116000,13:31:16,699,4980,65010,341273900,0,0,0
i2204,20220218,20220218,133124500,13:31:25,699,4980,65010,341273900,0,0,0
i2204,20220218,20220218,133159000,13:31:59,699,4980,65010,341273900,0,0,0
i2204,20220218,20220218,133200500,13:32:01,699,4980,65010,341273900,0,0,0
i2204,20220218,20220218,133201000,13:32:01,699,4980,65010,341273900,0,0,0
i2204,20220218,20220218,133202500,13:32:04,699,4980,65010,341273900,0,0,0
i2204,20220218,20220218,133203000,13:32:04,699,4980,65010,341273900,0,0,0
i2204,20220218,20220218,133209000,13:32:10,699,4980,65010,341273900,0,0,0
i2204,20220218,20220218,133209500,13:32:10,699,4980,65010,341273900,0,0,0
i2204,20220218,20220218,133210000,13:32:11,699,4980,65010,341273900,0,0,0
i2204,20220218,20220218,133210500,13:32:13,698,4994,65007,342251100,14,-3,977200
i2204,20220218,20220218,133211000,13:32:14,698,4994,65007,342251100,0,0,0
i2204,20220218,20220218,133213000,13:32:15,698,4994,65007,342251100,0,0,0
i2204,20220218,20220218,133214000,13:32:15,698,4994,65007,342251100,0,0,0
i2204,20220218,20220218,133215000,13:32:16,698,4994,65007,342251100,0,0,0
i2204,20220218,20220218,133215500,13:32:16,698,4994,65007,342251100,0,0,0
i2204,20220218,20220218,133219500,13:32:20,698,4994,65007,342251100,0,0,0
i2204,20220218,20220218,133220000,13:32:21,698,4994,65007,342251100,0,0,0
i2204,20220218,20220218,133220500,13:32:21,698,4994,65007,342251100,0,0,0
i2204,20220218,20220218,133221000,13:32:21,698,4994,65007,342251100,0,0,0
i2204,20220218,20220218,133221500,13:32:22,698,4994,65007,342251100,0,0,0
i2204,20220218,20220218,133222000,13:32:23,698,4994,65007,342251100,0,0,0
i2204,20220218,20220218,133225500,13:32:26,697,4999,65007,342599600,5,0,348500
i2204,20220218,20220218,133226000,13:32:27,697,4999,65007,342599600,0,0,0
i2204,20220218,20220218,133228500,13:32:32,697,4999,65007,342599600,0,0,0
i2204,20220218,20220218,133234500,13:32:35,697,4999,65007,342599600,0,0,0
i2204,20220218,20220218,133235000,13:32:36,697,5000,65007,342669300,1,0,69700
i2204,20220218,20220218,133236000,13:32:37,697,5002,65008,342808700,2,1,139400
i2204,20220218,20220218,133236500,13:32:37,697,5002,65008,342808700,0,0,0
i2204,20220218,20220218,133239000,13:32:39,697,5002,65008,342808700,0,0,0
i2204,20220218,20220218,133239500,13:32:40,697,5002,65008,342808700,0,0,0
i2204,20220218,20220218,133240000,13:32:40,697,5002,65008,342808700,0,0,0
i2204,20220218,20220218,133244500,13:32:45,697,5002,65008,342808700,0,0,0
i2204,20220218,20220218,133245000,13:32:45,697,5002,65008,342808700,0,0,0
i2204,20220218,20220218,133245500,13:32:45,697,5002,65008,342808700,0,0,0
i2204,20220218,20220218,133246000,13:32:47,697,5002,65008,342808700,0,0,0
i2204,20220218,20220218,133246500,13:32:47,697,5002,65008,342808700,0,0,0
i2204,20220218,20220218,133250500,13:32:52,697,5002,65008,342808700,0,0,0
i2204,20220218,20220218,133251000,13:32:52,697,5002,65008,342808700,0,0,0
i2204,20220218,20220218,133252500,13:32:53,697,5002,65008,342808700,0,0,0
i2204,20220218,20220218,133253000,13:32:53,697,5002,65008,342808700,0,0,0
i2204,20220218,20220218,133253500,13:32:54,697,5002,65008,342808700,0,0,0
i2204,20220218,20220218,133254000,13:32:54,697,5002,65008,342808700,0,0,0
i2204,20220218,20220218,133254500,13:32:55,697,5002,65008,342808700,0,0,0
i2204,20220218,20220218,133255000,13:32:55,697,5002,65008,342808700,0,0,0
i2204,20220218,20220218,133255500,13:32:55,696.5,5004,65008,342948000,2,0,139300
i2204,20220218,20220218,133256000,13:32:56,696.5,5004,65008,342948000,0,0,0
i2204,20220218,20220218,133256500,13:32:57,696.5,5004,65008,342948000,0,0,0
i2204,20220218,20220218,133257000,13:32:59,696.5,5004,65008,342948000,0,0,0
i2204,20220218,20220218,133257500,13:33:00,696.5,5004,65008,342948000,0,0,0
i2204,20220218,20220218,133258000,13:33:00,696.5,5004,65008,342948000,0,0,0
i2204,20220218,20220218,133259500,13:33:01,696.5,5004,65008,342948000,0,0,0
i2204,20220218,20220218,133300000,13:33:01,696.5,5004,65008,342948000,0,0,0
i2204,20220218,20220218,133300500,13:33:01,696.5,5004,65008,342948000,0,0,0
i2204,20220218,20220218,133301000,13:33:02,696.5,5004,65008,342948000,0,0,0
i2204,20220218,20220218,133301500,13:33:02,696.5,5004,65008,342948000,0,0,0
i2204,20220218,20220218,133302000,13:33:03,696.5,5004,65008,342948000,0,0,0
i2204,20220218,20220218,133302500,13:33:03,696.5,5004,65008,342948000,0,0,0
i2204,20220218,20220218,133303000,13:33:03,696.5,5004,65008,342948000,0,0,0
i2204,20220218,20220218,133303500,13:33:04,696.5,5004,65008,342948000,0,0,0
i2204,20220218,20220218,133304000,13:33:04,696.5,5004,65008,342948000,0,0,0
i2204,20220218,20220218,133304500,13:33:05,696.5,5004,65008,342948000,0,0,0
i2204,20220218,20220218,133306000,13:33:06,696.5,5004,65008,342948000,0,0,0
i2204,20220218,20220218,133306500,13:33:06,696.5,5004,65008,342948000,0,0,0
i2204,20220218,20220218,133320000,13:33:21,696.5,5004,65008,342948000,0,0,0
i2204,20220218,20220218,133320500,13:33:22,696.5,5004,65008,342948000,0,0,0
i2204,20220218,20220218,133321000,13:33:22,696.5,5004,65008,342948000,0,0,0
i2204,20220218,20220218,133321500,13:33:22,696.5,5004,65008,342948000,0,0,0
i2204,20220218,20220218,133322000,13:33:22,696.5,5004,65008,342948000,0,0,0
i2204,20220218,20220218,133322500,13:33:22,696.5,5004,65008,342948000,0,0,0
i2204,20220218,20220218,133325000,13:33:26,696.5,5004,65008,342948000,0,0,0
i2204,20220218,20220218,133325500,13:33:26,696.5,5004,65008,342948000,0,0,0
i2204,20220218,20220218,133330000,13:33:30,696.5,5004,65008,342948000,0,0,0
i2204,20220218,20220218,133331000,13:33:32,696.5,5004,65008,342948000,0,0,0
i2204,20220218,20220218,133331500,13:33:32,696.5,5004,65008,342948000,0,0,0
i2204,20220218,20220218,133332000,13:33:32,696.5,5004,65008,342948000,0,0,0
i2204,20220218,20220218,133333500,13:33:33,696.5,5004,65008,342948000,0,0,0
i2204,20220218,20220218,133334000,13:33:34,696.5,5004,65008,342948000,0,0,0
i2204,20220218,20220218,133334500,13:33:34,696.5,5004,65008,342948000,0,0,0
i2204,20220218,20220218,133335000,13:33:35,696.5,5004,65008,342948000,0,0,0
i2204,20220218,20220218,133335500,13:33:35,696.5,5004,65008,342948000,0,0,0
i2204,20220218,20220218,133336000,13:33:36,696.5,5004,65008,342948000,0,0,0
i2204,20220218,20220218,133336500,13:33:36,696.5,5004,65008,342948000,0,0,0
i2204,20220218,20220218,133337000,13:33:37,696.5,5004,65008,342948000,0,0,0
i2204,20220218,20220218,133337500,13:33:37,696.5,5004,65008,342948000,0,0,0
i2204,20220218,20220218,133338000,13:33:38,696.5,5004,65008,342948000,0,0,0
i2204,20220218,20220218,133338500,13:33:39,696.5,5004,65008,342948000,0,0,0
i2204,20220218,20220218,133339000,13:33:39,696.5,5004,65008,342948000,0,0,0
i2204,20220218,20220218,133339500,13:33:40,696.5,5004,65008,342948000,0,0,0
i2204,20220218,20220218,133340000,13:33:40,696.5,5004,65008,342948000,0,0,0
i2204,20220218,20220218,133340500,13:33:41,696.5,5004,65008,342948000,0,0,0
i2204,20220218,20220218,133341500,13:33:42,696.5,5004,65008,342948000,0,0,0
i2204,20220218,20220218,133345000,13:33:45,696.5,5004,65008,342948000,0,0,0
i2204,20220218,20220218,133345500,13:33:46,696.5,5004,65008,342948000,0,0,0
i2204,20220218,20220218,133346500,13:33:48,696.5,5004,65008,342948000,0,0,0
i2204,20220218,20220218,133347000,13:33:48,696.5,5004,65008,342948000,0,0,0
i2204,20220218,20220218,133347500,13:33:49,696.5,5004,65008,342948000,0,0,0
i2204,20220218,20220218,133351000,13:33:51,696.5,5004,65008,342948000,0,0,0
i2204,20220218,20220218,133351500,13:33:52,696.5,5004,65008,342948000,0,0,0
i2204,20220218,20220218,133352000,13:33:52,696.5,5004,65008,342948000,0,0,0
i2204,20220218,20220218,133352500,13:33:52,696.5,5004,65008,342948000,0,0,0
i2204,20220218,20220218,133353000,13:33:53,696.5,5004,65008,342948000,0,0,0
i2204,20220218,20220218,133353500,13:33:53,696.5,5004,65008,342948000,0,0,0
i2204,20220218,20220218,133354000,13:33:54,696.5,5004,65008,342948000,0,0,0
i2204,20220218,20220218,133354500,13:33:55,696.5,5004,65008,342948000,0,0,0
i2204,20220218,20220218,133355000,13:33:56,696.5,5004,65008,342948000,0,0,0
i2204,20220218,20220218,133355500,13:33:56,696.5,5004,65008,342948000,0,0,0
i2204,20220218,20220218,133356000,13:33:56,696.5,5004,65008,342948000,0,0,0
i2204,20220218,20220218,133356500,13:33:57,696.5,5004,65008,342948000,0,0,0
i2204,20220218,20220218,133357000,13:33:58,696.5,5004,65008,342948000,0,0,0
i2204,20220218,20220218,133357500,13:33:58,696.5,5004,65008,342948000,0,0,0
i2204,20220218,20220218,133358000,13:33:58,696.5,5004,65008,342948000,0,0,0
i2204,20220218,20220218,133358500,13:33:58,696.5,5004,65008,342948000,0,0,0
i2204,20220218,20220218,133359000,13:33:59,696.5,5004,65008,342948000,0,0,0
i2204,20220218,20220218,133359500,13:33:59,696.5,5004,65008,342948000,0,0,0
i2204,20220218,20220218,133400000,13:34:00,696.5,5004,65008,342948000,0,0,0
i2204,20220218,20220218,133400500,13:34:00,696.5,5004,65008,342948000,0,0,0
i2204,20220218,20220218,133401000,13:34:01,696.5,5004,65008,342948000,0,0,0
i2204,20220218,20220218,133401500,13:34:02,696.5,5004,65008,342948000,0,0,0
i2204,20220218,20220218,133402000,13:34:04,696.5,5004,65008,342948000,0,0,0
i2204,20220218,20220218,133402500,13:34:10,696.5,5004,65008,342948000,0,0,0
i2204,20220218,20220218,133403000,13:34:10,696.5,5004,65008,342948000,0,0,0
i2204,20220218,20220218,133403500,13:34:11,696.5,5004,65008,342948000,0,0,0
i2204,20220218,20220218,133408000,13:34:12,696.5,5004,65008,342948000,0,0,0
i2204,20220218,20220218,133410500,13:34:12,696.5,5004,65008,342948000,0,0,0
i2204,20220218,20220218,133411500,13:34:12,696.5,5004,65008,342948000,0,0,0
i2204,20220218,20220218,133412000,13:34:13,696.5,5004,65008,342948000,0,0,0
i2204,20220218,20220218,133412500,13:34:13,696.5,5004,65008,342948000,0,0,0
i2204,20220218,20220218,133413000,13:34:13,696.5,5004,65008,342948000,0,0,0
i2204,20220218,20220218,133413500,13:34:14,696.5,5004,65008,342948000,0,0,0
i2204,20220218,20220218,133414000,13:34:14,696.5,5004,65008,342948000,0,0,0
i2204,20220218,20220218,133414500,13:34:15,696.5,5004,65008,342948000,0,0,0
i2204,20220218,20220218,133415000,13:34:15,696.5,5004,65008,342948000,0,0,0
i2204,20220218,20220218,133415500,13:34:16,696.5,5004,65008,342948000,0,0,0
i2204,20220218,20220218,133416000,13:34:16,696.5,5004,65008,342948000,0,0,0
i2204,20220218,20220218,133416500,13:34:17,696.5,5004,65008,342948000,0,0,0
i2204,20220218,20220218,133417000,13:34:17,696.5,5004,65008,342948000,0,0,0
i2204,20220218,20220218,133417500,13:34:17,696.5,5004,65008,342948000,0,0,0
i2204,20220218,20220218,133418000,13:34:18,696.5,5004,65008,342948000,0,0,0
i2204,20220218,20220218,133418500,13:34:19,696.5,5004,65008,342948000,0,0,0
i2204,20220218,20220218,133419000,13:34:19,696.5,5004,65008,342948000,0,0,0
i2204,20220218,20220218,133419500,13:34:20,696.5,5004,65008,342948000,0,0,0
i2204,20220218,20220218,133420000,13:34:20,696.5,5004,65008,342948000,0,0,0
i2204,20220218,20220218,133420500,13:34:23,696.5,5004,65008,342948000,0,0,0
i2204,20220218,20220218,133421000,13:34:23,696.5,5004,65008,342948000,0,0,0
i2204,20220218,20220218,133437000,13:34:37,697,5009,65007,343296500,5,-1,348500
i2204,20220218,20220218,133437500,13:34:38,697,5009,65007,343296500,0,0,0
i2204,20220218,20220218,133438000,13:34:38,697,5009,65007,343296500,0,0,0
i2204,20220218,20220218,133438500,13:34:38,697,5009,65007,343296500,0,0,0
i2204,20220218,20220218,133439000,13:34:39,697,5009,65007,343296500,0,0,0
i2204,20220218,20220218,133439500,13:34:40,697,5009,65007,343296500,0,0,0
i2204,20220218,20220218,133440500,13:34:41,696.5,5014,65006,343644750,5,-1,348250
i2204,20220218,20220218,133441000,13:34:41,696.5,5015,65007,343714400,1,1,69650
i2204,20220218,20220218,133441500,13:34:43,696.5,5015,65007,343714400,0,0,0
i2204,20220218,20220218,133442000,13:34:44,696.5,5015,65007,343714400,0,0,0
i2204,20220218,20220218,133442500,13:34:44,696.5,5015,65007,343714400,0,0,0
i2204,20220218,20220218,133443000,13:34:45,696.5,5015,65007,343714400,0,0,0
i2204,20220218,20220218,133443500,13:34:45,696.5,5015,65007,343714400,0,0,0
i2204,20220218,20220218,133444000,13:34:45,696.5,5015,65007,343714400,0,0,0
i2204,20220218,20220218,133444500,13:34:46,696.5,5015,65007,343714400,0,0,0
i2204,20220218,20220218,133445000,13:34:46,696.5,5015,65007,343714400,0,0,0
i2204,20220218,20220218,133445500,13:34:46,696.5,5015,65007,343714400,0,0,0
i2204,20220218,20220218,133446000,13:34:46,696.5,5015,65007,343714400,0,0,0
i2204,20220218,20220218,133446500,13:34:47,696.5,5015,65007,343714400,0,0,0
i2204,20220218,20220218,133447000,13:34:47,696.5,5015,65007,343714400,0,0,0
i2204,20220218,20220218,133447500,13:34:47,697,5024,65005,344341700,9,-2,627300
i2204,20220218,20220218,133448000,13:34:48,697,5024,65005,344341700,0,0,0
i2204,20220218,20220218,133449000,13:34:49,697,5024,65005,344341700,0,0,0
i2204,20220218,20220218,133449500,13:34:49,697,5024,65005,344341700,0,0,0
i2204,20220218,20220218,133451000,13:34:51,697,5027,65005,344550800,3,0,209100
i2204,20220218,20220218,133451500,13:34:51,697,5034,65011,345038700,7,6,487900
i2204,20220218,20220218,133452500,13:34:53,697,5036,65013,345178100,2,2,139400
i2204,20220218,20220218,133453000,13:34:53,697,5036,65013,345178100,0,0,0
i2204,20220218,20220218,133453500,13:34:56,697,5036,65013,345178100,0,0,0
i2204,20220218,20220218,133454000,13:34:56,697,5036,65013,345178100,0,0,0
i2204,20220218,20220218,133454500,13:34:56,697,5036,65013,345178100,0,0,0
i2204,20220218,20220218,133455500,13:34:56,697,5036,65013,345178100,0,0,0
i2204,20220218,20220218,133456000,13:34:57,697,5036,65013,345178100,0,0,0
i2204,20220218,20220218,133456500,13:34:57,697,5036,65013,345178100,0,0,0
i2204,20220218,20220218,133457000,13:34:57,697,5036,65013,345178100,0,0,0
i2204,20220218,20220218,133458000,13:34:58,697,5036,65013,345178100,0,0,0
i2204,20220218,20220218,133458500,13:34:59,697,5036,65013,345178100,0,0,0
i2204,20220218,20220218,133459000,13:34:59,697,5036,65013,345178100,0,0,0
i2204,20220218,20220218,133459500,13:35:00,697,5036,65013,345178100,0,0,0
i2204,20220218,20220218,133500000,13:35:00,697,5036,65013,345178100,0,0,0
i2204,20220218,20220218,133500500,13:35:00,697,5036,65013,345178100,0,0,0
i2204,20220218,20220218,133501000,13:35:04,697,5036,65013,345178100,0,0,0
i2204,20220218,20220218,133501500,13:35:05,697,5036,65013,345178100,0,0,0
i2204,20220218,20220218,133502000,13:35:10,697,5036,65013,345178100,0,0,0
i2204,20220218,20220218,133504500,13:35:10,697,5036,65013,345178100,0,0,0
i2204,20220218,20220218,133510000,13:35:10,697,5036,65013,345178100,0,0,0
i2204,20220218,20220218,133510500,13:35:11,696.5,5047,65017,345944350,11,4,766250
i2204,20220218,20220218,133511000,13:35:11,696.5,5054,65022,346431900,7,5,487550
i2204,20220218,20220218,133511500,13:35:12,696.5,5054,65022,346431900,0,0,0
i2204,20220218,20220218,133512000,13:35:13,696.5,5054,65022,346431900,0,0,0
i2204,20220218,20220218,133512500,13:35:13,696.5,5054,65022,346431900,0,0,0
i2204,20220218,20220218,133513000,13:35:13,696.5,5055,65022,346501550,1,0,69650
i2204,20220218,20220218,133513500,13:35:14,696.5,5055,65022,346501550,0,0,0
i2204,20220218,20220218,133514000,13:35:14,696.5,5055,65022,346501550,0,0,0
i2204,20220218,20220218,133514500,13:35:15,696.5,5055,65022,346501550,0,0,0
i2204,20220218,20220218,133515000,13:35:15,696.5,5055,65022,346501550,0,0,0
i2204,20220218,20220218,133515500,13:35:16,697,5058,65025,346710650,3,3,209100
i2204,20220218,20220218,133516000,13:35:16,697,5058,65025,346710650,0,0,0
i2204,20220218,20220218,133517000,13:35:17,697,5058,65025,346710650,0,0,0
i2204,20220218,20220218,133517500,13:35:18,697,5058,65025,346710650,0,0,0
i2204,20220218,20220218,133520500,13:35:21,697,5058,65025,346710650,0,0,0
i2204,20220218,20220218,133523000,13:35:23,697,5072,65030,347686500,14,5,975850
i2204,20220218,20220218,133523500,13:35:23,697,5076,65031,347965300,4,1,278800
i2204,20220218,20220218,133524000,13:35:25,697.5,5077,65031,348035050,1,0,69750
i2204,20220218,20220218,133524500,13:35:25,698,5078,65031,348104850,1,0,69800
i2204,20220218,20220218,133525000,13:35:25,698,5078,65031,348104850,0,0,0
i2204,20220218,20220218,133525500,13:35:26,698,5078,65031,348104850,0,0,0
i2204,20220218,20220218,133526000,13:35:26,698,5078,65031,348104850,0,0,0
i2204,20220218,20220218,133526500,13:35:27,698,5078,65031,348104850,0,0,0
i2204,20220218,20220218,133527000,13:35:27,698,5078,65031,348104850,0,0,0
i2204,20220218,20220218,133527500,13:35:31,698,5078,65031,348104850,0,0,0
i2204,20220218,20220218,133528000,13:35:32,698,5078,65031,348104850,0,0,0
i2204,20220218,20220218,133528500,13:35:32,698,5078,65031,348104850,0,0,0
i2204,20220218,20220218,133531000,13:35:33,698,5078,65031,348104850,0,0,0
i2204,20220218,20220218,133531500,13:35:41,698,5078,65031,348104850,0,0,0
i2204,20220218,20220218,133532000,13:35:42,698,5078,65031,348104850,0,0,0
i2204,20220218,20220218,133532500,13:35:42,698,5078,65031,348104850,0,0,0
i2204,20220218,20220218,133540500,13:35:43,698,5079,65031,348174650,1,0,69800
i2204,20220218,20220218,133542000,13:35:44,698,5079,65031,348174650,0,0,0
i2204,20220218,20220218,133542500,13:35:44,698,5079,65031,348174650,0,0,0
i2204,20220218,20220218,133543500,13:35:44,698,5079,65031,348174650,0,0,0
i2204,20220218,20220218,133544000,13:35:44,698,5080,65030,348244450,1,-1,69800
i2204,20220218,20220218,133544500,13:35:45,698,5080,65030,348244450,0,0,0
i2204,20220218,20220218,133545000,13:35:46,698,5080,65030,348244450,0,0,0
i2204,20220218,20220218,133545500,13:35:46,698,5080,65030,348244450,0,0,0
i2204,20220218,20220218,133546000,13:35:46,698,5080,65030,348244450,0,0,0
i2204,20220218,20220218,133546500,13:35:46,698,5080,65030,348244450,0,0,0
i2204,20220218,20220218,133547000,13:35:47,698,5080,65030,348244450,0,0,0
i2204,20220218,20220218,133547500,13:35:48,698,5080,65030,348244450,0,0,0
i2204,20220218,20220218,133548000,13:35:48,698,5080,65030,348244450,0,0,0
i2204,20220218,20220218,133548500,13:35:48,698,5089,65021,348872650,9,-9,628200
i2204,20220218,20220218,133549000,13:35:49,698,5090,65021,348942450,1,0,69800
i2204,20220218,20220218,133549500,13:35:49,698,5090,65021,348942450,0,0,0
i2204,20220218,20220218,133550000,13:35:50,698,5090,65021,348942450,0,0,0
i2204,20220218,20220218,133550500,13:35:50,698,5090,65021,348942450,0,0,0
i2204,20220218,20220218,133551000,13:35:51,698,5090,65021,348942450,0,0,0
i2204,20220218,20220218,133551500,13:35:52,698,5090,65021,348942450,0,0,0
i2204,20220218,20220218,133552000,13:35:52,698,5090,65021,348942450,0,0,0
i2204,20220218,20220218,133552500,13:35:53,698,5090,65021,348942450,0,0,0
i2204,20220218,20220218,133553000,13:35:53,698,5090,65021,348942450,0,0,0
i2204,20220218,20220218,133553500,13:35:55,698,5090,65021,348942450,0,0,0
i2204,20220218,20220218,133554000,13:35:55,698,5090,65021,348942450,0,0,0
i2204,20220218,20220218,133554500,13:35:56,698,5090,65021,348942450,0,0,0
i2204,20220218,20220218,133555000,13:35:56,698,5090,65021,348942450,0,0,0
i2204,20220218,20220218,133555500,13:35:56,698,5091,65021,349012250,1,0,69800
i2204,20220218,20220218,133556000,13:35:56,698,5092,65021,349082050,1,0,69800
i2204,20220218,20220218,133556500,13:35:57,697.5,5113,65026,350547800,21,5,1465750
i2204,20220218,20220218,133557000,13:35:59,697.5,5113,65026,350547800,0,0,0
i2204,20220218,20220218,133557500,13:35:59,697.5,5113,65026,350547800,0,0,0
i2204,20220218,20220218,133558000,13:36:01,697.5,5113,65026,350547800,0,0,0
i2204,20220218,20220218,133558500,13:36:03,697.5,5113,65026,350547800,0,0,0
i2204,20220218,20220218,133559000,13:36:03,697.5,5113,65026,350547800,0,0,0
i2204,20220218,20220218,133600000,13:36:03,697.5,5113,65026,350547800,0,0,0
i2204,20220218,20220218,133603500,13:36:05,697.5,5113,65026,350547800,0,0,0
i2204,20220218,20220218,133604000,13:36:06,697.5,5113,65026,350547800,0,0,0
i2204,20220218,20220218,133605000,13:36:06,697.5,5113,65026,350547800,0,0,0
i2204,20220218,20220218,133605500,13:36:07,697,5114,65027,350617500,1,1,69700
i2204,20220218,20220218,133606000,13:36:07,697,5114,65027,350617500,0,0,0
i2204,20220218,20220218,133607500,13:36:08,697,5114,65027,350617500,0,0,0
i2204,20220218,20220218,133608000,13:36:08,697,5114,65027,350617500,0,0,0
i2204,20220218,20220218,133608500,13:36:09,697,5114,65027,350617500,0,0,0
i2204,20220218,20220218,133609000,13:36:09,697,5114,65027,350617500,0,0,0
i2204,20220218,20220218,133609500,13:36:10,697,5130,65027,351732700,16,0,1115200
i2204,20220218,20220218,133610000,13:36:11,697,5134,65027,352011500,4,0,278800
i2204,20220218,20220218,133610500,13:36:11,697,5134,65027,352011500,0,0,0
i2204,20220218,20220218,133611000,13:36:11,697,5134,65027,352011500,0,0,0
i2204,20220218,20220218,133611500,13:36:12,697,5134,65027,352011500,0,0,0
i2204,20220218,20220218,133612500,13:36:12,697,5134,65027,352011500,0,0,0
i2204,20220218,20220218,133613500,13:36:14,697,5134,65027,352011500,0,0,0
i2204,20220218,20220218,133616000,13:36:16,697,5134,65027,352011500,0,0,0
i2204,20220218,20220218,133617000,13:36:17,696.5,5161,65024,353892050,27,-3,1880550
i2204,20220218,20220218,133617500,13:36:19,696.5,5161,65024,353892050,0,0,0
i2204,20220218,20220218,133618000,13:36:19,696.5,5161,65024,353892050,0,0,0
i2204,20220218,20220218,133618500,13:36:19,696.5,5161,65024,353892050,0,0,0
i2204,20220218,20220218,133619000,13:36:19,696.5,5161,65024,353892050,0,0,0
i2204,20220218,20220218,133619500,13:36:19,696.5,5161,65024,353892050,0,0,0
i2204,20220218,20220218,133620000,13:36:20,696.5,5172,65027,354658200,11,3,766150
i2204,20220218,20220218,133620500,13:36:20,697,5173,65026,354727900,1,-1,69700
i2204,20220218,20220218,133621000,13:36:21,697,5173,65026,354727900,0,0,0
i2204,20220218,20220218,133621500,13:36:21,697,5173,65026,354727900,0,0,0
i2204,20220218,20220218,133622000,13:36:22,697,5173,65026,354727900,0,0,0
i2204,20220218,20220218,133623500,13:36:23,697,5173,65026,354727900,0,0,0
i2204,20220218,20220218,133624000,13:36:24,697,5173,65026,354727900,0,0,0
i2204,20220218,20220218,133624500,13:36:24,697,5173,65026,354727900,0,0,0
i2204,20220218,20220218,133625000,13:36:25,697,5173,65026,354727900,0,0,0
i2204,20220218,20220218,133625500,13:36:26,697,5173,65026,354727900,0,0,0
i2204,20220218,20220218,133626000,13:36:26,697,5173,65026,354727900,0,0,0
i2204,20220218,20220218,133626500,13:36:27,697,5173,65026,354727900,0,0,0
i2204,20220218,20220218,133627000,13:36:28,697,5173,65026,354727900,0,0,0
i2204,20220218,20220218,133627500,13:36:28,697,5173,65026,354727900,0,0,0
i2204,20220218,20220218,133628000,13:36:28,697,5173,65026,354727900,0,0,0
i2204,20220218,20220218,133628500,13:36:29,697,5173,65026,354727900,0,0,0
i2204,20220218,20220218,133629000,13:36:30,697,5173,65026,354727900,0,0,0
i2204,20220218,20220218,133629500,13:36:30,697,5173,65026,354727900,0,0,0
i2204,20220218,20220218,133630000,13:36:30,697,5173,65026,354727900,0,0,0
i2204,20220218,20220218,133630500,13:36:31,697,5173,65026,354727900,0,0,0
i2204,20220218,20220218,133631000,13:36:31,697,5173,65026,354727900,0,0,0
i2204,20220218,20220218,133631500,13:36:31,697,5173,65026,354727900,0,0,0
i2204,20220218,20220218,133632000,13:36:32,697,5173,65026,354727900,0,0,0
i2204,20220218,20220218,133632500,13:36:32,697,5173,65026,354727900,0,0,0
i2204,20220218,20220218,133633000,13:36:33,697,5173,65026,354727900,0,0,0
i2204,20220218,20220218,133633500,13:36:34,697,5173,65026,354727900,0,0,0
i2204,20220218,20220218,133634000,13:36:34,697,5173,65026,354727900,0,0,0
i2204,20220218,20220218,133634500,13:36:35,697,5173,65026,354727900,0,0,0
i2204,20220218,20220218,133635000,13:36:36,697.5,5183,65017,355425400,10,-9,697500
i2204,20220218,20220218,133635500,13:36:36,697.5,5188,65012,355774150,5,-5,348750
i2204,20220218,20220218,133636500,13:36:36,697.5,5188,65012,355774150,0,0,0
i2204,20220218,20220218,133637000,13:36:38,697.5,5188,65012,355774150,0,0,0
i2204,20220218,20220218,133637500,13:36:38,697.5,5188,65012,355774150,0,0,0
i2204,20220218,20220218,133640500,13:36:40,697.5,5188,65012,355774150,0,0,0
i2204,20220218,20220218,133641500,13:36:42,697.5,5188,65012,355774150,0,0,0
i2204,20220218,20220218,133645500,13:36:46,697.5,5188,65012,355774150,0,0,0
i2204,20220218,20220218,133646500,13:36:46,697.5,5188,65012,355774150,0,0,0
i2204,20220218,20220218,133648000,13:36:48,697.5,5188,65012,355774150,0,0,0
i2204,20220218,20220218,133648500,13:36:48,697.5,5188,65012,355774150,0,0,0
i2204,20220218,20220218,133649000,13:36:49,697.5,5188,65012,355774150,0,0,0
i2204,20220218,20220218,133649500,13:36:49,697.5,5188,65012,355774150,0,0,0
i2204,20220218,20220218,133650000,13:36:50,697.5,5188,65012,355774150,0,0,0
i2204,20220218,20220218,133650500,13:36:50,697.5,5203,65012,356820400,15,0,1046250
i2204,20220218,20220218,133651000,13:36:51,697.5,5207,65008,357099400,4,-4,279000
i2204,20220218,20220218,133651500,13:36:51,697.5,5207,65008,357099400,0,0,0
i2204,20220218,20220218,133652000,13:36:52,697.5,5207,65008,357099400,0,0,0
i2204,20220218,20220218,133653000,13:36:53,697.5,5207,65008,357099400,0,0,0
i2204,20220218,20220218,133653500,13:36:54,697.5,5208,65007,357169150,1,-1,69750
i2204,20220218,20220218,133654000,13:36:54,697.5,5210,65006,357308650,2,-1,139500
i2204,20220218,20220218,133654500,13:36:54,697.5,5215,65006,357657400,5,0,348750
i2204,20220218,20220218,133655000,13:36:55,697.5,5215,65006,357657400,0,0,0
i2204,20220218,20220218,133655500,13:36:56,697.5,5215,65006,357657400,0,0,0
i2204,20220218,20220218,133656500,13:36:57,697.5,5215,65006,357657400,0,0,0
i2204,20220218,20220218,133657000,13:36:58,697.5,5215,65006,357657400,0,0,0
i2204,20220218,20220218,133657500,13:36:58,697.5,5217,65005,357796900,2,-1,139500
i2204,20220218,20220218,133658000,13:36:58,697.5,5217,65005,357796900,0,0,0
i2204,20220218,20220218,133658500,13:36:59,697.5,5217,65005,357796900,0,0,0
i2204,20220218,20220218,133659000,13:36:59,697.5,5217,65005,357796900,0,0,0
i2204,20220218,20220218,133659500,13:37:00,697.5,5217,65005,357796900,0,0,0
i2204,20220218,20220218,133700000,13:37:00,697.5,5217,65005,357796900,0,0,0
i2204,20220218,20220218,133700500,13:37:00,697.5,5217,65005,357796900,0,0,0
i2204,20220218,20220218,133701000,13:37:01,697.5,5217,65005,357796900,0,0,0
i2204,20220218,20220218,133701500,13:37:02,697.5,5217,65005,357796900,0,0,0
i2204,20220218,20220218,133702000,13:37:02,697.5,5217,65005,357796900,0,0,0
i2204,20220218,20220218,133702500,13:37:03,697.5,5217,65005,357796900,0,0,0
i2204,20220218,20220218,133703000,13:37:03,697.5,5217,65005,357796900,0,0,0
i2204,20220218,20220218,133704000,13:37:04,697.5,5217,65005,357796900,0,0,0
i2204,20220218,20220218,133704500,13:37:05,697.5,5217,65005,357796900,0,0,0
i2204,20220218,20220218,133707500,13:37:08,696.5,5225,65009,358354100,8,4,557200
i2204,20220218,20220218,133708000,13:37:08,696.5,5236,65005,359120250,11,-4,766150
i2204,20220218,20220218,133708500,13:37:08,696.5,5236,65005,359120250,0,0,0
i2204,20220218,20220218,133709000,13:37:09,696.5,5236,65005,359120250,0,0,0
i2204,20220218,20220218,133709500,13:37:11,696.5,5236,65005,359120250,0,0,0
i2204,20220218,20220218,133710000,13:37:11,696.5,5236,65005,359120250,0,0,0
i2204,20220218,20220218,133711000,13:37:11,696.5,5236,65005,359120250,0,0,0
i2204,20220218,20220218,133711500,13:37:13,696.5,5236,65005,359120250,0,0,0
i2204,20220218,20220218,133714000,13:37:14,696.5,5236,65005,359120250,0,0,0
i2204,20220218,20220218,133714500,13:37:15,696.5,5236,65005,359120250,0,0,0
i2204,20220218,20220218,133715000,13:37:15,696.5,5236,65005,359120250,0,0,0
i2204,20220218,20220218,133715500,13:37:16,696.5,5236,65005,359120250,0,0,0
i2204,20220218,20220218,133717500,13:37:18,696.5,5236,65005,359120250,0,0,0
i2204,20220218,20220218,133718000,13:37:18,696.5,5236,65005,359120250,0,0,0
i2204,20220218,20220218,133718500,13:37:19,696.5,5236,65005,359120250,0,0,0
i2204,20220218,20220218,133719000,13:37:19,696.5,5236,65005,359120250,0,0,0
i2204,20220218,20220218,133719500,13:37:20,696.5,5236,65005,359120250,0,0,0
i2204,20220218,20220218,133720000,13:37:21,696.5,5236,65005,359120250,0,0,0
i2204,20220218,20220218,133720500,13:37:21,696.5,5236,65005,359120250,0,0,0
i2204,20220218,20220218,133721000,13:37:21,696.5,5236,65005,359120250,0,0,0
i2204,20220218,20220218,133721500,13:37:21,696.5,5236,65005,359120250,0,0,0
i2204,20220218,20220218,133728000,13:37:28,696.5,5236,65005,359120250,0,0,0
i2204,20220218,20220218,133728500,13:37:28,696.5,5236,65005,359120250,0,0,0
i2204,20220218,20220218,133729000,13:37:29,696.5,5236,65005,359120250,0,0,0
i2204,20220218,20220218,133729500,13:37:30,696.5,5236,65005,359120250,0,0,0
i2204,20220218,20220218,133730000,13:37:30,696.5,5236,65005,359120250,0,0,0
i2204,20220218,20220218,133730500,13:37:31,696.5,5236,65005,359120250,0,0,0
i2204,20220218,20220218,133731000,13:37:31,696.5,5236,65005,359120250,0,0,0
i2204,20220218,20220218,133731500,13:37:31,696.5,5236,65005,359120250,0,0,0
i2204,20220218,20220218,133732000,13:37:32,696.5,5236,65005,359120250,0,0,0
i2204,20220218,20220218,133732500,13:37:33,696.5,5236,65005,359120250,0,0,0
i2204,20220218,20220218,133733000,13:37:33,696,5237,65005,359189850,1,0,69600
i2204,20220218,20220218,133733500,13:37:33,696,5241,65006,359468200,4,1,278350
i2204,20220218,20220218,133734000,13:37:34,696,5241,65006,359468200,0,0,0
i2204,20220218,20220218,133734500,13:37:34,696,5241,65006,359468200,0,0,0
i2204,20220218,20220218,133735000,13:37:35,695.5,5264,65005,361067850,23,-1,1599650
i2204,20220218,20220218,133735500,13:37:36,695.5,5264,65005,361067850,0,0,0
i2204,20220218,20220218,133736000,13:37:36,695.5,5264,65005,361067850,0,0,0
i2204,20220218,20220218,133736500,13:37:37,695.5,5264,65005,361067850,0,0,0
i2204,20220218,20220218,133738500,13:37:39,695.5,5264,65005,361067850,0,0,0
i2204,20220218,20220218,133739000,13:37:39,695.5,5264,65005,361067850,0,0,0
i2204,20220218,20220218,133739500,13:37:39,695.5,5264,65005,361067850,0,0,0
i2204,20220218,20220218,133741000,13:37:41,695.5,5264,65005,361067850,0,0,0
i2204,20220218,20220218,133743000,13:37:44,695.5,5264,65005,361067850,0,0,0
i2204,20220218,20220218,133743500,13:37:44,695.5,5264,65005,361067850,0,0,0
i2204,20220218,20220218,133745000,13:37:45,695.5,5264,65005,361067850,0,0,0
i2204,20220218,20220218,133749000,13:37:49,695.5,5264,65005,361067850,0,0,0
i2204,20220218,20220218,133753000,13:37:54,695.5,5264,65005,361067850,0,0,0
i2204,20220218,20220218,133754000,13:37:55,695.5,5264,65005,361067850,0,0,0
i2204,20220218,20220218,133755000,13:37:55,695.5,5264,65005,361067850,0,0,0
i2204,20220218,20220218,133758500,13:37:59,695.5,5264,65005,361067850,0,0,0
i2204,20220218,20220218,133759000,13:37:59,695.5,5264,65005,361067850,0,0,0
i2204,20220218,20220218,133800500,13:38:02,695.5,5264,65005,361067850,0,0,0
i2204,20220218,20220218,133801000,13:38:03,695.5,5264,65005,361067850,0,0,0
i2204,20220218,20220218,133802000,13:38:03,695.5,5264,65005,361067850,0,0,0
i2204,20220218,20220218,133802500,13:38:05,695.5,5264,65005,361067850,0,0,0
i2204,20220218,20220218,133803000,13:38:06,695.5,5264,65005,361067850,0,0,0
i2204,20220218,20220218,133803500,13:38:06,695.5,5264,65005,361067850,0,0,0
i2204,20220218,20220218,133805000,13:38:06,695.5,5264,65005,361067850,0,0,0
i2204,20220218,20220218,133806000,13:38:09,695.5,5264,65005,361067850,0,0,0
i2204,20220218,20220218,133806500,13:38:09,695.5,5264,65005,361067850,0,0,0
i2204,20220218,20220218,133809000,13:38:09,695.5,5264,65005,361067850,0,0,0
i2204,20220218,20220218,133809500,13:38:10,695.5,5264,65005,361067850,0,0,0
i2204,20220218,20220218,133810000,13:38:10,695.5,5264,65005,361067850,0,0,0
i2204,20220218,20220218,133810500,13:38:10,695.5,5264,65005,361067850,0,0,0
i2204,20220218,20220218,133811000,13:38:14,695.5,5264,65005,361067850,0,0,0
i2204,20220218,20220218,133811500,13:38:14,695.5,5264,65005,361067850,0,0,0
i2204,20220218,20220218,133812000,13:38:14,695.5,5264,65005,361067850,0,0,0
i2204,20220218,20220218,133812500,13:38:14,695.5,5264,65005,361067850,0,0,0
i2204,20220218,20220218,133813500,13:38:15,695.5,5264,65005,361067850,0,0,0
i2204,20220218,20220218,133814000,13:38:15,695.5,5264,65005,361067850,0,0,0
i2204,20220218,20220218,133814500,13:38:17,695.5,5264,65005,361067850,0,0,0
i2204,20220218,20220218,133815000,13:38:17,695.5,5264,65005,361067850,0,0,0
i2204,20220218,20220218,133815500,13:38:17,695.5,5264,65005,361067850,0,0,0
i2204,20220218,20220218,133817000,13:38:18,695.5,5264,65005,361067850,0,0,0
i2204,20220218,20220218,133817500,13:38:18,695.5,5264,65005,361067850,0,0,0
i2204,20220218,20220218,133818000,13:38:18,695.5,5264,65005,361067850,0,0,0
i2204,20220218,20220218,133818500,13:38:19,695.5,5264,65005,361067850,0,0,0
i2204,20220218,20220218,133819000,13:38:19,695.5,5264,65005,361067850,0,0,0
i2204,20220218,20220218,133819500,13:38:19,695.5,5264,65005,361067850,0,0,0
i2204,20220218,20220218,133820000,13:38:20,695.5,5264,65005,361067850,0,0,0
i2204,20220218,20220218,133820500,13:38:22,695.5,5264,65005,361067850,0,0,0
i2204,20220218,20220218,133821000,13:38:22,695.5,5264,65005,361067850,0,0,0
i2204,20220218,20220218,133821500,13:38:23,695.5,5264,65005,361067850,0,0,0
i2204,20220218,20220218,133822000,13:38:23,695.5,5264,65005,361067850,0,0,0
i2204,20220218,20220218,133822500,13:38:23,695.5,5264,65005,361067850,0,0,0
i2204,20220218,20220218,133823000,13:38:24,695.5,5264,65005,361067850,0,0,0
i2204,20220218,20220218,133823500,13:38:24,695.5,5264,65005,361067850,0,0,0
i2204,20220218,20220218,133824000,13:38:24,695.5,5264,65005,361067850,0,0,0
i2204,20220218,20220218,133824500,13:38:41,695.5,5264,65005,361067850,0,0,0
i2204,20220218,20220218,133825000,13:38:41,695.5,5264,65005,361067850,0,0,0
i2204,20220218,20220218,133825500,13:38:41,695.5,5264,65005,361067850,0,0,0
i2204,20220218,20220218,133840500,13:38:43,695.5,5264,65005,361067850,0,0,0
i2204,20220218,20220218,133841000,13:38:43,695.5,5264,65005,361067850,0,0,0
i2204,20220218,20220218,133841500,13:38:43,695.5,5264,65005,361067850,0,0,0
i2204,20220218,20220218,133842000,13:38:43,695.5,5264,65005,361067850,0,0,0
i2204,20220218,20220218,133842500,13:38:43,695.5,5264,65005,361067850,0,0,0
i2204,20220218,20220218,133843500,13:38:44,695.5,5264,65005,361067850,0,0,0
i2204,20220218,20220218,133844000,13:38:44,695.5,5264,65005,361067850,0,0,0
i2204,20220218,20220218,133844500,13:38:44,695.5,5264,65005,361067850,0,0,0
i2204,20220218,20220218,133845000,13:38:45,695.5,5264,65005,361067850,0,0,0
i2204,20220218,20220218,133846000,13:38:46,695.5,5264,65005,361067850,0,0,0
i2204,20220218,20220218,133847000,13:38:47,695.5,5264,65005,361067850,0,0,0
i2204,20220218,20220218,133847500,13:38:47,695.5,5264,65005,361067850,0,0,0
i2204,20220218,20220218,133850000,13:38:50,695.5,5264,65005,361067850,0,0,0
i2204,20220218,20220218,133907500,13:39:07,695.5,5264,65005,361067850,0,0,0
i2204,20220218,20220218,133914000,13:39:15,695.5,5264,65005,361067850,0,0,0
i2204,20220218,20220218,133914500,13:39:16,695.5,5264,65005,361067850,0,0,0
i2204,20220218,20220218,133915000,13:39:19,695.5,5264,65005,361067850,0,0,0
i2204,20220218,20220218,133916000,13:39:19,696,5298,64983,363435900,34,-22,2368050
i2204,20220218,20220218,133918000,13:39:19,696,5298,64983,363435900,0,0,0
i2204,20220218,20220218,133919000,13:39:19,696,5298,64983,363435900,0,0,0
i2204,20220218,20220218,133919500,13:39:19,696,5298,64983,363435900,0,0,0
i2204,20220218,20220218,133920500,13:39:20,696,5298,64983,363435900,0,0,0
i2204,20220218,20220218,133922500,13:39:23,696,5298,64983,363435900,0,0,0
i2204,20220218,20220218,133923500,13:39:23,696,5298,64983,363435900,0,0,0
i2204,20220218,20220218,133924000,13:39:24,696,5300,64985,363575100,2,2,139200
i2204,20220218,20220218,133925000,13:39:25,696,5302,64983,363714300,2,-2,139200
i2204,20220218,20220218,133925500,13:39:26,696,5302,64983,363714300,0,0,0
i2204,20220218,20220218,133927500,13:39:27,696,5302,64983,363714300,0,0,0
i2204,20220218,20220218,133929000,13:39:29,696,5302,64983,363714300,0,0,0
i2204,20220218,20220218,133930500,13:39:30,696,5302,64983,363714300,0,0,0
i2204,20220218,20220218,133933500,13:39:33,696,5302,64983,363714300,0,0,0
i2204,20220218,20220218,133934500,13:39:34,696,5302,64983,363714300,0,0,0
i2204,20220218,20220218,133935500,13:39:35,696,5302,64983,363714300,0,0,0
i2204,20220218,20220218,133937000,13:39:37,696,5302,64983,363714300,0,0,0
i2204,20220218,20220218,133938500,13:39:38,695.5,5303,64983,363783850,1,0,69550
i2204,20220218,20220218,133939500,13:39:39,695.5,5303,64983,363783850,0,0,0
i2204,20220218,20220218,133940000,13:39:40,695.5,5303,64983,363783850,0,0,0
i2204,20220218,20220218,133941000,13:39:41,695.5,5304,64983,363853400,1,0,69550
i2204,20220218,20220218,133943000,13:39:43,695.5,5309,64979,364201150,5,-4,347750
i2204,20220218,20220218,133944000,13:39:44,695.5,5310,64978,364270700,1,-1,69550
i2204,20220218,20220218,133945000,13:39:45,695,5320,64973,364965700,10,-5,695000
i2204,20220218,20220218,133945500,13:39:46,694.5,5321,64973,365035150,1,0,69450
i2204,20220218,20220218,133946000,13:39:47,695.5,5324,64973,365243800,3,0,208650
i2204,20220218,20220218,133947000,13:39:47,695.5,5324,64973,365243800,0,0,0
i2204,20220218,20220218,133948000,13:39:48,695.5,5324,64973,365243800,0,0,0
i2204,20220218,20220218,133948500,13:39:48,695.5,5324,64973,365243800,0,0,0
i2204,20220218,20220218,133949000,13:39:49,695.5,5324,64973,365243800,0,0,0
i2204,20220218,20220218,133949500,13:39:50,695.5,5324,64973,365243800,0,0,0
i2204,20220218,20220218,133950000,13:39:50,695.5,5324,64973,365243800,0,0,0
i2204,20220218,20220218,133950500,13:39:50,695.5,5324,64973,365243800,0,0,0
i2204,20220218,20220218,133951000,13:39:51,695.5,5324,64973,365243800,0,0,0
i2204,20220218,20220218,133951500,13:39:51,695.5,5324,64973,365243800,0,0,0
i2204,20220218,20220218,133952000,13:39:53,695.5,5324,64973,365243800,0,0,0
i2204,20220218,20220218,133952500,13:39:53,695.5,5324,64973,365243800,0,0,0
i2204,20220218,20220218,133953000,13:39:54,695.5,5324,64973,365243800,0,0,0
i2204,20220218,20220218,133953500,13:39:54,695.5,5324,64973,365243800,0,0,0
i2204,20220218,20220218,133954000,13:39:55,695.5,5324,64973,365243800,0,0,0
i2204,20220218,20220218,133954500,13:39:55,695.5,5324,64973,365243800,0,0,0
i2204,20220218,20220218,133955000,13:39:55,695.5,5324,64973,365243800,0,0,0
i2204,20220218,20220218,133955500,13:39:56,695.5,5324,64973,365243800,0,0,0
i2204,20220218,20220218,133956000,13:39:56,695.5,5324,64973,365243800,0,0,0
i2204,20220218,20220218,133958000,13:40:13,695.5,5324,64973,365243800,0,0,0
i2204,20220218,20220218,133958500,13:40:13,695.5,5324,64973,365243800,0,0,0
i2204,20220218,20220218,134012000,13:40:13,695.5,5324,64973,365243800,0,0,0
i2204,20220218,20220218,134013500,13:40:13,695.5,5324,64973,365243800,0,0,0
i2204,20220218,20220218,134016500,13:40:17,695.5,5324,64973,365243800,0,0,0
i2204,20220218,20220218,134017000,13:40:17,695.5,5324,64973,365243800,0,0,0
i2204,20220218,20220218,134017500,13:40:18,695.5,5324,64973,365243800,0,0,0
i2204,20220218,20220218,134018000,13:40:19,695.5,5324,64973,365243800,0,0,0
i2204,20220218,20220218,134028500,13:40:29,695.5,5324,64973,365243800,0,0,0
i2204,20220218,20220218,134034000,13:40:34,695,5328,64971,365521800,4,-2,278000
i2204,20220218,20220218,134036500,13:40:36,695,5329,64971,365591300,1,0,69500
i2204,20220218,20220218,134037500,13:40:38,695,5329,64971,365591300,0,0,0
i2204,20220218,20220218,134038000,13:40:38,695,5329,64971,365591300,0,0,0
i2204,20220218,20220218,134038500,13:40:39,695,5329,64971,365591300,0,0,0
i2204,20220218,20220218,134054000,13:40:55,695,5329,64971,365591300,0,0,0
i2204,20220218,20220218,134055500,13:40:57,695.5,5332,64972,365799950,3,1,208650
i2204,20220218,20220218,134056000,13:40:58,695.5,5332,64972,365799950,0,0,0
i2204,20220218,20220218,134056500,13:40:58,695.5,5332,64972,365799950,0,0,0
i2204,20220218,20220218,134057000,13:40:58,695.5,5332,64972,365799950,0,0,0
i2204,20220218,20220218,134100500,13:41:00,695.5,5332,64972,365799950,0,0,0
i2204,20220218,20220218,134101000,13:41:01,695.5,5332,64972,365799950,0,0,0
i2204,20220218,20220218,134101500,13:41:01,695.5,5333,64973,365869500,1,1,69550
i2204,20220218,20220218,134102000,13:41:02,695.5,5333,64973,365869500,0,0,0
i2204,20220218,20220218,134105500,13:41:06,695.5,5333,64973,365869500,0,0,0
i2204,20220218,20220218,134106000,13:41:07,695.5,5333,64973,365869500,0,0,0
i2204,20220218,20220218,134106500,13:41:07,695.5,5333,64973,365869500,0,0,0
i2204,20220218,20220218,134107000,13:41:07,695.5,5333,64973,365869500,0,0,0
i2204,20220218,20220218,134109500,13:41:10,695.5,5333,64973,365869500,0,0,0
i2204,20220218,20220218,134110000,13:41:10,695.5,5333,64973,365869500,0,0,0
i2204,20220218,20220218,134111500,13:41:11,695.5,5333,64973,365869500,0,0,0
i2204,20220218,20220218,134113000,13:41:13,695.5,5333,64973,365869500,0,0,0
i2204,20220218,20220218,134113500,13:41:13,695.5,5333,64973,365869500,0,0,0
i2204,20220218,20220218,134117000,13:41:17,695.5,5333,64973,365869500,0,0,0
i2204,20220218,20220218,134118500,13:41:19,695.5,5333,64973,365869500,0,0,0
i2204,20220218,20220218,134123500,13:41:24,695.5,5333,64973,365869500,0,0,0
i2204,20220218,20220218,134126500,13:41:27,695.5,5333,64973,365869500,0,0,0
i2204,20220218,20220218,134128000,13:41:28,695,5335,64974,366008550,2,1,139050
i2204,20220218,20220218,134128500,13:41:28,695,5335,64974,366008550,0,0,0
i2204,20220218,20220218,134129000,13:41:29,695,5335,64974,366008550,0,0,0
i2204,20220218,20220218,134130500,13:41:31,695,5335,64974,366008550,0,0,0
i2204,20220218,20220218,134131000,13:41:31,695,5335,64974,366008550,0,0,0
i2204,20220218,20220218,134131500,13:41:32,695,5335,64974,366008550,0,0,0
i2204,20220218,20220218,134132500,13:41:33,695,5335,64974,366008550,0,0,0
i2204,20220218,20220218,134135500,13:41:39,695,5335,64974,366008550,0,0,0
i2204,20220218,20220218,134136000,13:41:39,696,5342,64975,366495750,7,1,487200
i2204,20220218,20220218,134136500,13:41:39,696.5,5344,64975,366635050,2,0,139300
i2204,20220218,20220218,134139000,13:41:42,696.5,5344,64975,366635050,0,0,0
i2204,20220218,20220218,134145500,13:41:45,696.5,5344,64975,366635050,0,0,0
i2204,20220218,20220218,134146000,13:41:46,696.5,5344,64975,366635050,0,0,0
i2204,20220218,20220218,134148000,13:41:48,696.5,5344,64975,366635050,0,0,0
i2204,20220218,20220218,134148500,13:41:49,696,5345,64975,366704650,1,0,69600
i2204,20220218,20220218,134149000,13:41:49,696,5345,64975,366704650,0,0,0
i2204,20220218,20220218,134150500,13:41:51,696,5345,64975,366704650,0,0,0
i2204,20220218,20220218,134202000,13:42:10,696,5345,64975,366704650,0,0,0
i2204,20220218,20220218,134202500,13:42:11,696,5345,64975,366704650,0,0,0
i2204,20220218,20220218,134210000,13:42:12,696,5345,64975,366704650,0,0,0
i2204,20220218,20220218,134211000,13:42:12,696,5345,64975,366704650,0,0,0
i2204,20220218,20220218,134211500,13:42:12,696,5345,64975,366704650,0,0,0
i2204,20220218,20220218,134212000,13:42:13,696,5345,64975,366704650,0,0,0
i2204,20220218,20220218,134212500,13:42:13,696,5345,64975,366704650,0,0,0
i2204,20220218,20220218,134213000,13:42:13,696,5345,64975,366704650,0,0,0
i2204,20220218,20220218,134213500,13:42:14,696,5345,64975,366704650,0,0,0
i2204,20220218,20220218,134214000,13:42:14,696,5345,64975,366704650,0,0,0
i2204,20220218,20220218,134214500,13:42:15,696,5345,64975,366704650,0,0,0
i2204,20220218,20220218,134215000,13:42:15,696,5345,64975,366704650,0,0,0
i2204,20220218,20220218,134215500,13:42:16,696,5345,64975,366704650,0,0,0
i2204,20220218,20220218,134216000,13:42:16,696,5345,64975,366704650,0,0,0
i2204,20220218,20220218,134216500,13:42:17,696,5345,64975,366704650,0,0,0
i2204,20220218,20220218,134217000,13:42:19,696,5345,64975,366704650,0,0,0
i2204,20220218,20220218,134217500,13:42:19,696,5345,64975,366704650,0,0,0
i2204,20220218,20220218,134218000,13:42:20,696,5345,64975,366704650,0,0,0
i2204,20220218,20220218,134218500,13:42:20,696,5345,64975,366704650,0,0,0
i2204,20220218,20220218,134219500,13:42:20,696,5345,64975,366704650,0,0,0
i2204,20220218,20220218,134220000,13:42:20,696,5345,64975,366704650,0,0,0
i2204,20220218,20220218,134220500,13:42:21,696,5345,64975,366704650,0,0,0
i2204,20220218,20220218,134221000,13:42:21,696,5345,64975,366704650,0,0,0
i2204,20220218,20220218,134221500,13:42:22,696,5345,64975,366704650,0,0,0
i2204,20220218,20220218,134222000,13:42:22,696,5345,64975,366704650,0,0,0
i2204,20220218,20220218,134222500,13:42:22,696,5345,64975,366704650,0,0,0
i2204,20220218,20220218,134223000,13:42:24,696,5345,64975,366704650,0,0,0
i2204,20220218,20220218,134224000,13:42:25,696,5345,64975,366704650,0,0,0
i2204,20220218,20220218,134227000,13:42:28,696,5345,64975,366704650,0,0,0
i2204,20220218,20220218,134227500,13:42:29,696,5345,64975,366704650,0,0,0
i2204,20220218,20220218,134228000,13:42:29,696,5345,64975,366704650,0,0,0
i2204,20220218,20220218,134228500,13:42:29,696,5345,64975,366704650,0,0,0
i2204,20220218,20220218,134255500,13:42:56,696,5345,64975,366704650,0,0,0
i2204,20220218,20220218,134256000,13:42:56,696,5345,64975,366704650,0,0,0
i2204,20220218,20220218,134256500,13:42:57,696,5345,64975,366704650,0,0,0
i2204,20220218,20220218,134257000,13:42:59,696,5345,64975,366704650,0,0,0
i2204,20220218,20220218,134257500,13:42:59,696,5345,64975,366704650,0,0,0
i2204,20220218,20220218,134259000,13:42:59,696,5345,64975,366704650,0,0,0
i2204,20220218,20220218,134259500,13:43:01,696,5345,64975,366704650,0,0,0
i2204,20220218,20220218,134300000,13:43:01,696,5345,64975,366704650,0,0,0
i2204,20220218,20220218,134300500,13:43:02,696,5345,64975,366704650,0,0,0
i2204,20220218,20220218,134301000,13:43:02,696,5345,64975,366704650,0,0,0
i2204,20220218,20220218,134301500,13:43:02,696,5345,64975,366704650,0,0,0
i2204,20220218,20220218,134302000,13:43:02,696,5345,64975,366704650,0,0,0
i2204,20220218,20220218,134302500,13:43:03,696,5345,64975,366704650,0,0,0
i2204,20220218,20220218,134303000,13:43:10,696,5345,64975,366704650,0,0,0
i2204,20220218,20220218,134303500,13:43:11,696,5345,64975,366704650,0,0,0
i2204,20220218,20220218,134305000,13:43:11,696,5345,64975,366704650,0,0,0
i2204,20220218,20220218,134310500,13:43:12,696,5345,64975,366704650,0,0,0
i2204,20220218,20220218,134311000,13:43:14,696,5345,64975,366704650,0,0,0
i2204,20220218,20220218,134312000,13:43:14,696,5345,64975,366704650,0,0,0
i2204,20220218,20220218,134312500,13:43:14,696,5345,64975,366704650,0,0,0
i2204,20220218,20220218,134314000,13:43:14,696,5345,64975,366704650,0,0,0
i2204,20220218,20220218,134314500,13:43:15,696,5345,64975,366704650,0,0,0
i2204,20220218,20220218,134315000,13:43:15,696,5345,64975,366704650,0,0,0
i2204,20220218,20220218,134315500,13:43:15,696,5345,64975,366704650,0,0,0
i2204,20220218,20220218,134316000,13:43:16,696,5345,64975,366704650,0,0,0
i2204,20220218,20220218,134316500,13:43:16,696,5345,64975,366704650,0,0,0
i2204,20220218,20220218,134317000,13:43:17,696,5345,64975,366704650,0,0,0
i2204,20220218,20220218,134317500,13:43:17,696,5345,64975,366704650,0,0,0
i2204,20220218,20220218,134318000,13:43:18,696,5345,64975,366704650,0,0,0
i2204,20220218,20220218,134318500,13:43:18,696,5345,64975,366704650,0,0,0
i2204,20220218,20220218,134319000,13:43:19,696,5345,64975,366704650,0,0,0
i2204,20220218,20220218,134319500,13:43:20,696,5345,64975,366704650,0,0,0
i2204,20220218,20220218,134320000,13:43:20,696,5345,64975,366704650,0,0,0
i2204,20220218,20220218,134320500,13:43:21,696,5345,64975,366704650,0,0,0
i2204,20220218,20220218,134321000,13:43:21,696,5345,64975,366704650,0,0,0
i2204,20220218,20220218,134321500,13:43:21,696,5345,64975,366704650,0,0,0
i2204,20220218,20220218,134322000,13:43:22,696,5345,64975,366704650,0,0,0
i2204,20220218,20220218,134322500,13:43:23,696,5345,64975,366704650,0,0,0
i2204,20220218,20220218,134323000,13:43:23,696,5345,64975,366704650,0,0,0
i2204,20220218,20220218,134323500,13:43:24,696,5345,64975,366704650,0,0,0
i2204,20220218,20220218,134324000,13:43:24,696,5345,64975,366704650,0,0,0
i2204,20220218,20220218,134324500,13:43:25,696,5345,64975,366704650,0,0,0
i2204,20220218,20220218,134325000,13:43:25,696,5345,64975,366704650,0,0,0
i2204,20220218,20220218,134325500,13:43:26,696,5345,64975,366704650,0,0,0
i2204,20220218,20220218,134326000,13:43:26,696,5345,64975,366704650,0,0,0
i2204,20220218,20220218,134326500,13:43:27,696,5345,64975,366704650,0,0,0
i2204,20220218,20220218,134327000,13:43:27,696,5345,64975,366704650,0,0,0
i2204,20220218,20220218,134327500,13:43:27,696,5345,64975,366704650,0,0,0
i2204,20220218,20220218,134328000,13:43:29,696,5345,64975,366704650,0,0,0
i2204,20220218,20220218,134328500,13:43:29,696,5345,64975,366704650,0,0,0
i2204,20220218,20220218,134329000,13:43:29,696,5345,64975,366704650,0,0,0
i2204,20220218,20220218,134329500,13:43:30,696,5345,64975,366704650,0,0,0
i2204,20220218,20220218,134330000,13:43:30,696,5345,64975,366704650,0,0,0
i2204,20220218,20220218,134330500,13:43:30,696,5345,64975,366704650,0,0,0
i2204,20220218,20220218,134331000,13:43:31,696,5345,64975,366704650,0,0,0
i2204,20220218,20220218,134331500,13:43:31,696,5345,64975,366704650,0,0,0
i2204,20220218,20220218,134332000,13:43:32,696,5345,64975,366704650,0,0,0
i2204,20220218,20220218,134332500,13:43:32,696,5345,64975,366704650,0,0,0
i2204,20220218,20220218,134333000,13:43:33,696,5345,64975,366704650,0,0,0
i2204,20220218,20220218,134333500,13:43:34,696,5345,64975,366704650,0,0,0
i2204,20220218,20220218,134334000,13:43:34,696,5345,64975,366704650,0,0,0
i2204,20220218,20220218,134334500,13:43:35,696,5345,64975,366704650,0,0,0
i2204,20220218,20220218,134335000,13:43:35,696,5345,64975,366704650,0,0,0
i2204,20220218,20220218,134335500,13:43:35,696,5345,64975,366704650,0,0,0
i2204,20220218,20220218,134336000,13:43:36,696,5345,64975,366704650,0,0,0
i2204,20220218,20220218,134336500,13:43:37,696,5345,64975,366704650,0,0,0
i2204,20220218,20220218,134337000,13:43:37,696,5345,64975,366704650,0,0,0
i2204,20220218,20220218,134337500,13:43:38,696,5345,64975,366704650,0,0,0
i2204,20220218,20220218,134338000,13:43:38,696,5345,64975,366704650,0,0,0
i2204,20220218,20220218,134338500,13:43:38,696,5345,64975,366704650,0,0,0
i2204,20220218,20220218,134339000,13:43:47,696,5345,64975,366704650,0,0,0
i2204,20220218,20220218,134339500,13:43:55,696,5345,64975,366704650,0,0,0
i2204,20220218,20220218,134340000,13:43:57,696,5345,64975,366704650,0,0,0
i2204,20220218,20220218,134340500,13:43:57,696,5345,64975,366704650,0,0,0
i2204,20220218,20220218,134343000,13:44:04,696,5345,64975,366704650,0,0,0
i2204,20220218,20220218,134402500,13:44:04,696,5345,64975,366704650,0,0,0
i2204,20220218,20220218,134408500,13:44:09,696,5345,64975,366704650,0,0,0
i2204,20220218,20220218,134415500,13:44:17,696,5345,64975,366704650,0,0,0
i2204,20220218,20220218,134417500,13:44:18,696,5345,64975,366704650,0,0,0
i2204,20220218,20220218,134420000,13:44:23,696,5345,64975,366704650,0,0,0
i2204,20220218,20220218,134422500,13:44:23,696,5345,64975,366704650,0,0,0
i2204,20220218,20220218,134426500,13:44:26,696,5345,64975,366704650,0,0,0
i2204,20220218,20220218,134427000,13:44:27,697.5,5358,64977,367610600,13,2,905950
i2204,20220218,20220218,134427500,13:44:28,697.5,5358,64977,367610600,0,0,0
i2204,20220218,20220218,134428000,13:44:29,697.5,5358,64977,367610600,0,0,0
i2204,20220218,20220218,134428500,13:44:29,697.5,5358,64977,367610600,0,0,0
i2204,20220218,20220218,134429000,13:44:29,697.5,5358,64977,367610600,0,0,0
i2204,20220218,20220218,134429500,13:44:33,697.5,5358,64977,367610600,0,0,0
i2204,20220218,20220218,134441000,13:44:41,698,5359,64976,367680400,1,-1,69800
i2204,20220218,20220218,134443500,13:44:44,697.5,5360,64975,367750150,1,-1,69750
i2204,20220218,20220218,134444000,13:44:44,697.5,5360,64975,367750150,0,0,0
i2204,20220218,20220218,134444500,13:44:45,697.5,5360,64975,367750150,0,0,0
i2204,20220218,20220218,134445000,13:44:45,697.5,5361,64974,367819900,1,-1,69750
i2204,20220218,20220218,134445500,13:44:45,697.5,5361,64974,367819900,0,0,0
i2204,20220218,20220218,134446000,13:44:46,697,5362,64974,367889600,1,0,69700
i2204,20220218,20220218,134446500,13:44:46,697,5362,64974,367889600,0,0,0
i2204,20220218,20220218,134450000,13:44:50,697,5362,64974,367889600,0,0,0
i2204,20220218,20220218,134451000,13:44:51,697,5362,64974,367889600,0,0,0
i2204,20220218,20220218,134451500,13:44:53,697,5362,64974,367889600,0,0,0
i2204,20220218,20220218,134452000,13:44:53,697,5362,64974,367889600,0,0,0
i2204,20220218,20220218,134452500,13:44:53,697,5362,64974,367889600,0,0,0
i2204,20220218,20220218,134455000,13:44:55,697,5362,64974,367889600,0,0,0
i2204,20220218,20220218,134456500,13:44:56,697,5362,64974,367889600,0,0,0
i2204,20220218,20220218,134457500,13:44:57,697,5362,64974,367889600,0,0,0
i2204,20220218,20220218,134458000,13:44:58,697,5362,64974,367889600,0,0,0
i2204,20220218,20220218,134458500,13:44:59,697,5362,64974,367889600,0,0,0
i2204,20220218,20220218,134459000,13:44:59,697,5362,64974,367889600,0,0,0
i2204,20220218,20220218,134500500,13:45:01,697,5362,64974,367889600,0,0,0
i2204,20220218,20220218,134501000,13:45:01,697,5362,64974,367889600,0,0,0
i2204,20220218,20220218,134507000,13:45:09,697,5362,64974,367889600,0,0,0
i2204,20220218,20220218,134509000,13:45:10,697,5362,64974,367889600,0,0,0
i2204,20220218,20220218,134510500,13:45:10,697,5362,64974,367889600,0,0,0
i2204,20220218,20220218,134515000,13:45:17,697,5362,64974,367889600,0,0,0
i2204,20220218,20220218,134515500,13:45:17,697,5362,64974,367889600,0,0,0
i2204,20220218,20220218,134520500,13:45:23,697,5362,64974,367889600,0,0,0
i2204,20220218,20220218,134521000,13:45:23,697,5362,64974,367889600,0,0,0
i2204,20220218,20220218,134523000,13:45:24,697,5362,64974,367889600,0,0,0
i2204,20220218,20220218,134524000,13:45:24,697,5364,64973,368029000,2,-1,139400
i2204,20220218,20220218,134524500,13:45:26,697,5364,64973,368029000,0,0,0
i2204,20220218,20220218,134525000,13:45:26,697,5364,64973,368029000,0,0,0
i2204,20220218,20220218,134525500,13:45:27,697,5364,64973,368029000,0,0,0
i2204,20220218,20220218,134531000,13:45:31,697,5364,64973,368029000,0,0,0
i2204,20220218,20220218,134532000,13:45:32,697,5364,64973,368029000,0,0,0
i2204,20220218,20220218,134536000,13:45:37,697,5364,64973,368029000,0,0,0
i2204,20220218,20220218,134538000,13:45:38,697,5364,64973,368029000,0,0,0
i2204,20220218,20220218,134541000,13:45:41,697,5364,64973,368029000,0,0,0
i2204,20220218,20220218,134545000,13:45:46,697,5364,64973,368029000,0,0,0
i2204,20220218,20220218,134546000,13:45:47,697,5364,64973,368029000,0,0,0
i2204,20220218,20220218,134547500,13:45:47,697,5365,64972,368098700,1,-1,69700
i2204,20220218,20220218,134548000,13:45:48,697,5365,64972,368098700,0,0,0
i2204,20220218,20220218,134550000,13:45:53,697,5365,64972,368098700,0,0,0
i2204,20220218,20220218,134551000,13:45:54,697,5365,64972,368098700,0,0,0
i2204,20220218,20220218,134556000,13:46:00,697,5365,64972,368098700,0,0,0
i2204,20220218,20220218,134556500,13:46:00,697,5365,64972,368098700,0,0,0
i2204,20220218,20220218,134601500,13:46:02,697,5365,64972,368098700,0,0,0
i2204,20220218,20220218,134604000,13:46:05,697,5365,64972,368098700,0,0,0
i2204,20220218,20220218,134606500,13:46:07,697,5365,64972,368098700,0,0,0
i2204,20220218,20220218,134610000,13:46:11,697,5365,64972,368098700,0,0,0
i2204,20220218,20220218,134610500,13:46:11,697,5365,64972,368098700,0,0,0
i2204,20220218,20220218,134611000,13:46:11,697,5365,64972,368098700,0,0,0
i2204,20220218,20220218,134611500,13:46:11,697,5365,64972,368098700,0,0,0
i2204,20220218,20220218,134612000,13:46:13,697,5365,64972,368098700,0,0,0
i2204,20220218,20220218,134612500,13:46:13,697,5365,64972,368098700,0,0,0
i2204,20220218,20220218,134613000,13:46:13,697,5365,64972,368098700,0,0,0
i2204,20220218,20220218,134613500,13:46:14,697,5365,64972,368098700,0,0,0
i2204,20220218,20220218,134614000,13:46:14,697,5365,64972,368098700,0,0,0
