j2205,20220218,20220218,112003000,11:20:04,3296,26928,40680,8788635450,26928,2873,8788635450
j2205,20220218,20220218,112003500,11:20:09,3296,26930,40682,8789294650,2,2,659200
j2205,20220218,20220218,112005000,11:20:10,3296.5,26933,40681,8790283600,3,-1,988950
j2205,20220218,20220218,112006500,11:20:10,3297,26935,40682,8790943000,2,1,659400
j2205,20220218,20220218,112007000,11:20:10,3297,26940,40685,8792591500,5,3,1648500
j2205,20220218,20220218,112007500,11:20:10,3297,26940,40685,8792591500,0,0,0
j2205,20220218,20220218,112008000,11:20:10,3297,26940,40685,8792591500,0,0,0
j2205,20220218,20220218,112009000,11:20:10,3297,26940,40685,8792591500,0,0,0
j2205,20220218,20220218,112009500,11:20:10,3297,26940,40685,8792591500,0,0,0
j2205,20220218,20220218,112011000,11:20:11,3297,26940,40685,8792591500,0,0,0
j2205,20220218,20220218,112011500,11:20:12,3296.5,26941,40684,8792921150,1,-1,329650
j2205,20220218,20220218,112019000,11:20:19,3296.5,26941,40684,8792921150,0,0,0
j2205,20220218,20220218,112020000,11:20:20,3295.5,26943,40683,8793580300,2,-1,659150
j2205,20220218,20220218,112020500,11:20:21,3295.5,26944,40684,8793909850,1,1,329550
j2205,20220218,20220218,112022500,11:20:23,3295.5,26944,40684,8793909850,0,0,0
j2205,20220218,20220218,112026500,11:20:26,3295.5,26944,40684,8793909850,0,0,0
j2205,20220218,20220218,112028000,11:20:28,3295.5,26945,40685,8794239400,1,1,329550
j2205,20220218,20220218,112029500,11:20:30,3295.5,26945,40685,8794239400,0,0,0
j2205,20220218,20220218,112030000,11:20:31,3294.5,26948,40685,8795227850,3,0,988450
j2205,20220218,20220218,112030500,11:20:31,3294,26954,40688,8797204250,6,3,1976400
j2205,20220218,20220218,112031000,11:20:32,3293.5,26955,40689,8797533600,1,1,329350
j2205,20220218,20220218,112031500,11:20:32,3293.5,26955,40689,8797533600,0,0,0
j2205,20220218,20220218,112033000,11:20:33,3293,26958,40690,8798521500,3,1,987900
j2205,20220218,20220218,112033500,11:20:33,3293,26960,40692,8799180100,2,2,658600
j2205,20220218,20220218,112034000,11:20:34,3293,26960,40692,8799180100,0,0,0
j2205,20220218,20220218,112034500,11:20:34,3293,26960,40692,8799180100,0,0,0
j2205,20220218,20220218,112037000,11:20:37,3293.5,26961,40693,8799509450,1,1,329350
j2205,20220218,20220218,112038500,11:20:38,3293.5,26961,40693,8799509450,0,0,0
j2205,20220218,20220218,112039000,11:20:39,3293.5,26961,40693,8799509450,0,0,0
j2205,20220218,20220218,112041500,11:20:41,3293.5,26961,40693,8799509450,0,0,0
j2205,20220218,20220218,112042000,11:20:42,3293.5,26961,40693,8799509450,0,0,0
j2205,20220218,20220218,112045000,11:20:45,3294,26962,40694,8799838850,1,1,329400
j2205,20220218,20220218,112046000,11:20:46,3294,26962,40694,8799838850,0,0,0
j2205,20220218,20220218,112050500,11:20:51,3294,26962,40694,8799838850,0,0,0
j2205,20220218,20220218,112051500,11:20:51,3294,26963,40694,8800168250,1,0,329400
j2205,20220218,20220218,112052500,11:20:53,3293,26964,40694,8800497550,1,0,329300
j2205,20220218,20220218,112053000,11:20:53,3293,26964,40694,8800497550,0,0,0
j2205,20220218,20220218,112053500,11:20:53,3293,26964,40694,8800497550,0,0,0
j2205,20220218,20220218,112056000,11:20:56,3295,26967,40691,8801486050,3,-3,988500
j2205,20220218,20220218,112056500,11:20:57,3295.5,26970,40692,8802474600,3,1,988550
j2205,20220218,20220218,112057000,11:20:58,3296,26971,40692,8802804200,1,0,329600
j2205,20220218,20220218,112057500,11:20:58,3296,26971,40692,8802804200,0,0,0
j2205,20220218,20220218,112058000,11:20:58,3296,26971,40692,8802804200,0,0,0
j2205,20220218,20220218,112058500,11:20:59,3296,26971,40692,8802804200,0,0,0
j2205,20220218,20220218,112102500,11:21:03,3296,26971,40692,8802804200,0,0,0
j2205,20220218,20220218,112103000,11:21:03,3296.5,26974,40693,8803793150,3,1,988950
j2205,20220218,20220218,112103500,11:21:04,3297,26978,40695,8805111950,4,2,1318800
j2205,20220218,20220218,112104000,11:21:04,3297,26985,40697,8807420100,7,2,2308150
j2205,20220218,20220218,112104500,11:21:05,3297.5,26987,40697,8808079600,2,0,659500
j2205,20220218,20220218,112105000,11:21:05,3298,26989,40697,8808739150,2,0,659550
j2205,20220218,20220218,112105500,11:21:07,3298,26991,40698,8809398650,2,1,659500
j2205,20220218,20220218,112106000,11:21:07,3298,26991,40698,8809398650,0,0,0
j2205,20220218,20220218,112106500,11:21:07,3298,26994,40701,8810388050,3,3,989400
j2205,20220218,20220218,112107000,11:21:09,3298,26995,40702,8810717850,1,1,329800
j2205,20220218,20220218,112108000,11:21:10,3298.5,26996,40702,8811047700,1,0,329850
j2205,20220218,20220218,112108500,11:21:10,3298,26997,40703,8811377500,1,1,329800
j2205,20220218,20220218,112110000,11:21:10,3298.5,26999,40702,8812037200,2,-1,659700
j2205,20220218,20220218,112111000,11:21:11,3298.5,26999,40702,8812037200,0,0,0
j2205,20220218,20220218,112112000,11:21:12,3298.5,26999,40702,8812037200,0,0,0
j2205,20220218,20220218,112113000,11:21:13,3299,27000,40702,8812367100,1,0,329900
j2205,20220218,20220218,112113500,11:21:13,3299.5,27005,40700,8814016750,5,-2,1649650
j2205,20220218,20220218,112114000,11:21:14,3299.5,27005,40700,8814016750,0,0,0
j2205,20220218,20220218,112115000,11:21:15,3300,27007,40702,8814676750,2,2,660000
j2205,20220218,20220218,112117000,11:21:17,3300,27007,40702,8814676750,0,0,0
j2205,20220218,20220218,112117500,11:21:18,3300,27008,40703,8815006750,1,1,330000
j2205,20220218,20220218,112118000,11:21:18,3300,27008,40703,8815006750,0,0,0
j2205,20220218,20220218,112118500,11:21:18,3300,27008,40703,8815006750,0,0,0
j2205,20220218,20220218,112119500,11:21:19,3300,27011,40705,8815996750,3,2,990000
j2205,20220218,20220218,112120000,11:21:20,3300,27012,40705,8816326750,1,0,330000
j2205,20220218,20220218,112120500,11:21:22,3300,27012,40705,8816326750,0,0,0
j2205,20220218,20220218,112121000,11:21:22,3300,27012,40705,8816326750,0,0,0
j2205,20220218,20220218,112121500,11:21:22,3300,27012,40705,8816326750,0,0,0
j2205,20220218,20220218,112122000,11:21:22,3300,27012,40705,8816326750,0,0,0
j2205,20220218,20220218,112122500,11:21:22,3301,27015,40705,8817317050,3,0,990300
j2205,20220218,20220218,112123000,11:21:23,3301,27019,40707,8818637400,4,2,1320350
j2205,20220218,20220218,112123500,11:21:24,3301,27020,40707,8818967500,1,0,330100
j2205,20220218,20220218,112124000,11:21:24,3301.5,27021,40706,8819297650,1,-1,330150
j2205,20220218,20220218,112124500,11:21:25,3301.5,27022,40707,8819627800,1,1,330150
j2205,20220218,20220218,112125000,11:21:29,3301.5,27022,40707,8819627800,0,0,0
j2205,20220218,20220218,112125500,11:23:32,3302.5,27024,40706,8820288300,2,-1,660500
j2205,20220218,20220218,112126000,11:23:33,3302.5,27024,40706,8820288300,0,0,0
j2205,20220218,20220218,112332500,11:23:33,3302.5,27024,40706,8820288300,0,0,0
j2205,20220218,20220218,112333500,11:23:33,3302.5,27024,40706,8820288300,0,0,0
j2205,20220218,20220218,112334000,11:23:34,3302.5,27024,40706,8820288300,0,0,0
j2205,20220218,20220218,112334500,11:23:34,3296,27158,40719,8864491350,134,13,44203050
j2205,20220218,20220218,112335500,11:23:35,3296,27158,40719,8864491350,0,0,0
j2205,20220218,20220218,112337500,11:23:38,3297.5,27159,40718,8864821100,1,-1,329750
j2205,20220218,20220218,112339000,11:23:39,3297.5,27159,40718,8864821100,0,0,0
j2205,20220218,20220218,112340000,11:23:40,3298.5,27161,40720,8865480750,2,2,659650
j2205,20220218,20220218,112340500,11:23:40,3298.5,27162,40721,8865810600,1,1,329850
j2205,20220218,20220218,112343000,11:23:43,3298.5,27164,40723,8866470200,2,2,659600
j2205,20220218,20220218,112343500,11:23:43,3298.5,27169,40726,8868119450,5,3,1649250
j2205,20220218,20220218,112344000,11:23:48,3299,27170,40727,8868449350,1,1,329900
j2205,20220218,20220218,112345500,11:23:48,3298.5,27171,40726,8868779200,1,-1,329850
j2205,20220218,20220218,112347500,11:23:48,3298.5,27171,40726,8868779200,0,0,0
j2205,20220218,20220218,112349000,11:23:49,3298.5,27171,40726,8868779200,0,0,0
j2205,20220218,20220218,112349500,11:23:50,3298.5,27171,40726,8868779200,0,0,0
j2205,20220218,20220218,112350000,11:23:50,3298.5,27171,40726,8868779200,0,0,0
j2205,20220218,20220218,112354000,11:23:54,3298.5,27171,40726,8868779200,0,0,0
j2205,20220218,20220218,112355500,11:23:55,3298.5,27171,40726,8868779200,0,0,0
j2205,20220218,20220218,112356000,11:23:56,3298,27172,40727,8869109000,1,1,329800
j2205,20220218,20220218,112356500,11:23:56,3297.5,27173,40727,8869438750,1,0,329750
j2205,20220218,20220218,112358000,11:23:58,3297.5,27174,40728,8869768500,1,1,329750
j2205,20220218,20220218,112358500,11:23:58,3297.5,27175,40729,8870098250,1,1,329750
j2205,20220218,20220218,112359000,11:23:59,3297.5,27175,40729,8870098250,0,0,0
j2205,20220218,20220218,112359500,11:23:59,3297.5,27175,40729,8870098250,0,0,0
j2205,20220218,20220218,112402500,11:24:02,3297.5,27176,40728,8870428000,1,-1,329750
j2205,20220218,20220218,112403000,11:24:03,3297.5,27176,40728,8870428000,0,0,0
j2205,20220218,20220218,112403500,11:24:04,3297.5,27176,40728,8870428000,0,0,0
j2205,20220218,20220218,112404000,11:24:04,3297.5,27178,40726,8871087500,2,-2,659500
j2205,20220218,20220218,112404500,11:24:04,3297,27180,40725,8871746900,2,-1,659400
j2205,20220218,20220218,112405000,11:24:05,3297,27182,40725,8872406300,2,0,659400
j2205,20220218,20220218,112406000,11:24:06,3296.5,27184,40725,8873065600,2,0,659300
j2205,20220218,20220218,112410500,11:24:12,3296.5,27185,40726,8873395250,1,1,329650
j2205,20220218,20220218,112412500,11:24:12,3296.5,27186,40725,8873724900,1,-1,329650
j2205,20220218,20220218,112414500,11:24:15,3296.5,27187,40724,8874054550,1,-1,329650
j2205,20220218,20220218,112416500,11:24:17,3296,27189,40722,8874713750,2,-2,659200
j2205,20220218,20220218,112417500,11:24:18,3296,27190,40722,8875043350,1,0,329600
j2205,20220218,20220218,112418000,11:24:18,3296,27193,40719,8876032150,3,-3,988800
j2205,20220218,20220218,112420500,11:24:20,3296,27195,40719,8876691350,2,0,659200
j2205,20220218,20220218,112421500,11:24:22,3296,27195,40719,8876691350,0,0,0
j2205,20220218,20220218,112422500,11:24:23,3296,27195,40719,8876691350,0,0,0
j2205,20220218,20220218,112428000,11:24:28,3296,27195,40719,8876691350,0,0,0
j2205,20220218,20220218,112428500,11:24:28,3296,27195,40719,8876691350,0,0,0
j2205,20220218,20220218,112430000,11:24:30,3296,27195,40719,8876691350,0,0,0
j2205,20220218,20220218,112437000,11:24:37,3296,27195,40719,8876691350,0,0,0
j2205,20220218,20220218,112440000,11:24:40,3298,27197,40721,8877350950,2,2,659600
j2205,20220218,20220218,112442500,11:24:42,3298,27197,40721,8877350950,0,0,0
j2205,20220218,20220218,112443000,11:24:43,3297,27198,40720,8877680650,1,-1,329700
j2205,20220218,20220218,112443500,11:24:43,3297,27200,40720,8878340050,2,0,659400
j2205,20220218,20220218,112444000,11:24:44,3297,27202,40719,8878999450,2,-1,659400
j2205,20220218,20220218,112446000,11:24:46,3298,27203,40719,8879329250,1,0,329800
j2205,20220218,20220218,112446500,11:24:46,3298,27203,40719,8879329250,0,0,0
j2205,20220218,20220218,112447500,11:24:47,3298,27203,40719,8879329250,0,0,0
j2205,20220218,20220218,112449500,11:24:49,3298,27203,40719,8879329250,0,0,0
j2205,20220218,20220218,112450000,11:24:50,3297,27206,40718,8880318350,3,-1,989100
j2205,20220218,20220218,112450500,11:24:50,3297,27209,40717,8881307450,3,-1,989100
j2205,20220218,20220218,112455000,11:24:55,3297.5,27210,40716,8881637200,1,-1,329750
j2205,20220218,20220218,112456000,11:24:56,3298,27211,40716,8881967000,1,0,329800
j2205,20220218,20220218,112456500,11:24:56,3298,27211,40716,8881967000,0,0,0
j2205,20220218,20220218,112501500,11:25:04,3298,27212,40716,8882296800,1,0,329800
j2205,20220218,20220218,112502000,11:25:05,3298,27212,40716,8882296800,0,0,0
j2205,20220218,20220218,112505000,11:25:06,3298,27212,40716,8882296800,0,0,0
j2205,20220218,20220218,112505500,11:25:06,3298,27212,40716,8882296800,0,0,0
j2205,20220218,20220218,112507500,11:25:07,3297.5,27213,40716,8882626550,1,0,329750
j2205,20220218,20220218,112508000,11:25:08,3297.5,27213,40716,8882626550,0,0,0
j2205,20220218,20220218,112510000,11:25:10,3299,27214,40717,8882956450,1,1,329900
j2205,20220218,20220218,112511500,11:25:11,3299,27214,40717,8882956450,0,0,0
j2205,20220218,20220218,112514500,11:25:15,3298,27215,40718,8883286250,1,1,329800
j2205,20220218,20220218,112515500,11:25:16,3299,27216,40717,8883616150,1,-1,329900
j2205,20220218,20220218,112517500,11:25:18,3299,27216,40717,8883616150,0,0,0
j2205,20220218,20220218,112519000,11:25:19,3299,27216,40717,8883616150,0,0,0
j2205,20220218,20220218,112527500,11:25:28,3297.5,27217,40717,8883945900,1,0,329750
j2205,20220218,20220218,112530000,11:25:30,3297,27219,40716,8884605300,2,-1,659400
j2205,20220218,20220218,112530500,11:25:31,3296.5,27221,40716,8885264600,2,0,659300
j2205,20220218,20220218,112531000,11:25:31,3296,27222,40715,8885594200,1,-1,329600
j2205,20220218,20220218,112532000,11:25:32,3297,27223,40715,8885923900,1,0,329700
j2205,20220218,20220218,112532500,11:25:33,3297,27224,40715,8886253600,1,0,329700
j2205,20220218,20220218,112535500,11:25:37,3297,27224,40715,8886253600,0,0,0
j2205,20220218,20220218,112537000,11:25:37,3297,27224,40715,8886253600,0,0,0
j2205,20220218,20220218,112538000,11:25:38,3297,27224,40715,8886253600,0,0,0
j2205,20220218,20220218,112539500,11:25:40,3297,27224,40715,8886253600,0,0,0
j2205,20220218,20220218,112540000,11:25:40,3297.5,27225,40714,8886583350,1,-1,329750
j2205,20220218,20220218,112540500,11:25:41,3298,27231,40714,8888562150,6,0,1978800
j2205,20220218,20220218,112541500,11:25:41,3298,27233,40714,8889221750,2,0,659600
j2205,20220218,20220218,112542000,11:25:42,3298,27235,40714,8889881350,2,0,659600
j2205,20220218,20220218,112542500,11:25:43,3298,27235,40714,8889881350,0,0,0
j2205,20220218,20220218,112543000,11:25:43,3299.5,27236,40714,8890211300,1,0,329950
j2205,20220218,20220218,112544000,11:25:44,3299.5,27236,40714,8890211300,0,0,0
j2205,20220218,20220218,112544500,11:25:44,3299.5,27236,40714,8890211300,0,0,0
j2205,20220218,20220218,112545000,11:25:45,3299.5,27237,40714,8890541250,1,0,329950
j2205,20220218,20220218,112545500,11:25:46,3298.5,27238,40714,8890871100,1,0,329850
j2205,20220218,20220218,112546500,11:25:47,3298.5,27238,40714,8890871100,0,0,0
j2205,20220218,20220218,112547000,11:25:48,3298.5,27238,40714,8890871100,0,0,0
j2205,20220218,20220218,112548000,11:25:48,3298,27241,40717,8891860500,3,3,989400
j2205,20220218,20220218,112551000,11:25:51,3298.5,27242,40717,8892190350,1,0,329850
j2205,20220218,20220218,112551500,11:25:51,3298,27243,40718,8892520150,1,1,329800
j2205,20220218,20220218,112552000,11:25:52,3298,27243,40718,8892520150,0,0,0
j2205,20220218,20220218,112600500,11:26:01,3298,27243,40718,8892520150,0,0,0
j2205,20220218,20220218,112601500,11:26:01,3298,27245,40718,8893179900,2,0,659750
j2205,20220218,20220218,112603000,11:26:03,3299.5,27246,40719,8893509850,1,1,329950
j2205,20220218,20220218,112604000,11:26:05,3299.5,27246,40719,8893509850,0,0,0
j2205,20220218,20220218,112604500,11:26:05,3300,27247,40720,8893839850,1,1,330000
j2205,20220218,20220218,112605000,11:26:05,3298,27249,40719,8894499500,2,-1,659650
j2205,20220218,20220218,112605500,11:26:05,3298,27249,40719,8894499500,0,0,0
j2205,20220218,20220218,112607500,11:26:09,3300,27250,40719,8894829500,1,0,330000
j2205,20220218,20220218,112609500,11:26:10,3300,27250,40719,8894829500,0,0,0
j2205,20220218,20220218,112611000,11:26:11,3300,27250,40719,8894829500,0,0,0
j2205,20220218,20220218,112611500,11:26:13,3300,27250,40719,8894829500,0,0,0
j2205,20220218,20220218,112613500,11:26:15,3300,27250,40719,8894829500,0,0,0
j2205,20220218,20220218,112616000,11:26:16,3300,27251,40720,8895159500,1,1,330000
j2205,20220218,20220218,112616500,11:26:16,3299,27252,40721,8895489400,1,1,329900
j2205,20220218,20220218,112617500,11:26:17,3299,27252,40721,8895489400,0,0,0
j2205,20220218,20220218,112618500,11:26:18,3299,27252,40721,8895489400,0,0,0
j2205,20220218,20220218,112619500,11:26:20,3298.5,27253,40721,8895819250,1,0,329850
j2205,20220218,20220218,112620000,11:26:20,3298.5,27253,40721,8895819250,0,0,0
j2205,20220218,20220218,112620500,11:26:20,3298.5,27253,40721,8895819250,0,0,0
j2205,20220218,20220218,112621000,11:26:21,3298.5,27253,40721,8895819250,0,0,0
j2205,20220218,20220218,112621500,11:26:21,3298.5,27253,40721,8895819250,0,0,0
j2205,20220218,20220218,112622000,11:26:22,3298.5,27253,40721,8895819250,0,0,0
j2205,20220218,20220218,112623500,11:26:23,3298.5,27253,40721,8895819250,0,0,0
j2205,20220218,20220218,112628000,11:26:28,3298.5,27253,40721,8895819250,0,0,0
j2205,20220218,20220218,112632500,11:26:32,3299,27254,40722,8896149150,1,1,329900
j2205,20220218,20220218,112636000,11:26:38,3299,27254,40722,8896149150,0,0,0
j2205,20220218,20220218,112648500,11:27:11,3298.5,27272,40737,8902087400,18,15,5938250
j2205,20220218,20220218,112710000,11:27:12,3298.5,27272,40737,8902087400,0,0,0
j2205,20220218,20220218,112710500,11:27:12,3303,27303,40750,8912321400,31,13,10234000
j2205,20220218,20220218,112711500,11:27:12,3303,27305,40751,8912982000,2,1,660600
j2205,20220218,20220218,112712500,11:27:13,3303,27306,40752,8913312300,1,1,330300
j2205,20220218,20220218,112713500,11:27:14,3303,27306,40752,8913312300,0,0,0
j2205,20220218,20220218,112714000,11:27:15,3301,27308,40753,8913972700,2,1,660400
j2205,20220218,20220218,112714500,11:27:15,3301,27308,40753,8913972700,0,0,0
j2205,20220218,20220218,112715000,11:27:16,3303,27309,40753,8914303000,1,0,330300
j2205,20220218,20220218,112715500,11:27:16,3303,27310,40754,8914633300,1,1,330300
j2205,20220218,20220218,112716000,11:27:16,3302.5,27311,40755,8914963550,1,1,330250
j2205,20220218,20220218,112716500,11:27:17,3303,27312,40756,8915293850,1,1,330300
j2205,20220218,20220218,112717000,11:27:17,3303,27313,40757,8915624150,1,1,330300
j2205,20220218,20220218,112717500,11:27:17,3303,27314,40757,8915954450,1,0,330300
j2205,20220218,20220218,112718000,11:27:18,3303,27314,40757,8915954450,0,0,0
j2205,20220218,20220218,112718500,11:27:19,3303,27317,40756,8916945350,3,-1,990900
j2205,20220218,20220218,112719000,11:27:19,3303,27319,40757,8917605950,2,1,660600
j2205,20220218,20220218,112719500,11:27:20,3303,27320,40757,8917936250,1,0,330300
j2205,20220218,20220218,112720000,11:27:20,3303,27322,40758,8918596850,2,1,660600
j2205,20220218,20220218,112720500,11:27:21,3303,27322,40758,8918596850,0,0,0
j2205,20220218,20220218,112721000,11:27:21,3303.5,27323,40759,8918927200,1,1,330350
j2205,20220218,20220218,112721500,11:27:22,3303.5,27327,40761,8920248100,4,2,1320900
j2205,20220218,20220218,112722000,11:27:22,3304,27329,40763,8920908900,2,2,660800
j2205,20220218,20220218,112722500,11:27:22,3304.5,27334,40768,8922561150,5,5,1652250
j2205,20220218,20220218,112723000,11:27:26,3304.5,27337,40770,8923552600,3,2,991450
j2205,20220218,20220218,112723500,11:27:27,3305,27343,40775,8925535600,6,5,1983000
j2205,20220218,20220218,112724000,11:27:27,3305,27391,40772,8941400650,48,-3,15865050
j2205,20220218,20220218,112726500,11:27:27,3306.5,27444,40750,8958922750,53,-22,17522100
j2205,20220218,20220218,112727000,11:27:27,3307.5,27453,40757,8961899450,9,7,2976700
j2205,20220218,20220218,112727500,11:27:27,3308,27460,40761,8964214800,7,4,2315350
j2205,20220218,20220218,112728000,11:27:28,3307,27471,40759,8967853450,11,-2,3638650
j2205,20220218,20220218,112728500,11:27:28,3307.5,27473,40758,8968514900,2,-1,661450
j2205,20220218,20220218,112729000,11:27:29,3307.5,27477,40759,8969837900,4,1,1323000
j2205,20220218,20220218,112729500,11:27:29,3307.5,27478,40759,8970168650,1,0,330750
j2205,20220218,20220218,112730000,11:27:30,3306.5,27479,40760,8970499300,1,1,330650
j2205,20220218,20220218,112730500,11:27:31,3306.5,27481,40760,8971160600,2,0,661300
j2205,20220218,20220218,112731000,11:27:32,3306.5,27483,40760,8971821900,2,0,661300
j2205,20220218,20220218,112731500,11:27:35,3307,27485,40760,8972483300,2,0,661400
j2205,20220218,20220218,112732000,11:27:36,3307,27486,40759,8972814000,1,-1,330700
j2205,20220218,20220218,112732500,11:27:36,3306,27487,40760,8973144600,1,1,330600
j2205,20220218,20220218,112735500,11:27:36,3306,27495,40764,8975789600,8,4,2645000
j2205,20220218,20220218,112736000,11:27:37,3306.5,27500,40763,8977442750,5,-1,1653150
j2205,20220218,20220218,112737000,11:27:38,3306.5,27501,40762,8977773400,1,-1,330650
j2205,20220218,20220218,112738000,11:27:39,3306.5,27509,40762,8980418550,8,0,2645150
j2205,20220218,20220218,112738500,11:27:39,3306.5,27509,40762,8980418550,0,0,0
j2205,20220218,20220218,112739000,11:27:39,3306.5,27515,40763,8982402550,6,1,1984000
j2205,20220218,20220218,112739500,11:27:39,3306.5,27520,40766,8984055900,5,3,1653350
j2205,20220218,20220218,112740000,11:27:40,3306.5,27521,40767,8984386550,1,1,330650
j2205,20220218,20220218,112741000,11:27:41,3306.5,27522,40768,8984717200,1,1,330650
j2205,20220218,20220218,112741500,11:27:42,3306.5,27522,40768,8984717200,0,0,0
j2205,20220218,20220218,112742000,11:27:42,3306.5,27522,40768,8984717200,0,0,0
j2205,20220218,20220218,112742500,11:27:43,3306,27523,40769,8985047800,1,1,330600
j2205,20220218,20220218,112743000,11:27:43,3306,27525,40768,8985709050,2,-1,661250
j2205,20220218,20220218,112743500,11:27:43,3306.5,27526,40767,8986039700,1,-1,330650
j2205,20220218,20220218,112744000,11:27:44,3306.5,27527,40767,8986370350,1,0,330650
j2205,20220218,20220218,112744500,11:27:45,3306.5,27527,40767,8986370350,0,0,0
j2205,20220218,20220218,112745000,11:27:45,3307,27528,40768,8986701050,1,1,330700
j2205,20220218,20220218,112745500,11:27:46,3306.5,27534,40770,8988685100,6,2,1984050
j2205,20220218,20220218,112746500,11:27:47,3306.5,27535,40770,8989015750,1,0,330650
j2205,20220218,20220218,112747500,11:27:47,3307,27536,40771,8989346450,1,1,330700
j2205,20220218,20220218,112748000,11:27:52,3306.5,27537,40772,8989677100,1,1,330650
j2205,20220218,20220218,112748500,11:27:54,3306.5,27537,40772,8989677100,0,0,0
j2205,20220218,20220218,112749000,11:27:54,3306.5,27537,40772,8989677100,0,0,0
j2205,20220218,20220218,112754000,11:27:54,3306.5,27537,40772,8989677100,0,0,0
j2205,20220218,20220218,112754500,11:27:54,3308,27565,40771,8998936150,28,-1,9259050
j2205,20220218,20220218,112755000,11:27:55,3307.5,27566,40772,8999266900,1,1,330750
j2205,20220218,20220218,112755500,11:27:55,3308,27569,40773,9000259300,3,1,992400
j2205,20220218,20220218,112756000,11:27:56,3308,27571,40774,9000920900,2,1,661600
j2205,20220218,20220218,112756500,11:27:56,3308,27574,40774,9001913300,3,0,992400
j2205,20220218,20220218,112757500,11:27:57,3307.5,27575,40773,9002244050,1,-1,330750
j2205,20220218,20220218,112758500,11:27:59,3307.5,27577,40771,9002905500,2,-2,661450
j2205,20220218,20220218,112759500,11:27:59,3308,27580,40772,9003897800,3,1,992300
j2205,20220218,20220218,112800000,11:28:00,3307.5,27581,40772,9004228550,1,0,330750
j2205,20220218,20220218,112801000,11:28:01,3307,27583,40771,9004890000,2,-1,661450
j2205,20220218,20220218,112802000,11:28:03,3307.5,27585,40772,9005551500,2,1,661500
j2205,20220218,20220218,112802500,11:28:03,3307.5,27587,40774,9006213000,2,2,661500
j2205,20220218,20220218,112803000,11:28:04,3308,27588,40774,9006543800,1,0,330800
j2205,20220218,20220218,112803500,11:28:04,3308,27590,40773,9007205400,2,-1,661600
j2205,20220218,20220218,112804000,11:28:04,3307.5,27592,40773,9007866950,2,0,661550
j2205,20220218,20220218,112804500,11:28:05,3307.5,27592,40773,9007866950,0,0,0
j2205,20220218,20220218,112805000,11:28:06,3307.5,27593,40774,9008197700,1,1,330750
j2205,20220218,20220218,112805500,11:28:06,3308.5,27600,40773,9010513600,7,-1,2315900
j2205,20220218,20220218,112806000,11:28:10,3309,27612,40775,9014483200,12,2,3969600
j2205,20220218,20220218,112806500,11:28:10,3308.5,27616,40774,9015806650,4,-1,1323450
j2205,20220218,20220218,112807500,11:28:11,3308.5,27619,40774,9016799200,3,0,992550
j2205,20220218,20220218,112809500,11:28:11,3308.5,27629,40778,9020107700,10,4,3308500
j2205,20220218,20220218,112810500,11:28:12,3308.5,27634,40781,9021761950,5,3,1654250
j2205,20220218,20220218,112811000,11:28:12,3308.5,27635,40781,9022092800,1,0,330850
j2205,20220218,20220218,112811500,11:28:12,3309,27638,40780,9023085450,3,-1,992650
j2205,20220218,20220218,112812000,11:28:13,3309,27643,40783,9024739950,5,3,1654500
j2205,20220218,20220218,112812500,11:28:13,3309.5,27649,40785,9026725550,6,2,1985600
j2205,20220218,20220218,112813000,11:28:13,3310,27662,40797,9031028550,13,12,4303000
j2205,20220218,20220218,112813500,11:28:14,3311,27702,40801,9044268350,40,4,13239800
j2205,20220218,20220218,112814000,11:28:14,3311.5,27703,40801,9044599500,1,0,331150
j2205,20220218,20220218,112814500,11:28:14,3312,27707,40801,9045924200,4,0,1324700
j2205,20220218,20220218,112815000,11:28:15,3312,27711,40798,9047248850,4,-3,1324650
j2205,20220218,20220218,112815500,11:28:15,3312,27712,40798,9047580050,1,0,331200
j2205,20220218,20220218,112816000,11:28:16,3312,27722,40797,9050891650,10,-1,3311600
j2205,20220218,20220218,112816500,11:28:16,3312,27734,40796,9054865800,12,-1,3974150
j2205,20220218,20220218,112817000,11:28:17,3311.5,27738,40797,9056190400,4,1,1324600
j2205,20220218,20220218,112817500,11:28:17,3312,27744,40796,9058177500,6,-1,1987100
j2205,20220218,20220218,112818000,11:28:18,3312,27745,40797,9058508700,1,1,331200
j2205,20220218,20220218,112818500,11:28:18,3312,27747,40798,9059171100,2,1,662400
j2205,20220218,20220218,112819000,11:28:19,3313,27752,40801,9060827500,5,3,1656400
j2205,20220218,20220218,112819500,11:28:19,3311,27755,40801,9061821350,3,0,993850
j2205,20220218,20220218,112820000,11:28:20,3312.5,27769,40800,9066458900,14,-1,4637550
j2205,20220218,20220218,112820500,11:28:20,3312.5,27783,40799,9071096100,14,-1,4637200
j2205,20220218,20220218,112821000,11:28:21,3313,27784,40798,9071427400,1,-1,331300
j2205,20220218,20220218,112821500,11:28:22,3312.5,27789,40799,9073083800,5,1,1656400
j2205,20220218,20220218,112822000,11:28:22,3312.5,27801,40807,9077061000,12,8,3977200
j2205,20220218,20220218,112822500,11:28:22,3313,27804,40805,9078054900,3,-2,993900
j2205,20220218,20220218,112823000,11:28:23,3312.5,27809,40810,9079711250,5,5,1656350
j2205,20220218,20220218,112823500,11:28:24,3313,27811,40812,9080373850,2,2,662600
j2205,20220218,20220218,112824000,11:28:24,3313,27812,40812,9080705150,1,0,331300
j2205,20220218,20220218,112824500,11:28:24,3313,27820,40820,9083355550,8,8,2650400
j2205,20220218,20220218,112825000,11:28:25,3312.5,27822,40820,9084018050,2,0,662500
j2205,20220218,20220218,112825500,11:28:25,3312.5,27822,40820,9084018050,0,0,0
j2205,20220218,20220218,112826000,11:28:26,3312,27828,40820,9086005750,6,0,1987700
j2205,20220218,20220218,112826500,11:28:27,3312.5,27830,40821,9086668300,2,1,662550
j2205,20220218,20220218,112827000,11:28:27,3312.5,27830,40821,9086668300,0,0,0
j2205,20220218,20220218,112827500,11:28:27,3312,27831,40822,9086999500,1,1,331200
j2205,20220218,20220218,112828000,11:28:28,3312.5,27833,40822,9087661950,2,0,662450
j2205,20220218,20220218,112828500,11:28:28,3311.5,27834,40822,9087993100,1,0,331150
j2205,20220218,20220218,112829000,11:28:29,3311,27838,40823,9089317650,4,1,1324550
j2205,20220218,20220218,112829500,11:28:29,3310,27840,40822,9089979650,2,-1,662000
j2205,20220218,20220218,112830000,11:28:30,3311.5,27843,40822,9090973000,3,0,993350
j2205,20220218,20220218,112830500,11:28:31,3310.5,27844,40821,9091304050,1,-1,331050
j2205,20220218,20220218,112831500,11:28:31,3312,27852,40819,9093953050,8,-2,2649000
j2205,20220218,20220218,112832000,11:28:32,3310.5,27857,40815,9095608600,5,-4,1655550
j2205,20220218,20220218,112833500,11:28:33,3312,27861,40817,9096933250,4,2,1324650
j2205,20220218,20220218,112834000,11:28:34,3309,27876,40818,9101897900,15,1,4964650
j2205,20220218,20220218,112834500,11:28:34,3310,27884,40810,9104545850,8,-8,2647950
j2205,20220218,20220218,112835000,11:28:35,3310,27891,40811,9106862800,7,1,2316950
j2205,20220218,20220218,112835500,11:28:35,3310,27891,40811,9106862800,0,0,0
j2205,20220218,20220218,112836000,11:28:37,3310,27892,40811,9107193800,1,0,331000
j2205,20220218,20220218,112836500,11:28:37,3310,27892,40811,9107193800,0,0,0
j2205,20220218,20220218,112837000,11:28:37,3310,27892,40811,9107193800,0,0,0
j2205,20220218,20220218,112837500,11:28:37,3310,27892,40811,9107193800,0,0,0
j2205,20220218,20220218,112838500,11:28:38,3309,27893,40811,9107524700,1,0,330900
j2205,20220218,20220218,112839000,11:28:40,3309,27893,40811,9107524700,0,0,0
j2205,20220218,20220218,112839500,11:28:40,3309.5,27896,40813,9108517450,3,2,992750
j2205,20220218,20220218,112840000,11:28:40,3308.5,27897,40814,9108848300,1,1,330850
j2205,20220218,20220218,112840500,11:28:40,3308.5,27899,40815,9109510050,2,1,661750
j2205,20220218,20220218,112841000,11:28:41,3308.5,27901,40816,9110171750,2,1,661700
j2205,20220218,20220218,112841500,11:28:41,3309,27902,40817,9110502650,1,1,330900
j2205,20220218,20220218,112842000,11:28:42,3308.5,27903,40818,9110833500,1,1,330850
j2205,20220218,20220218,112842500,11:28:43,3308.5,27903,40818,9110833500,0,0,0
j2205,20220218,20220218,112843000,11:28:43,3310,27916,40814,9115136200,13,-4,4302700
j2205,20220218,20220218,112843500,11:28:44,3310.5,27918,40812,9115798300,2,-2,662100
j2205,20220218,20220218,112844000,11:28:44,3312,27919,40812,9116129500,1,0,331200
j2205,20220218,20220218,112844500,11:28:44,3312,27919,40812,9116129500,0,0,0
j2205,20220218,20220218,112845000,11:28:45,3311.5,27920,40813,9116460650,1,1,331150
j2205,20220218,20220218,112845500,11:28:45,3311.5,27920,40813,9116460650,0,0,0
j2205,20220218,20220218,112846000,11:28:46,3311.5,27920,40813,9116460650,0,0,0
j2205,20220218,20220218,112846500,11:28:46,3311.5,27920,40813,9116460650,0,0,0
j2205,20220218,20220218,112847000,11:28:47,3310.5,27923,40813,9117453800,3,0,993150
j2205,20220218,20220218,112847500,11:28:48,3310.5,27925,40813,9118115900,2,0,662100
j2205,20220218,20220218,112848000,11:28:48,3310.5,27926,40814,9118446950,1,1,331050
j2205,20220218,20220218,112849000,11:28:49,3311,27928,40815,9119109150,2,1,662200
j2205,20220218,20220218,112850000,11:28:50,3310.5,27931,40817,9120102300,3,2,993150
j2205,20220218,20220218,112850500,11:28:50,3310.5,27931,40817,9120102300,0,0,0
j2205,20220218,20220218,112851000,11:28:51,3311,27933,40818,9120764450,2,1,662150
j2205,20220218,20220218,112851500,11:28:52,3311,27935,40818,9121426650,2,0,662200
j2205,20220218,20220218,112852000,11:28:53,3311.5,27936,40819,9121757800,1,1,331150
j2205,20220218,20220218,112853000,11:28:54,3311.5,27938,40821,9122420050,2,2,662250
j2205,20220218,20220218,112853500,11:28:54,3311.5,27938,40821,9122420050,0,0,0
j2205,20220218,20220218,112854000,11:28:54,3312,27944,40826,9124407100,6,5,1987050
j2205,20220218,20220218,112857500,11:28:58,3312,27944,40826,9124407100,0,0,0
j2205,20220218,20220218,112859000,11:28:59,3312.5,27952,40831,9127056400,8,5,2649300
j2205,20220218,20220218,112859500,11:29:00,3311,27953,40830,9127387500,1,-1,331100
j2205,20220218,20220218,112900000,11:29:00,3311,27954,40830,9127718600,1,0,331100
j2205,20220218,20220218,112900500,11:29:01,3311,27954,40830,9127718600,0,0,0
j2205,20220218,20220218,112901000,11:29:01,3312,27955,40829,9128049800,1,-1,331200
j2205,20220218,20220218,112901500,11:29:01,3312,27957,40827,9128712200,2,-2,662400
j2205,20220218,20220218,112902000,11:29:02,3313,27959,40828,9129374550,2,1,662350
j2205,20220218,20220218,112902500,11:29:03,3313,27961,40829,9130037150,2,1,662600
j2205,20220218,20220218,112903000,11:29:03,3313,27965,40829,9131362250,4,0,1325100
j2205,20220218,20220218,112903500,11:29:04,3312,27967,40831,9132024650,2,2,662400
j2205,20220218,20220218,112904000,11:29:04,3312,27969,40832,9132687050,2,1,662400
j2205,20220218,20220218,112904500,11:29:04,3313,27972,40832,9133680850,3,0,993800
j2205,20220218,20220218,112905500,11:29:06,3312,27974,40833,9134343350,2,1,662500
j2205,20220218,20220218,112906000,11:29:06,3312,27977,40835,9135336950,3,2,993600
j2205,20220218,20220218,112906500,11:29:06,3312,27977,40835,9135336950,0,0,0
j2205,20220218,20220218,112907500,11:29:08,3312,27977,40835,9135336950,0,0,0
j2205,20220218,20220218,112908000,11:29:08,3312,27979,40835,9135999350,2,0,662400
j2205,20220218,20220218,112908500,11:29:08,3312,27980,40836,9136330550,1,1,331200
j2205,20220218,20220218,112909000,11:29:09,3312,27980,40836,9136330550,0,0,0
j2205,20220218,20220218,112910000,11:29:10,3310.5,27981,40836,9136661600,1,0,331050
j2205,20220218,20220218,112910500,11:29:10,3311.5,27983,40836,9137323750,2,0,662150
j2205,20220218,20220218,112911000,11:29:11,3311.5,27986,40834,9138317200,3,-2,993450
j2205,20220218,20220218,112911500,11:29:12,3312,27988,40836,9138979600,2,2,662400
j2205,20220218,20220218,112912000,11:29:12,3312,27989,40836,9139310800,1,0,331200
j2205,20220218,20220218,112912500,11:29:12,3312,27989,40836,9139310800,0,0,0
j2205,20220218,20220218,112913500,11:29:14,3311.5,27991,40837,9139973150,2,1,662350
j2205,20220218,20220218,112915000,11:29:15,3311.5,27992,40838,9140304300,1,1,331150
j2205,20220218,20220218,112915500,11:29:16,3312,27994,40837,9140966700,2,-1,662400
j2205,20220218,20220218,112916500,11:29:20,3310,27999,40842,9142621700,5,5,1655000
j2205,20220218,20220218,112917000,11:29:20,3310,28000,40842,9142952700,1,0,331000
j2205,20220218,20220218,112918000,11:29:21,3310,28000,40842,9142952700,0,0,0
j2205,20220218,20220218,112920500,11:29:21,3309,28002,40843,9143614550,2,1,661850
j2205,20220218,20220218,112921500,11:29:24,3309,28002,40843,9143614550,0,0,0
j2205,20220218,20220218,112922000,11:29:24,3308.5,28004,40845,9144276250,2,2,661700
j2205,20220218,20220218,112922500,11:29:24,3308.5,28010,40847,9146261400,6,2,1985150
j2205,20220218,20220218,112923000,11:29:24,3307,28013,40847,9147253750,3,0,992350
j2205,20220218,20220218,112923500,11:29:24,3307,28013,40847,9147253750,0,0,0
j2205,20220218,20220218,112924500,11:29:25,3307,28013,40847,9147253750,0,0,0
j2205,20220218,20220218,112925000,11:29:25,3307,28014,40848,9147584450,1,1,330700
j2205,20220218,20220218,112925500,11:29:25,3307,28014,40848,9147584450,0,0,0
j2205,20220218,20220218,112926000,11:29:26,3307,28015,40847,9147915150,1,-1,330700
j2205,20220218,20220218,112926500,11:29:26,3307,28016,40846,9148245850,1,-1,330700
j2205,20220218,20220218,112927500,11:29:27,3306.5,28018,40847,9148907200,2,1,661350
j2205,20220218,20220218,112928000,11:29:28,3306,28025,40848,9151221500,7,1,2314300
j2205,20220218,20220218,112929000,11:29:29,3305.5,28026,40849,9151552050,1,1,330550
j2205,20220218,20220218,112929500,11:29:29,3306,28027,40848,9151882650,1,-1,330600
j2205,20220218,20220218,112930000,11:29:30,3305.5,28029,40847,9152543800,2,-1,661150
j2205,20220218,20220218,112930500,11:29:31,3306,28031,40848,9153205000,2,1,661200
j2205,20220218,20220218,112931000,11:29:32,3305.5,28032,40848,9153535550,1,0,330550
j2205,20220218,20220218,112931500,11:29:32,3305.5,28033,40847,9153866100,1,-1,330550
j2205,20220218,20220218,112932000,11:29:32,3306.5,28035,40845,9154527400,2,-2,661300
j2205,20220218,20220218,112932500,11:29:37,3307,28036,40844,9154858100,1,-1,330700
j2205,20220218,20220218,112933500,11:29:38,3306,28038,40844,9155519400,2,0,661300
j2205,20220218,20220218,112936500,11:29:38,3306,28038,40844,9155519400,0,0,0
j2205,20220218,20220218,112937500,11:29:38,3305.5,28046,40843,9158164100,8,-1,2644700
j2205,20220218,20220218,112938000,11:29:38,3305.5,28046,40843,9158164100,0,0,0
j2205,20220218,20220218,112938500,11:29:39,3308,28049,40843,9159156400,3,0,992300
j2205,20220218,20220218,112939000,11:29:39,3308,28049,40843,9159156400,0,0,0
j2205,20220218,20220218,112939500,11:29:40,3308,28050,40844,9159487200,1,1,330800
j2205,20220218,20220218,112940000,11:29:40,3308,28051,40845,9159818000,1,1,330800
j2205,20220218,20220218,112940500,11:29:40,3308,28053,40846,9160479600,2,1,661600
j2205,20220218,20220218,112941000,11:29:41,3308,28054,40846,9160810400,1,0,330800
j2205,20220218,20220218,112942500,11:29:44,3309,28055,40846,9161141300,1,0,330900
j2205,20220218,20220218,112943000,11:29:45,3309,28055,40846,9161141300,0,0,0
j2205,20220218,20220218,112944000,11:29:45,3309.5,28057,40847,9161803050,2,1,661750
j2205,20220218,20220218,112944500,11:29:45,3309.5,28058,40847,9162134000,1,0,330950
j2205,20220218,20220218,112945000,11:29:46,3309.5,28058,40847,9162134000,0,0,0
j2205,20220218,20220218,112945500,11:29:46,3310.5,28061,40847,9163127150,3,0,993150
j2205,20220218,20220218,112946000,11:29:46,3310.5,28063,40849,9163789250,2,2,662100
j2205,20220218,20220218,112946500,11:29:47,3310.5,28063,40849,9163789250,0,0,0
j2205,20220218,20220218,112947000,11:29:47,3310.5,28064,40849,9164120300,1,0,331050
j2205,20220218,20220218,112947500,11:29:48,3309.5,28065,40849,9164451250,1,0,330950
j2205,20220218,20220218,112949000,11:29:50,3309.5,28066,40848,9164782200,1,-1,330950
j2205,20220218,20220218,112949500,11:29:50,3309,28069,40848,9165774900,3,0,992700
j2205,20220218,20220218,112950000,11:29:51,3309,28069,40848,9165774900,0,0,0
j2205,20220218,20220218,112950500,11:29:51,3309,28069,40848,9165774900,0,0,0
j2205,20220218,20220218,112952000,11:29:52,3308,28070,40848,9166105700,1,0,330800
j2205,20220218,20220218,112952500,11:29:53,3308,28076,40844,9168091050,6,-4,1985350
j2205,20220218,20220218,112953000,11:29:53,3308,28081,40844,9169745850,5,0,1654800
j2205,20220218,20220218,112953500,11:29:54,3309.5,28084,40846,9170738750,3,2,992900
j2205,20220218,20220218,112954000,11:29:54,3309.5,28084,40846,9170738750,0,0,0
j2205,20220218,20220218,112955000,11:29:55,3309.5,28084,40846,9170738750,0,0,0
j2205,20220218,20220218,112955500,11:29:56,3309.5,28085,40846,9171069700,1,0,330950
j2205,20220218,20220218,112956000,11:29:56,3310,28086,40846,9171400700,1,0,331000
j2205,20220218,20220218,112956500,11:30:00,3309.5,28091,40843,9173055500,5,-3,1654800
j2205,20220218,20220218,112957000,11:30:00,3309,28100,40842,9176033600,9,-1,2978100
j2205,20220218,20220218,112957500,11:30:02,3309,28100,40842,9176033600,0,0,0
j2205,20220218,20220218,112959500,11:30:02,3309,28100,40842,9176033600,0,0,0
j2205,20220218,20220218,113000000,11:30:03,3309,28103,40843,9177026300,3,1,992700
j2205,20220218,20220218,113001000,11:30:03,3309.5,28104,40844,9177357250,1,1,330950
j2205,20220218,20220218,133001500,13:30:02,3312,28120,40858,9182654950,16,14,5297700
j2205,20220218,20220218,133002000,13:30:08,3312.5,28137,40866,9188283850,17,8,5628900
j2205,20220218,20220218,133002500,13:30:09,3312,28148,40873,9191928250,11,7,3644400
j2205,20220218,20220218,133008000,13:30:10,3312,28148,40873,9191928250,0,0,0
j2205,20220218,20220218,133009500,13:30:10,3302,28243,40855,9223382100,95,-18,31453850
j2205,20220218,20220218,133010000,13:30:11,3305,28244,40855,9223712600,1,0,330500
j2205,20220218,20220218,133011000,13:30:13,3305,28244,40855,9223712600,0,0,0
j2205,20220218,20220218,133011500,13:30:13,3304,28245,40854,9224043000,1,-1,330400
j2205,20220218,20220218,133012500,13:30:13,3305.5,28251,40853,9226026100,6,-1,1983100
j2205,20220218,20220218,133013000,13:30:13,3305.5,28252,40854,9226356650,1,1,330550
j2205,20220218,20220218,133013500,13:30:14,3305.5,28252,40854,9226356650,0,0,0
j2205,20220218,20220218,133014000,13:30:16,3305.5,28252,40854,9226356650,0,0,0
j2205,20220218,20220218,133015000,13:30:18,3305.5,28252,40854,9226356650,0,0,0
j2205,20220218,20220218,133016500,13:30:18,3305.5,28252,40854,9226356650,0,0,0
j2205,20220218,20220218,133017500,13:30:19,3306.5,28257,40857,9228010150,5,3,1653500
j2205,20220218,20220218,133018000,13:30:19,3308.5,28258,40858,9228341000,1,1,330850
j2205,20220218,20220218,133018500,13:30:20,3307,28259,40858,9228671700,1,0,330700
j2205,20220218,20220218,133019000,13:30:20,3308.5,28260,40858,9229002550,1,0,330850
j2205,20220218,20220218,133019500,13:30:21,3308.5,28260,40858,9229002550,0,0,0
j2205,20220218,20220218,133020000,13:30:21,3310,28261,40859,9229333550,1,1,331000
j2205,20220218,20220218,133020500,13:30:21,3310,28261,40859,9229333550,0,0,0
j2205,20220218,20220218,133021500,13:30:22,3310,28261,40859,9229333550,0,0,0
j2205,20220218,20220218,133022500,13:30:38,3312,28262,40860,9229664750,1,1,331200
j2205,20220218,20220218,133023000,13:30:38,3310.5,28263,40859,9229995800,1,-1,331050
j2205,20220218,20220218,133038000,13:30:40,3310.5,28263,40859,9229995800,0,0,0
j2205,20220218,20220218,133038500,13:30:42,3312,28297,40862,9241252050,34,3,11256250
j2205,20220218,20220218,133040500,13:30:42,3312,28297,40862,9241252050,0,0,0
j2205,20220218,20220218,133041000,13:30:43,3312.5,28313,40872,9246551900,16,10,5299850
j2205,20220218,20220218,133042500,13:30:44,3314.5,28317,40875,9247877700,4,3,1325800
j2205,20220218,20220218,133043000,13:30:44,3314.5,28318,40875,9248209150,1,0,331450
j2205,20220218,20220218,133043500,13:30:45,3314.5,28319,40875,9248540600,1,0,331450
j2205,20220218,20220218,133044000,13:30:46,3313.5,28320,40875,9248871950,1,0,331350
j2205,20220218,20220218,133044500,13:30:46,3313.5,28320,40875,9248871950,0,0,0
j2205,20220218,20220218,133045000,13:30:46,3313.5,28320,40875,9248871950,0,0,0
j2205,20220218,20220218,133045500,13:30:46,3314.5,28325,40875,9250528950,5,0,1657000
j2205,20220218,20220218,133046000,13:30:47,3315.5,28343,40870,9256495600,18,-5,5966650
j2205,20220218,20220218,133046500,13:30:47,3315.5,28352,40873,9259479850,9,3,2984250
j2205,20220218,20220218,133047000,13:30:48,3315,28353,40872,9259811350,1,-1,331500
j2205,20220218,20220218,133047500,13:30:48,3315,28363,40867,9263127550,10,-5,3316200
j2205,20220218,20220218,133048000,13:30:48,3316,28365,40867,9263790750,2,0,663200
j2205,20220218,20220218,133048500,13:30:49,3316.5,28369,40868,9265117350,4,1,1326600
j2205,20220218,20220218,133049000,13:30:49,3317,28378,40876,9268102300,9,8,2984950
j2205,20220218,20220218,133050000,13:30:51,3317,28381,40877,9269097250,3,1,994950
j2205,20220218,20220218,133050500,13:30:52,3317,28381,40877,9269097250,0,0,0
j2205,20220218,20220218,133051000,13:30:52,3317,28381,40877,9269097250,0,0,0
j2205,20220218,20220218,133051500,13:30:52,3317,28386,40880,9270755750,5,3,1658500
j2205,20220218,20220218,133052000,13:30:53,3317,28386,40880,9270755750,0,0,0
j2205,20220218,20220218,133052500,13:30:54,3316.5,28389,40878,9271750700,3,-2,994950
j2205,20220218,20220218,133053000,13:30:54,3316.5,28390,40878,9272082350,1,0,331650
j2205,20220218,20220218,133053500,13:30:54,3316.5,28395,40875,9273740600,5,-3,1658250
j2205,20220218,20220218,133054000,13:30:55,3315,28398,40874,9274735400,3,-1,994800
j2205,20220218,20220218,133054500,13:30:55,3314.5,28399,40873,9275066850,1,-1,331450
j2205,20220218,20220218,133055000,13:30:55,3316.5,28402,40873,9276061800,3,0,994950
j2205,20220218,20220218,133055500,13:30:56,3316.5,28402,40873,9276061800,0,0,0
j2205,20220218,20220218,133056000,13:30:57,3316.5,28404,40875,9276725100,2,2,663300
j2205,20220218,20220218,133056500,13:30:57,3315.5,28405,40876,9277056650,1,1,331550
j2205,20220218,20220218,133057000,13:30:58,3315.5,28405,40876,9277056650,0,0,0
j2205,20220218,20220218,133057500,13:30:58,3316.5,28407,40877,9277719950,2,1,663300
j2205,20220218,20220218,133058500,13:30:59,3316.5,28407,40877,9277719950,0,0,0
j2205,20220218,20220218,133059500,13:31:00,3317,28412,40878,9279378300,5,1,1658350
j2205,20220218,20220218,133100000,13:31:00,3317,28414,40880,9280041700,2,2,663400
j2205,20220218,20220218,133100500,13:31:00,3317,28414,40880,9280041700,0,0,0
j2205,20220218,20220218,133101000,13:31:01,3317,28415,40880,9280373400,1,0,331700
j2205,20220218,20220218,133101500,13:31:01,3316,28416,40880,9280705000,1,0,331600
j2205,20220218,20220218,133102000,13:31:02,3316,28416,40880,9280705000,0,0,0
j2205,20220218,20220218,133102500,13:31:03,3317,28422,40879,9282695150,6,-1,1990150
j2205,20220218,20220218,133103000,13:31:03,3315,28425,40881,9283689650,3,2,994500
j2205,20220218,20220218,133103500,13:31:05,3315,28425,40881,9283689650,0,0,0
j2205,20220218,20220218,133104000,13:31:06,3316.5,28426,40882,9284021300,1,1,331650
j2205,20220218,20220218,133104500,13:31:07,3315,28427,40882,9284352800,1,0,331500
j2205,20220218,20220218,133105500,13:31:08,3315,28427,40882,9284352800,0,0,0
j2205,20220218,20220218,133106000,13:31:08,3315,28428,40883,9284684300,1,1,331500
j2205,20220218,20220218,133107000,13:31:08,3314.5,28430,40885,9285347200,2,2,662900
j2205,20220218,20220218,133107500,13:31:09,3314.5,28430,40885,9285347200,0,0,0
j2205,20220218,20220218,133108500,13:31:09,3315,28431,40886,9285678700,1,1,331500
j2205,20220218,20220218,133109000,13:31:09,3314.5,28432,40886,9286010150,1,0,331450
j2205,20220218,20220218,133110000,13:31:11,3315,28434,40888,9286673150,2,2,663000
j2205,20220218,20220218,133110500,13:31:11,3315,28435,40888,9287004650,1,0,331500
j2205,20220218,20220218,133111000,13:31:11,3315,28440,40892,9288662150,5,4,1657500
j2205,20220218,20220218,133111500,13:31:12,3314,28441,40892,9288993550,1,0,331400
j2205,20220218,20220218,133112000,13:31:12,3314,28441,40892,9288993550,0,0,0
j2205,20220218,20220218,133112500,13:31:13,3313.5,28445,40889,9290319000,4,-3,1325450
j2205,20220218,20220218,133113000,13:31:13,3313.5,28445,40889,9290319000,0,0,0
j2205,20220218,20220218,133113500,13:31:14,3314.5,28446,40889,9290650450,1,0,331450
j2205,20220218,20220218,133114000,13:31:15,3312.5,28447,40889,9290981700,1,0,331250
j2205,20220218,20220218,133114500,13:31:15,3314,28449,40890,9291644500,2,1,662800
j2205,20220218,20220218,133115000,13:31:15,3314,28449,40890,9291644500,0,0,0
j2205,20220218,20220218,133115500,13:31:16,3314,28449,40890,9291644500,0,0,0
j2205,20220218,20220218,133116000,13:31:16,3314,28449,40890,9291644500,0,0,0
j2205,20220218,20220218,133116500,13:31:17,3314,28449,40890,9291644500,0,0,0
j2205,20220218,20220218,133117000,13:31:17,3314,28451,40890,9292307300,2,0,662800
j2205,20220218,20220218,133118500,13:31:19,3313,28452,40890,9292638600,1,0,331300
j2205,20220218,20220218,133120500,13:31:21,3313,28452,40890,9292638600,0,0,0
j2205,20220218,20220218,133121000,13:31:21,3313,28452,40890,9292638600,0,0,0
j2205,20220218,20220218,133121500,13:31:22,3313,28453,40890,9292969900,1,0,331300
j2205,20220218,20220218,133122000,13:31:23,3312.5,28455,40890,9293632400,2,0,662500
j2205,20220218,20220218,133122500,13:31:23,3312.5,28455,40890,9293632400,0,0,0
j2205,20220218,20220218,133123500,13:31:25,3312.5,28455,40890,9293632400,0,0,0
j2205,20220218,20220218,133124500,13:31:25,3313,28460,40894,9295288900,5,4,1656500
j2205,20220218,20220218,133157500,13:31:57,3313,28461,40894,9295620200,1,0,331300
j2205,20220218,20220218,133158500,13:31:58,3313,28462,40895,9295951500,1,1,331300
j2205,20220218,20220218,133159000,13:31:59,3312.5,28468,40895,9297939000,6,0,1987500
j2205,20220218,20220218,133200500,13:32:01,3312.5,28468,40895,9297939000,0,0,0
j2205,20220218,20220218,133201000,13:32:01,3311,28507,40896,9310854550,39,1,12915550
j2205,20220218,20220218,133201500,13:32:01,3311,28507,40896,9310854550,0,0,0
j2205,20220218,20220218,133202000,13:32:03,3310,28508,40896,9311185550,1,0,331000
j2205,20220218,20220218,133203500,13:32:05,3310,28509,40895,9311516550,1,-1,331000
j2205,20220218,20220218,133205000,13:32:06,3310,28509,40895,9311516550,0,0,0
j2205,20220218,20220218,133207000,13:32:07,3310,28513,40894,9312840850,4,-1,1324300
j2205,20220218,20220218,133207500,13:32:07,3310,28513,40894,9312840850,0,0,0
j2205,20220218,20220218,133208000,13:32:09,3310,28513,40894,9312840850,0,0,0
j2205,20220218,20220218,133209500,13:32:10,3310,28515,40894,9313502850,2,0,662000
j2205,20220218,20220218,133210000,13:32:10,3310,28516,40894,9313833850,1,0,331000
j2205,20220218,20220218,133210500,13:32:13,3310,28516,40894,9313833850,0,0,0
j2205,20220218,20220218,133213000,13:32:15,3310,28516,40894,9313833850,0,0,0
j2205,20220218,20220218,133214000,13:32:15,3310,28516,40894,9313833850,0,0,0
j2205,20220218,20220218,133214500,13:32:16,3310,28516,40894,9313833850,0,0,0
j2205,20220218,20220218,133215000,13:32:16,3310,28516,40894,9313833850,0,0,0
j2205,20220218,20220218,133216000,13:32:17,3309,28519,40893,9314826600,3,-1,992750
j2205,20220218,20220218,133216500,13:32:17,3309,28519,40893,9314826600,0,0,0
j2205,20220218,20220218,133217000,13:32:17,3309,28519,40893,9314826600,0,0,0
j2205,20220218,20220218,133217500,13:32:18,3309,28519,40893,9314826600,0,0,0
j2205,20220218,20220218,133218000,13:32:18,3309,28523,40891,9316150100,4,-2,1323500
j2205,20220218,20220218,133218500,13:32:19,3309.5,28524,40891,9316481050,1,0,330950
j2205,20220218,20220218,133219000,13:32:20,3309.5,28524,40891,9316481050,0,0,0
j2205,20220218,20220218,133219500,13:32:20,3309.5,28524,40891,9316481050,0,0,0
j2205,20220218,20220218,133220500,13:32:21,3310,28525,40891,9316812050,1,0,331000
j2205,20220218,20220218,133221500,13:32:22,3309.5,28526,40892,9317143000,1,1,330950
j2205,20220218,20220218,133222000,13:32:23,3309.5,28526,40892,9317143000,0,0,0
j2205,20220218,20220218,133224000,13:32:24,3309,28527,40893,9317473900,1,1,330900
j2205,20220218,20220218,133224500,13:32:25,3309,28527,40893,9317473900,0,0,0
j2205,20220218,20220218,133225000,13:32:25,3309,28527,40893,9317473900,0,0,0
j2205,20220218,20220218,133225500,13:32:26,3309,28528,40893,9317804800,1,0,330900
j2205,20220218,20220218,133227000,13:32:27,3309,28531,40893,9318797500,3,0,992700
j2205,20220218,20220218,133227500,13:32:28,3309,28531,40893,9318797500,0,0,0
j2205,20220218,20220218,133228000,13:32:32,3309,28531,40893,9318797500,0,0,0
j2205,20220218,20220218,133232000,13:32:35,3309,28531,40893,9318797500,0,0,0
j2205,20220218,20220218,133232500,13:32:35,3308.5,28533,40893,9319459250,2,0,661750
j2205,20220218,20220218,133233000,13:32:35,3308.5,28533,40893,9319459250,0,0,0
j2205,20220218,20220218,133236000,13:32:36,3308.5,28534,40893,9319790100,1,0,330850
j2205,20220218,20220218,133236500,13:32:37,3308.5,28534,40893,9319790100,0,0,0
j2205,20220218,20220218,133237500,13:32:38,3309,28536,40893,9320451900,2,0,661800
j2205,20220218,20220218,133240000,13:32:40,3308.5,28537,40893,9320782750,1,0,330850
j2205,20220218,20220218,133240500,13:32:40,3308.5,28537,40893,9320782750,0,0,0
j2205,20220218,20220218,133242500,13:32:42,3308,28538,40893,9321113550,1,0,330800
j2205,20220218,20220218,133243500,13:32:43,3308.5,28539,40892,9321444400,1,-1,330850
j2205,20220218,20220218,133244000,13:32:44,3308.5,28539,40892,9321444400,0,0,0
j2205,20220218,20220218,133244500,13:32:45,3308.5,28539,40892,9321444400,0,0,0
j2205,20220218,20220218,133245000,13:32:45,3308.5,28539,40892,9321444400,0,0,0
j2205,20220218,20220218,133246500,13:32:47,3308.5,28539,40892,9321444400,0,0,0
j2205,20220218,20220218,133248000,13:32:48,3308.5,28539,40892,9321444400,0,0,0
j2205,20220218,20220218,133248500,13:32:49,3308.5,28540,40892,9321775250,1,0,330850
j2205,20220218,20220218,133249000,13:32:49,3308.5,28540,40892,9321775250,0,0,0
j2205,20220218,20220218,133250500,13:32:52,3308.5,28542,40890,9322436900,2,-2,661650
j2205,20220218,20220218,133251000,13:32:52,3308.5,28543,40889,9322767750,1,-1,330850
j2205,20220218,20220218,133251500,13:32:53,3309,28544,40889,9323098650,1,0,330900
j2205,20220218,20220218,133252500,13:32:53,3309,28544,40889,9323098650,0,0,0
j2205,20220218,20220218,133253000,13:32:53,3309,28544,40889,9323098650,0,0,0
j2205,20220218,20220218,133254000,13:32:54,3309,28545,40889,9323429550,1,0,330900
j2205,20220218,20220218,133255000,13:32:55,3309,28545,40889,9323429550,0,0,0
j2205,20220218,20220218,133255500,13:32:55,3309,28546,40890,9323760450,1,1,330900
j2205,20220218,20220218,133257500,13:33:00,3309.5,28547,40890,9324091400,1,0,330950
j2205,20220218,20220218,133258000,13:33:00,3309.5,28547,40890,9324091400,0,0,0
j2205,20220218,20220218,133300500,13:33:01,3309.5,28548,40891,9324422350,1,1,330950
j2205,20220218,20220218,133301000,13:33:02,3309,28549,40892,9324753250,1,1,330900
j2205,20220218,20220218,133301500,13:33:02,3309.5,28551,40894,9325415150,2,2,661900
j2205,20220218,20220218,133302500,13:33:03,3309.5,28552,40895,9325746100,1,1,330950
j2205,20220218,20220218,133303500,13:33:04,3309,28554,40896,9326407950,2,1,661850
j2205,20220218,20220218,133304000,13:33:04,3309,28554,40896,9326407950,0,0,0
j2205,20220218,20220218,133305500,13:33:05,3308.5,28555,40896,9326738800,1,0,330850
j2205,20220218,20220218,133306000,13:33:06,3309.5,28556,40895,9327069750,1,-1,330950
j2205,20220218,20220218,133306500,13:33:06,3309.5,28556,40895,9327069750,0,0,0
j2205,20220218,20220218,133307500,13:33:08,3309.5,28556,40895,9327069750,0,0,0
j2205,20220218,20220218,133310000,13:33:11,3308.5,28558,40894,9327731450,2,-1,661700
j2205,20220218,20220218,133310500,13:33:12,3308.5,28559,40895,9328062300,1,1,330850
j2205,20220218,20220218,133316500,13:33:18,3308.5,28559,40895,9328062300,0,0,0
j2205,20220218,20220218,133319000,13:33:20,3307.5,28560,40894,9328393050,1,-1,330750
j2205,20220218,20220218,133319500,13:33:20,3309,28563,40893,9329385650,3,-1,992600
j2205,20220218,20220218,133320000,13:33:21,3309.5,28566,40892,9330378400,3,-1,992750
j2205,20220218,20220218,133320500,13:33:22,3309.5,28567,40891,9330709350,1,-1,330950
j2205,20220218,20220218,133321000,13:33:22,3309.5,28571,40890,9332033150,4,-1,1323800
j2205,20220218,20220218,133321500,13:33:22,3310,28581,40893,9335343150,10,3,3310000
j2205,20220218,20220218,133322000,13:33:22,3310.5,28582,40894,9335674200,1,1,331050
j2205,20220218,20220218,133322500,13:33:22,3310.5,28582,40894,9335674200,0,0,0
j2205,20220218,20220218,133323000,13:33:23,3310.5,28582,40894,9335674200,0,0,0
j2205,20220218,20220218,133324000,13:33:24,3310.5,28582,40894,9335674200,0,0,0
j2205,20220218,20220218,133324500,13:33:25,3310.5,28582,40894,9335674200,0,0,0
j2205,20220218,20220218,133325500,13:33:26,3310.5,28583,40895,9336005250,1,1,331050
j2205,20220218,20220218,133327500,13:33:30,3310.5,28583,40895,9336005250,0,0,0
j2205,20220218,20220218,133328500,13:33:30,3309.5,28584,40895,9336336200,1,0,330950
j2205,20220218,20220218,133329000,13:33:30,3309.5,28584,40895,9336336200,0,0,0
j2205,20220218,20220218,133331000,13:33:32,3309.5,28584,40895,9336336200,0,0,0
j2205,20220218,20220218,133331500,13:33:32,3309.5,28584,40895,9336336200,0,0,0
j2205,20220218,20220218,133332000,13:33:32,3309.5,28584,40895,9336336200,0,0,0
j2205,20220218,20220218,133332500,13:33:33,3310,28586,40893,9336998050,2,-2,661850
j2205,20220218,20220218,133333000,13:33:33,3310,28586,40893,9336998050,0,0,0
j2205,20220218,20220218,133335000,13:33:35,3310,28586,40893,9336998050,0,0,0
j2205,20220218,20220218,133337000,13:33:37,3310,28586,40893,9336998050,0,0,0
j2205,20220218,20220218,133337500,13:33:37,3310,28586,40893,9336998050,0,0,0
j2205,20220218,20220218,133338500,13:33:39,3309,28587,40894,9337328950,1,1,330900
j2205,20220218,20220218,133340000,13:33:40,3310,28588,40895,9337659950,1,1,331000
j2205,20220218,20220218,133341000,13:33:41,3309,28589,40895,9337990850,1,0,330900
j2205,20220218,20220218,133341500,13:33:42,3309,28589,40895,9337990850,0,0,0
j2205,20220218,20220218,133342000,13:33:42,3309,28589,40895,9337990850,0,0,0
j2205,20220218,20220218,133344000,13:33:45,3309,28590,40896,9338321750,1,1,330900
j2205,20220218,20220218,133344500,13:33:45,3310,28592,40894,9338983750,2,-2,662000
j2205,20220218,20220218,133351000,13:33:51,3310,28592,40894,9338983750,0,0,0
j2205,20220218,20220218,133351500,13:33:52,3310,28592,40894,9338983750,0,0,0
j2205,20220218,20220218,133352500,13:33:52,3310,28592,40894,9338983750,0,0,0
j2205,20220218,20220218,133353000,13:33:53,3310,28592,40894,9338983750,0,0,0
j2205,20220218,20220218,133353500,13:33:53,3309.5,28594,40894,9339645650,2,0,661900
j2205,20220218,20220218,133354500,13:33:55,3309,28595,40894,9339976550,1,0,330900
j2205,20220218,20220218,133355000,13:33:56,3309,28595,40894,9339976550,0,0,0
j2205,20220218,20220218,133355500,13:33:56,3309,28595,40894,9339976550,0,0,0
j2205,20220218,20220218,133357500,13:33:58,3308.5,28596,40893,9340307400,1,-1,330850
j2205,20220218,20220218,133358500,13:33:58,3308.5,28598,40891,9340969100,2,-2,661700
j2205,20220218,20220218,133359000,13:33:59,3308.5,28599,40891,9341299950,1,0,330850
j2205,20220218,20220218,133359500,13:33:59,3308.5,28609,40886,9344608450,10,-5,3308500
j2205,20220218,20220218,133400000,13:34:00,3307,28613,40885,9345931350,4,-1,1322900
j2205,20220218,20220218,133400500,13:34:00,3307,28614,40885,9346262050,1,0,330700
j2205,20220218,20220218,133401000,13:34:01,3307,28614,40885,9346262050,0,0,0
j2205,20220218,20220218,133401500,13:34:02,3307,28614,40885,9346262050,0,0,0
j2205,20220218,20220218,133402000,13:34:04,3306.5,28615,40885,9346592700,1,0,330650
j2205,20220218,20220218,133402500,13:34:10,3306,28616,40884,9346923300,1,-1,330600
j2205,20220218,20220218,133403000,13:34:10,3306,28616,40884,9346923300,0,0,0
j2205,20220218,20220218,133410000,13:34:12,3306,28616,40884,9346923300,0,0,0
j2205,20220218,20220218,133410500,13:34:12,3306,28628,40883,9350890450,12,-1,3967150
j2205,20220218,20220218,133413000,13:34:13,3308,28630,40883,9351552050,2,0,661600
j2205,20220218,20220218,133414500,13:34:15,3308,28633,40882,9352544450,3,-1,992400
j2205,20220218,20220218,133415000,13:34:15,3308,28634,40882,9352875250,1,0,330800
j2205,20220218,20220218,133415500,13:34:16,3308,28634,40882,9352875250,0,0,0
j2205,20220218,20220218,133416000,13:34:16,3308.5,28636,40883,9353536950,2,1,661700
j2205,20220218,20220218,133416500,13:34:17,3307.5,28637,40883,9353867700,1,0,330750
j2205,20220218,20220218,133417000,13:34:17,3307.5,28638,40883,9354198450,1,0,330750
j2205,20220218,20220218,133417500,13:34:17,3307,28642,40881,9355521350,4,-2,1322900
j2205,20220218,20220218,133418000,13:34:18,3307,28642,40881,9355521350,0,0,0
j2205,20220218,20220218,133418500,13:34:19,3307,28642,40881,9355521350,0,0,0
j2205,20220218,20220218,133419500,13:34:20,3306.5,28643,40882,9355852000,1,1,330650
j2205,20220218,20220218,133420000,13:34:20,3307.5,28646,40884,9356844100,3,2,992100
j2205,20220218,20220218,133420500,13:34:23,3307.5,28646,40884,9356844100,0,0,0
j2205,20220218,20220218,133421000,13:34:23,3307.5,28646,40884,9356844100,0,0,0
j2205,20220218,20220218,133423500,13:34:24,3307.5,28647,40884,9357174850,1,0,330750
j2205,20220218,20220218,133424000,13:34:24,3306,28650,40883,9358166650,3,-1,991800
j2205,20220218,20220218,133424500,13:34:24,3307.5,28651,40883,9358497400,1,0,330750
j2205,20220218,20220218,133425000,13:34:25,3307.5,28651,40883,9358497400,0,0,0
j2205,20220218,20220218,133425500,13:34:26,3307.5,28651,40883,9358497400,0,0,0
j2205,20220218,20220218,133426000,13:34:26,3307.5,28651,40883,9358497400,0,0,0
j2205,20220218,20220218,133428500,13:34:29,3307.5,28651,40883,9358497400,0,0,0
j2205,20220218,20220218,133430000,13:34:30,3307.5,28652,40884,9358828150,1,1,330750
j2205,20220218,20220218,133430500,13:34:30,3306.5,28653,40884,9359158800,1,0,330650
j2205,20220218,20220218,133431000,13:34:31,3306.5,28653,40884,9359158800,0,0,0
j2205,20220218,20220218,133431500,13:34:31,3307,28654,40884,9359489500,1,0,330700
j2205,20220218,20220218,133432000,13:34:32,3307,28654,40884,9359489500,0,0,0
j2205,20220218,20220218,133432500,13:34:32,3307,28654,40884,9359489500,0,0,0
j2205,20220218,20220218,133433000,13:34:33,3306.5,28655,40884,9359820150,1,0,330650
j2205,20220218,20220218,133433500,13:34:34,3306.5,28655,40884,9359820150,0,0,0
j2205,20220218,20220218,133435000,13:34:35,3306,28656,40884,9360150750,1,0,330600
j2205,20220218,20220218,133435500,13:34:36,3307,28657,40883,9360481450,1,-1,330700
j2205,20220218,20220218,133436000,13:34:36,3307,28657,40883,9360481450,0,0,0
j2205,20220218,20220218,133437000,13:34:37,3306,28658,40883,9360812050,1,0,330600
j2205,20220218,20220218,133438000,13:34:38,3306,28658,40883,9360812050,0,0,0
j2205,20220218,20220218,133438500,13:34:38,3306,28658,40883,9360812050,0,0,0
j2205,20220218,20220218,133440000,13:34:40,3306,28658,40883,9360812050,0,0,0
j2205,20220218,20220218,133440500,13:34:41,3306,28658,40883,9360812050,0,0,0
j2205,20220218,20220218,133444000,13:34:45,3306,28658,40883,9360812050,0,0,0
j2205,20220218,20220218,133444500,13:34:46,3307.5,28662,40882,9362135050,4,-1,1323000
j2205,20220218,20220218,133445000,13:34:46,3307.5,28662,40882,9362135050,0,0,0
j2205,20220218,20220218,133445500,13:34:46,3308.5,28663,40883,9362465900,1,1,330850
j2205,20220218,20220218,133446000,13:34:46,3308.5,28663,40883,9362465900,0,0,0
j2205,20220218,20220218,133446500,13:34:47,3308.5,28663,40883,9362465900,0,0,0
j2205,20220218,20220218,133447500,13:34:47,3308.5,28663,40883,9362465900,0,0,0
j2205,20220218,20220218,133449500,13:34:49,3308,28664,40883,9362796700,1,0,330800
j2205,20220218,20220218,133450000,13:34:51,3309.5,28665,40884,9363127650,1,1,330950
j2205,20220218,20220218,133450500,13:34:51,3309.5,28665,40884,9363127650,0,0,0
j2205,20220218,20220218,133451000,13:34:51,3310,28666,40884,9363458650,1,0,331000
j2205,20220218,20220218,133453500,13:34:55,3310,28666,40884,9363458650,0,0,0
j2205,20220218,20220218,133455500,13:34:56,3309,28669,40887,9364451450,3,3,992800
j2205,20220218,20220218,133456000,13:34:57,3309,28670,40887,9364782350,1,0,330900
j2205,20220218,20220218,133457000,13:34:57,3310,28672,40887,9365444350,2,0,662000
j2205,20220218,20220218,133458500,13:34:59,3308.5,28673,40887,9365775200,1,0,330850
j2205,20220218,20220218,133459000,13:34:59,3308.5,28673,40887,9365775200,0,0,0
j2205,20220218,20220218,133459500,13:35:00,3308.5,28673,40887,9365775200,0,0,0
j2205,20220218,20220218,133500500,13:35:00,3308.5,28673,40887,9365775200,0,0,0
j2205,20220218,20220218,133501000,13:35:04,3308.5,28673,40887,9365775200,0,0,0
j2205,20220218,20220218,133501500,13:35:05,3309,28675,40888,9366436950,2,1,661750
j2205,20220218,20220218,133504500,13:35:10,3309,28675,40888,9366436950,0,0,0
j2205,20220218,20220218,133510000,13:35:10,3309,28675,40888,9366436950,0,0,0
j2205,20220218,20220218,133510500,13:35:11,3309,28675,40888,9366436950,0,0,0
j2205,20220218,20220218,133511000,13:35:11,3309,28675,40888,9366436950,0,0,0
j2205,20220218,20220218,133511500,13:35:12,3309,28675,40888,9366436950,0,0,0
j2205,20220218,20220218,133512500,13:35:13,3308,28685,40889,9369745300,10,1,3308350
j2205,20220218,20220218,133514000,13:35:14,3308,28685,40889,9369745300,0,0,0
j2205,20220218,20220218,133514500,13:35:15,3308.5,28687,40891,9370407000,2,2,661700
j2205,20220218,20220218,133515500,13:35:16,3309,28688,40891,9370737900,1,0,330900
j2205,20220218,20220218,133516000,13:35:16,3309,28688,40891,9370737900,0,0,0
j2205,20220218,20220218,133516500,13:35:16,3309,28689,40892,9371068800,1,1,330900
j2205,20220218,20220218,133517000,13:35:17,3309,28690,40893,9371399700,1,1,330900
j2205,20220218,20220218,133517500,13:35:18,3309.5,28691,40893,9371730650,1,0,330950
j2205,20220218,20220218,133518000,13:35:19,3309.5,28691,40893,9371730650,0,0,0
j2205,20220218,20220218,133520500,13:35:21,3309,28692,40894,9372061550,1,1,330900
j2205,20220218,20220218,133521000,13:35:21,3309,28692,40894,9372061550,0,0,0
j2205,20220218,20220218,133521500,13:35:22,3309,28692,40894,9372061550,0,0,0
j2205,20220218,20220218,133522000,13:35:22,3309,28692,40894,9372061550,0,0,0
j2205,20220218,20220218,133522500,13:35:23,3309,28692,40894,9372061550,0,0,0
j2205,20220218,20220218,133523000,13:35:23,3307.5,28693,40894,9372392300,1,0,330750
j2205,20220218,20220218,133523500,13:35:23,3307.5,28693,40894,9372392300,0,0,0
j2205,20220218,20220218,133524000,13:35:25,3308.5,28697,40893,9373715700,4,-1,1323400
j2205,20220218,20220218,133524500,13:35:25,3308.5,28711,40885,9378347600,14,-8,4631900
j2205,20220218,20220218,133525000,13:35:25,3309,28720,40885,9381325450,9,0,2977850
j2205,20220218,20220218,133525500,13:35:26,3309,28721,40886,9381656350,1,1,330900
j2205,20220218,20220218,133526000,13:35:26,3309.5,28722,40887,9381987300,1,1,330950
j2205,20220218,20220218,133526500,13:35:27,3309.5,28722,40887,9381987300,0,0,0
j2205,20220218,20220218,133527000,13:35:27,3309.5,28723,40886,9382318250,1,-1,330950
j2205,20220218,20220218,133527500,13:35:31,3309,28726,40887,9383310950,3,1,992700
j2205,20220218,20220218,133528000,13:35:32,3309,28726,40887,9383310950,0,0,0
j2205,20220218,20220218,133528500,13:35:32,3309,28726,40887,9383310950,0,0,0
j2205,20220218,20220218,133531000,13:35:33,3309,28726,40887,9383310950,0,0,0
j2205,20220218,20220218,133532500,13:35:42,3309,28731,40887,9384965350,5,0,1654400
j2205,20220218,20220218,133540500,13:35:43,3309,28734,40888,9385958100,3,1,992750
j2205,20220218,20220218,133542000,13:35:44,3309,28734,40888,9385958100,0,0,0
j2205,20220218,20220218,133543500,13:35:44,3309,28737,40890,9386950800,3,2,992700
j2205,20220218,20220218,133544000,13:35:44,3308,28741,40893,9388274150,4,3,1323350
j2205,20220218,20220218,133546500,13:35:46,3308,28742,40894,9388604950,1,1,330800
j2205,20220218,20220218,133547000,13:35:47,3308,28743,40894,9388935750,1,0,330800
j2205,20220218,20220218,133547500,13:35:48,3308,28743,40894,9388935750,0,0,0
j2205,20220218,20220218,133548000,13:35:48,3308,28743,40894,9388935750,0,0,0
j2205,20220218,20220218,133548500,13:35:48,3308,28743,40894,9388935750,0,0,0
j2205,20220218,20220218,133549500,13:35:49,3308,28744,40893,9389266550,1,-1,330800
j2205,20220218,20220218,133551000,13:35:51,3308,28744,40893,9389266550,0,0,0
j2205,20220218,20220218,133552000,13:35:52,3308,28745,40892,9389597350,1,-1,330800
j2205,20220218,20220218,133552500,13:35:52,3308,28745,40892,9389597350,0,0,0
j2205,20220218,20220218,133553500,13:35:55,3308,28746,40892,9389928150,1,0,330800
j2205,20220218,20220218,133554000,13:35:55,3308,28746,40892,9389928150,0,0,0
j2205,20220218,20220218,133555500,13:35:56,3308,28746,40892,9389928150,0,0,0
j2205,20220218,20220218,133556500,13:35:57,3309,28750,40891,9391251750,4,-1,1323600
j2205,20220218,20220218,133557000,13:35:59,3309,28755,40891,9392906150,5,0,1654400
j2205,20220218,20220218,133557500,13:35:59,3309,28755,40891,9392906150,0,0,0
j2205,20220218,20220218,133559000,13:36:03,3309,28756,40892,9393237050,1,1,330900
j2205,20220218,20220218,133601000,13:36:03,3308,28761,40892,9394891050,5,0,1654000
j2205,20220218,20220218,133602500,13:36:04,3308,28761,40892,9394891050,0,0,0
j2205,20220218,20220218,133603500,13:36:05,3308,28764,40890,9395883450,3,-2,992400
j2205,20220218,20220218,133604000,13:36:06,3307.5,28770,40887,9397867950,6,-3,1984500
j2205,20220218,20220218,133605000,13:36:06,3307.5,28770,40887,9397867950,0,0,0
j2205,20220218,20220218,133605500,13:36:07,3307.5,28770,40887,9397867950,0,0,0
j2205,20220218,20220218,133606000,13:36:07,3307.5,28770,40887,9397867950,0,0,0
j2205,20220218,20220218,133606500,13:36:07,3306.5,28771,40886,9398198600,1,-1,330650
j2205,20220218,20220218,133608000,13:36:08,3306.5,28771,40886,9398198600,0,0,0
j2205,20220218,20220218,133608500,13:36:09,3306,28772,40886,9398529200,1,0,330600
j2205,20220218,20220218,133610000,13:36:11,3306,28774,40885,9399190400,2,-1,661200
j2205,20220218,20220218,133611000,13:36:11,3306,28774,40885,9399190400,0,0,0
j2205,20220218,20220218,133614500,13:36:14,3306.5,28775,40884,9399521050,1,-1,330650
j2205,20220218,20220218,133615500,13:36:15,3307,28776,40884,9399851750,1,0,330700
j2205,20220218,20220218,133616000,13:36:16,3306.5,28777,40884,9400182400,1,0,330650
j2205,20220218,20220218,133616500,13:36:17,3306.5,28777,40884,9400182400,0,0,0
j2205,20220218,20220218,133619000,13:36:19,3306.5,28778,40883,9400513050,1,-1,330650
j2205,20220218,20220218,133619500,13:36:19,3306,28780,40883,9401174300,2,0,661250
j2205,20220218,20220218,133621500,13:36:21,3307,28781,40883,9401505000,1,0,330700
j2205,20220218,20220218,133623000,13:36:23,3306,28782,40883,9401835600,1,0,330600
j2205,20220218,20220218,133624000,13:36:24,3306,28783,40883,9402166200,1,0,330600
j2205,20220218,20220218,133624500,13:36:24,3306,28788,40883,9403819200,5,0,1653000
j2205,20220218,20220218,133625000,13:36:25,3306,28788,40883,9403819200,0,0,0
j2205,20220218,20220218,133628000,13:36:28,3306,28789,40883,9404149800,1,0,330600
j2205,20220218,20220218,133630500,13:36:31,3306,28791,40882,9404811000,2,-1,661200
j2205,20220218,20220218,133631000,13:36:31,3306,28791,40882,9404811000,0,0,0
j2205,20220218,20220218,133631500,13:36:31,3306,28793,40881,9405472300,2,-1,661300
j2205,20220218,20220218,133633500,13:36:34,3307,28794,40880,9405803000,1,-1,330700
j2205,20220218,20220218,133634000,13:36:34,3306,28795,40880,9406133600,1,0,330600
j2205,20220218,20220218,133635000,13:36:35,3306,28800,40880,9407786600,5,0,1653000
j2205,20220218,20220218,133635500,13:36:36,3306,28800,40880,9407786600,0,0,0
j2205,20220218,20220218,133636000,13:36:36,3306,28800,40880,9407786600,0,0,0
j2205,20220218,20220218,133636500,13:36:36,3306,28800,40880,9407786600,0,0,0
j2205,20220218,20220218,133637000,13:36:38,3306,28800,40880,9407786600,0,0,0
j2205,20220218,20220218,133639500,13:36:39,3306,28800,40880,9407786600,0,0,0
j2205,20220218,20220218,133640500,13:36:40,3306,28800,40880,9407786600,0,0,0
j2205,20220218,20220218,133641500,13:36:42,3306,28801,40880,9408117200,1,0,330600
j2205,20220218,20220218,133642500,13:36:42,3305.5,28802,40880,9408447750,1,0,330550
j2205,20220218,20220218,133643000,13:36:43,3305.5,28803,40880,9408778300,1,0,330550
j2205,20220218,20220218,133645000,13:36:45,3305.5,28803,40880,9408778300,0,0,0
j2205,20220218,20220218,133646500,13:36:46,3305,28808,40883,9410430800,5,3,1652500
j2205,20220218,20220218,133647000,13:36:47,3305.5,28812,40880,9411752850,4,-3,1322050
j2205,20220218,20220218,133647500,13:36:48,3305.5,28812,40880,9411752850,0,0,0
j2205,20220218,20220218,133648000,13:36:48,3305.5,28812,40880,9411752850,0,0,0
j2205,20220218,20220218,133650500,13:36:50,3304,28824,40869,9415717650,12,-11,3964800
j2205,20220218,20220218,133651000,13:36:51,3303.5,28826,40867,9416378400,2,-2,660750
j2205,20220218,20220218,133651500,13:36:51,3303.5,28826,40867,9416378400,0,0,0
j2205,20220218,20220218,133652000,13:36:52,3303.5,28827,40867,9416708750,1,0,330350
j2205,20220218,20220218,133653500,13:36:54,3303,28828,40867,9417039050,1,0,330300
j2205,20220218,20220218,133654000,13:36:54,3303,28830,40868,9417699650,2,1,660600
j2205,20220218,20220218,133655000,13:36:55,3303,28830,40868,9417699650,0,0,0
j2205,20220218,20220218,133656500,13:36:57,3303,28830,40868,9417699650,0,0,0
j2205,20220218,20220218,133657000,13:36:58,3302.5,28831,40867,9418029900,1,-1,330250
j2205,20220218,20220218,133657500,13:36:58,3302.5,28831,40867,9418029900,0,0,0
j2205,20220218,20220218,133658000,13:36:58,3303,28833,40868,9418690500,2,1,660600
j2205,20220218,20220218,133658500,13:36:59,3302,28834,40868,9419020700,1,0,330200
j2205,20220218,20220218,133659000,13:36:59,3302,28835,40869,9419350900,1,1,330200
j2205,20220218,20220218,133659500,13:37:00,3302.5,28836,40870,9419681150,1,1,330250
j2205,20220218,20220218,133702500,13:37:03,3303,28837,40870,9420011450,1,0,330300
j2205,20220218,20220218,133703000,13:37:03,3303,28838,40871,9420341750,1,1,330300
j2205,20220218,20220218,133703500,13:37:03,3303,28838,40871,9420341750,0,0,0
j2205,20220218,20220218,133704000,13:37:04,3302.5,28839,40871,9420672000,1,0,330250
j2205,20220218,20220218,133705500,13:37:07,3302.5,28840,40871,9421002250,1,0,330250
j2205,20220218,20220218,133706500,13:37:08,3302.5,28840,40871,9421002250,0,0,0
j2205,20220218,20220218,133707500,13:37:08,3303,28842,40873,9421662850,2,2,660600
j2205,20220218,20220218,133708500,13:37:08,3303,28842,40873,9421662850,0,0,0
j2205,20220218,20220218,133709000,13:37:09,3303,28843,40874,9421993150,1,1,330300
j2205,20220218,20220218,133711500,13:37:13,3303,28843,40874,9421993150,0,0,0
j2205,20220218,20220218,133712500,13:37:13,3303,28844,40874,9422323450,1,0,330300
j2205,20220218,20220218,133713000,13:37:14,3305,28845,40874,9422653950,1,0,330500
j2205,20220218,20220218,133713500,13:37:14,3305,28845,40874,9422653950,0,0,0
j2205,20220218,20220218,133719000,13:37:19,3305,28845,40874,9422653950,0,0,0
j2205,20220218,20220218,133720000,13:37:21,3305,28845,40874,9422653950,0,0,0
j2205,20220218,20220218,133723000,13:37:23,3305.5,28846,40873,9422984500,1,-1,330550
j2205,20220218,20220218,133724500,13:37:25,3304,28847,40873,9423314900,1,0,330400
j2205,20220218,20220218,133725000,13:37:25,3304,28847,40873,9423314900,0,0,0
j2205,20220218,20220218,133726500,13:37:27,3304,28848,40872,9423645300,1,-1,330400
j2205,20220218,20220218,133727000,13:37:27,3304,28848,40872,9423645300,0,0,0
j2205,20220218,20220218,133728000,13:37:28,3304,28848,40872,9423645300,0,0,0
j2205,20220218,20220218,133729000,13:37:29,3305.5,28849,40871,9423975850,1,-1,330550
j2205,20220218,20220218,133734000,13:37:34,3304,28850,40871,9424306250,1,0,330400
j2205,20220218,20220218,133734500,13:37:34,3304,28850,40871,9424306250,0,0,0
j2205,20220218,20220218,133735000,13:37:35,3304,28850,40871,9424306250,0,0,0
j2205,20220218,20220218,133735500,13:37:36,3304,28850,40871,9424306250,0,0,0
j2205,20220218,20220218,133736000,13:37:36,3304,28850,40871,9424306250,0,0,0
j2205,20220218,20220218,133736500,13:37:37,3304,28850,40871,9424306250,0,0,0
j2205,20220218,20220218,133737000,13:37:37,3305.5,28851,40870,9424636800,1,-1,330550
j2205,20220218,20220218,133737500,13:37:37,3305.5,28851,40870,9424636800,0,0,0
j2205,20220218,20220218,133738500,13:37:39,3306,28852,40869,9424967400,1,-1,330600
j2205,20220218,20220218,133739000,13:37:39,3306,28852,40869,9424967400,0,0,0
j2205,20220218,20220218,133740000,13:37:40,3306,28852,40869,9424967400,0,0,0
j2205,20220218,20220218,133741500,13:37:41,3306,28854,40869,9425628600,2,0,661200
j2205,20220218,20220218,133744000,13:37:45,3306,28855,40870,9425959200,1,1,330600
j2205,20220218,20220218,133746000,13:37:46,3306,28855,40870,9425959200,0,0,0
j2205,20220218,20220218,133746500,13:37:47,3306,28857,40872,9426620400,2,2,661200
j2205,20220218,20220218,133747000,13:37:47,3306,28857,40872,9426620400,0,0,0
j2205,20220218,20220218,133748000,13:37:48,3306,28857,40872,9426620400,0,0,0
j2205,20220218,20220218,133748500,13:37:48,3306,28857,40872,9426620400,0,0,0
j2205,20220218,20220218,133749000,13:37:49,3306,28857,40872,9426620400,0,0,0
j2205,20220218,20220218,133753000,13:37:54,3306.5,28858,40872,9426951050,1,0,330650
j2205,20220218,20220218,133753500,13:37:55,3306.5,28858,40872,9426951050,0,0,0
j2205,20220218,20220218,133756000,13:37:56,3307,28859,40872,9427281750,1,0,330700
j2205,20220218,20220218,133756500,13:37:57,3307,28860,40872,9427612450,1,0,330700
j2205,20220218,20220218,133758000,13:37:58,3307,28861,40871,9427943150,1,-1,330700
j2205,20220218,20220218,133758500,13:37:59,3307,28861,40871,9427943150,0,0,0
j2205,20220218,20220218,133759000,13:37:59,3306.5,28862,40871,9428273800,1,0,330650
j2205,20220218,20220218,133759500,13:38:00,3306.5,28863,40871,9428604450,1,0,330650
j2205,20220218,20220218,133800500,13:38:02,3306.5,28863,40871,9428604450,0,0,0
j2205,20220218,20220218,133801000,13:38:02,3306.5,28863,40871,9428604450,0,0,0
j2205,20220218,20220218,133802000,13:38:03,3306.5,28863,40871,9428604450,0,0,0
j2205,20220218,20220218,133802500,13:38:05,3307,28869,40868,9430589000,6,-3,1984550
j2205,20220218,20220218,133803000,13:38:06,3307,28869,40868,9430589000,0,0,0
j2205,20220218,20220218,133803500,13:38:06,3307,28869,40868,9430589000,0,0,0
j2205,20220218,20220218,133805000,13:38:06,3307,28871,40866,9431250400,2,-2,661400
j2205,20220218,20220218,133805500,13:38:07,3306.5,28880,40874,9434226650,9,8,2976250
j2205,20220218,20220218,133806000,13:38:09,3306.5,28880,40874,9434226650,0,0,0
j2205,20220218,20220218,133806500,13:38:09,3308,28882,40874,9434888250,2,0,661600
j2205,20220218,20220218,133809000,13:38:09,3308,28882,40874,9434888250,0,0,0
j2205,20220218,20220218,133811500,13:38:14,3308,28882,40874,9434888250,0,0,0
j2205,20220218,20220218,133812000,13:38:14,3308,28882,40874,9434888250,0,0,0
j2205,20220218,20220218,133815500,13:38:17,3308.5,28883,40875,9435219100,1,1,330850
j2205,20220218,20220218,133817000,13:38:18,3308.5,28883,40875,9435219100,0,0,0
j2205,20220218,20220218,133817500,13:38:18,3308.5,28883,40875,9435219100,0,0,0
j2205,20220218,20220218,133818500,13:38:19,3308.5,28883,40875,9435219100,0,0,0
j2205,20220218,20220218,133820000,13:38:20,3307.5,28885,40874,9435880550,2,-1,661450
j2205,20220218,20220218,133821500,13:38:23,3307.5,28886,40874,9436211300,1,0,330750
j2205,20220218,20220218,133823000,13:38:24,3307.5,28887,40873,9436542050,1,-1,330750
j2205,20220218,20220218,133823500,13:38:24,3307,28890,40872,9437534250,3,-1,992200
j2205,20220218,20220218,133824000,13:38:24,3307,28890,40872,9437534250,0,0,0
j2205,20220218,20220218,133824500,13:38:40,3307,28891,40873,9437864950,1,1,330700
j2205,20220218,20220218,133840000,13:38:43,3307,28891,40873,9437864950,0,0,0
j2205,20220218,20220218,133844000,13:38:44,3309,28916,40868,9446135550,25,-5,8270600
j2205,20220218,20220218,133847000,13:38:47,3309,28916,40868,9446135550,0,0,0
j2205,20220218,20220218,133847500,13:38:47,3308.5,28920,40867,9447458950,4,-1,1323400
j2205,20220218,20220218,133850000,13:38:50,3308.5,28920,40867,9447458950,0,0,0
j2205,20220218,20220218,133901500,13:39:01,3307.5,28921,40866,9447789700,1,-1,330750
j2205,20220218,20220218,133902500,13:39:02,3307.5,28921,40866,9447789700,0,0,0
j2205,20220218,20220218,133906000,13:39:06,3307.5,28921,40866,9447789700,0,0,0
j2205,20220218,20220218,133913500,13:39:13,3307.5,28921,40866,9447789700,0,0,0
j2205,20220218,20220218,133914000,13:39:15,3308,28922,40865,9448120500,1,-1,330800
j2205,20220218,20220218,133914500,13:39:16,3307.5,28924,40865,9448782050,2,0,661550
j2205,20220218,20220218,133923500,13:39:23,3307.5,28925,40866,9449112800,1,1,330750
j2205,20220218,20220218,133929000,13:39:29,3307,28926,40866,9449443500,1,0,330700
j2205,20220218,20220218,133930500,13:39:30,3307,28928,40865,9450104900,2,-1,661400
j2205,20220218,20220218,133932500,13:39:33,3306.5,28932,40867,9451427500,4,2,1322600
j2205,20220218,20220218,133933500,13:39:33,3306.5,28932,40867,9451427500,0,0,0
j2205,20220218,20220218,133934500,13:39:34,3306.5,28932,40867,9451427500,0,0,0
j2205,20220218,20220218,133937000,13:39:37,3306.5,28932,40867,9451427500,0,0,0
j2205,20220218,20220218,133939500,13:39:39,3306.5,28932,40867,9451427500,0,0,0
j2205,20220218,20220218,133940000,13:39:40,3306.5,28932,40867,9451427500,0,0,0
j2205,20220218,20220218,133941000,13:39:41,3304.5,28936,40866,9452749450,4,-1,1321950
j2205,20220218,20220218,133943500,13:39:43,3304.5,28936,40866,9452749450,0,0,0
j2205,20220218,20220218,133945000,13:39:45,3303,28937,40867,9453079750,1,1,330300
j2205,20220218,20220218,133945500,13:39:46,3303,28942,40863,9454731550,5,-4,1651800
j2205,20220218,20220218,133946000,13:39:47,3303,28951,40858,9457704200,9,-5,2972650
j2205,20220218,20220218,133946500,13:39:47,3303,28951,40858,9457704200,0,0,0
j2205,20220218,20220218,133947000,13:39:47,3303,28951,40858,9457704200,0,0,0
j2205,20220218,20220218,133947500,13:39:47,3303,28952,40858,9458034500,1,0,330300
j2205,20220218,20220218,133950000,13:39:50,3303,28952,40858,9458034500,0,0,0
j2205,20220218,20220218,133950500,13:39:50,3303,28954,40860,9458695100,2,2,660600
j2205,20220218,20220218,133951000,13:39:51,3302.5,28955,40860,9459025350,1,0,330250
j2205,20220218,20220218,133952500,13:39:53,3303,28956,40860,9459355650,1,0,330300
j2205,20220218,20220218,133953500,13:39:54,3303,28956,40860,9459355650,0,0,0
j2205,20220218,20220218,133954000,13:39:55,3302.5,28957,40859,9459685900,1,-1,330250
j2205,20220218,20220218,133954500,13:39:55,3302.5,28958,40858,9460016150,1,-1,330250
j2205,20220218,20220218,133955000,13:39:55,3302,28960,40857,9460676600,2,-1,660450
j2205,20220218,20220218,133957500,13:40:13,3302,28961,40857,9461006800,1,0,330200
j2205,20220218,20220218,133958000,13:40:13,3302,28963,40855,9461667200,2,-2,660400
j2205,20220218,20220218,134011500,13:40:13,3304,28986,40858,9469264300,23,3,7597100
j2205,20220218,20220218,134014000,13:40:14,3303.5,28987,40857,9469594650,1,-1,330350
j2205,20220218,20220218,134018000,13:40:19,3303.5,28987,40857,9469594650,0,0,0
j2205,20220218,20220218,134019000,13:40:19,3303,28988,40856,9469924950,1,-1,330300
j2205,20220218,20220218,134019500,13:40:20,3303,28990,40855,9470585550,2,-1,660600
j2205,20220218,20220218,134020000,13:40:20,3303,28991,40855,9470915850,1,0,330300
j2205,20220218,20220218,134020500,13:40:21,3303,28991,40855,9470915850,0,0,0
j2205,20220218,20220218,134023500,13:40:24,3303.5,28992,40855,9471246200,1,0,330350
j2205,20220218,20220218,134025500,13:40:26,3303,28993,40856,9471576500,1,1,330300
j2205,20220218,20220218,134026000,13:40:26,3304.5,28994,40855,9471906950,1,-1,330450
j2205,20220218,20220218,134027500,13:40:28,3304.5,28994,40855,9471906950,0,0,0
j2205,20220218,20220218,134028000,13:40:28,3304.5,28994,40855,9471906950,0,0,0
j2205,20220218,20220218,134028500,13:40:29,3304.5,28994,40855,9471906950,0,0,0
j2205,20220218,20220218,134029000,13:40:30,3304.5,28995,40855,9472237400,1,0,330450
j2205,20220218,20220218,134029500,13:40:30,3304.5,28995,40855,9472237400,0,0,0
j2205,20220218,20220218,134030000,13:40:30,3304.5,28995,40855,9472237400,0,0,0
j2205,20220218,20220218,134031000,13:40:31,3304.5,28995,40855,9472237400,0,0,0
j2205,20220218,20220218,134033000,13:40:33,3304.5,28995,40855,9472237400,0,0,0
j2205,20220218,20220218,134034000,13:40:34,3304.5,28996,40855,9472567850,1,0,330450
j2205,20220218,20220218,134034500,13:40:35,3304.5,28996,40855,9472567850,0,0,0
j2205,20220218,20220218,134035500,13:40:36,3304.5,28996,40855,9472567850,0,0,0
j2205,20220218,20220218,134036000,13:40:36,3304.5,28996,40855,9472567850,0,0,0
j2205,20220218,20220218,134036500,13:40:36,3304.5,28996,40855,9472567850,0,0,0
j2205,20220218,20220218,134037500,13:40:38,3304.5,28996,40855,9472567850,0,0,0
j2205,20220218,20220218,134038000,13:40:38,3304.5,28996,40855,9472567850,0,0,0
j2205,20220218,20220218,134042500,13:40:43,3304.5,28996,40855,9472567850,0,0,0
j2205,20220218,20220218,134046500,13:40:46,3304.5,28996,40855,9472567850,0,0,0
j2205,20220218,20220218,134048000,13:40:48,3305,28997,40855,9472898350,1,0,330500
j2205,20220218,20220218,134048500,13:40:48,3305,28997,40855,9472898350,0,0,0
j2205,20220218,20220218,134049500,13:40:49,3305,28997,40855,9472898350,0,0,0
j2205,20220218,20220218,134054000,13:40:55,3305,28997,40855,9472898350,0,0,0
j2205,20220218,20220218,134058000,13:40:58,3303.5,28998,40854,9473228700,1,-1,330350
j2205,20220218,20220218,134058500,13:40:59,3303.5,28998,40854,9473228700,0,0,0
j2205,20220218,20220218,134106000,13:41:07,3305,29003,40858,9474881150,5,4,1652450
j2205,20220218,20220218,134106500,13:41:07,3305,29004,40858,9475211650,1,0,330500
j2205,20220218,20220218,134107000,13:41:07,3305,29004,40858,9475211650,0,0,0
j2205,20220218,20220218,134109000,13:41:10,3305,29006,40858,9475872650,2,0,661000
j2205,20220218,20220218,134110000,13:41:10,3305,29007,40859,9476203150,1,1,330500
j2205,20220218,20220218,134110500,13:41:10,3305,29008,40858,9476533650,1,-1,330500
j2205,20220218,20220218,134113000,13:41:13,3305,29008,40858,9476533650,0,0,0
j2205,20220218,20220218,134114500,13:41:16,3305,29009,40858,9476864150,1,0,330500
j2205,20220218,20220218,134116000,13:41:17,3305,29009,40858,9476864150,0,0,0
j2205,20220218,20220218,134118000,13:41:19,3305,29009,40858,9476864150,0,0,0
j2205,20220218,20220218,134119000,13:41:19,3305,29009,40858,9476864150,0,0,0
j2205,20220218,20220218,134122000,13:41:24,3305,29009,40858,9476864150,0,0,0
j2205,20220218,20220218,134125500,13:41:27,3305,29009,40858,9476864150,0,0,0
j2205,20220218,20220218,134127000,13:41:27,3305,29010,40859,9477194650,1,1,330500
j2205,20220218,20220218,134127500,13:41:27,3305,29011,40860,9477525150,1,1,330500
j2205,20220218,20220218,134128500,13:41:28,3305,29011,40860,9477525150,0,0,0
j2205,20220218,20220218,134129500,13:41:30,3305,29011,40860,9477525150,0,0,0
j2205,20220218,20220218,134133500,13:41:34,3304,29013,40860,9478185950,2,0,660800
j2205,20220218,20220218,134140000,13:41:42,3305,29014,40861,9478516450,1,1,330500
j2205,20220218,20220218,134140500,13:41:42,3305,29014,40861,9478516450,0,0,0
j2205,20220218,20220218,134142000,13:41:42,3305,29014,40861,9478516450,0,0,0
j2205,20220218,20220218,134142500,13:41:42,3305,29014,40861,9478516450,0,0,0
j2205,20220218,20220218,134144000,13:41:44,3304,29018,40858,9479838050,4,-3,1321600
j2205,20220218,20220218,134144500,13:41:44,3304,29018,40858,9479838050,0,0,0
j2205,20220218,20220218,134147000,13:41:47,3305.5,29019,40857,9480168600,1,-1,330550
j2205,20220218,20220218,134147500,13:41:48,3305.5,29019,40857,9480168600,0,0,0
j2205,20220218,20220218,134149000,13:41:49,3305.5,29019,40857,9480168600,0,0,0
j2205,20220218,20220218,134151000,13:41:51,3305.5,29019,40857,9480168600,0,0,0
j2205,20220218,20220218,134152500,13:41:53,3306,29020,40856,9480499200,1,-1,330600
j2205,20220218,20220218,134153000,13:41:53,3306,29020,40856,9480499200,0,0,0
j2205,20220218,20220218,134153500,13:41:54,3306,29021,40857,9480829800,1,1,330600
j2205,20220218,20220218,134154000,13:42:02,3306,29021,40857,9480829800,0,0,0
j2205,20220218,20220218,134200500,13:42:10,3306,29021,40857,9480829800,0,0,0
j2205,20220218,20220218,134208000,13:42:12,3306,29021,40857,9480829800,0,0,0
j2205,20220218,20220218,134211000,13:42:12,3306,29021,40857,9480829800,0,0,0
j2205,20220218,20220218,134211500,13:42:12,3306.5,29030,40860,9483805050,9,3,2975250
j2205,20220218,20220218,134212500,13:42:13,3306.5,29031,40861,9484135700,1,1,330650
j2205,20220218,20220218,134213000,13:42:13,3306.5,29031,40861,9484135700,0,0,0
j2205,20220218,20220218,134214500,13:42:15,3306.5,29034,40860,9485127650,3,-1,991950
j2205,20220218,20220218,134216000,13:42:16,3306.5,29034,40860,9485127650,0,0,0
j2205,20220218,20220218,134216500,13:42:17,3308,29035,40860,9485458450,1,0,330800
j2205,20220218,20220218,134217000,13:42:19,3308,29036,40860,9485789250,1,0,330800
j2205,20220218,20220218,134217500,13:42:19,3308,29036,40860,9485789250,0,0,0
j2205,20220218,20220218,134222000,13:42:22,3308,29036,40860,9485789250,0,0,0
j2205,20220218,20220218,134222500,13:42:22,3308,29036,40860,9485789250,0,0,0
j2205,20220218,20220218,134223000,13:42:23,3308,29037,40859,9486120050,1,-1,330800
j2205,20220218,20220218,134224000,13:42:25,3308,29038,40860,9486450850,1,1,330800
j2205,20220218,20220218,134224500,13:42:25,3308,29039,40860,9486781650,1,0,330800
j2205,20220218,20220218,134226500,13:42:27,3308,29040,40860,9487112450,1,0,330800
j2205,20220218,20220218,134227000,13:42:28,3308,29041,40861,9487443250,1,1,330800
j2205,20220218,20220218,134228000,13:42:29,3308,29041,40861,9487443250,0,0,0
j2205,20220218,20220218,134228500,13:42:29,3308,29042,40861,9487774050,1,0,330800
j2205,20220218,20220218,134229000,13:42:29,3308,29042,40861,9487774050,0,0,0
j2205,20220218,20220218,134239500,13:42:39,3308,29042,40861,9487774050,0,0,0
j2205,20220218,20220218,134244000,13:42:44,3308,29042,40861,9487774050,0,0,0
j2205,20220218,20220218,134252000,13:42:52,3308,29043,40861,9488104850,1,0,330800
j2205,20220218,20220218,134256500,13:42:57,3308,29043,40861,9488104850,0,0,0
j2205,20220218,20220218,134257000,13:42:59,3308,29048,40859,9489758850,5,-2,1654000
j2205,20220218,20220218,134301500,13:43:02,3308,29048,40859,9489758850,0,0,0
j2205,20220218,20220218,134302000,13:43:02,3308,29048,40859,9489758850,0,0,0
j2205,20220218,20220218,134304000,13:43:11,3308,29048,40859,9489758850,0,0,0
j2205,20220218,20220218,134308000,13:43:12,3307.5,29049,40858,9490089600,1,-1,330750
j2205,20220218,20220218,134312000,13:43:14,3307.5,29049,40858,9490089600,0,0,0
j2205,20220218,20220218,134314000,13:43:14,3307.5,29050,40857,9490420350,1,-1,330750
j2205,20220218,20220218,134314500,13:43:15,3307.5,29050,40857,9490420350,0,0,0
j2205,20220218,20220218,134315000,13:43:15,3307.5,29051,40857,9490751100,1,0,330750
j2205,20220218,20220218,134315500,13:43:15,3307,29052,40856,9491081800,1,-1,330700
j2205,20220218,20220218,134317500,13:43:17,3306,29053,40857,9491412400,1,1,330600
j2205,20220218,20220218,134318000,13:43:18,3306,29053,40857,9491412400,0,0,0
j2205,20220218,20220218,134318500,13:43:18,3306,29055,40856,9492073600,2,-1,661200
j2205,20220218,20220218,134319000,13:43:19,3306,29055,40856,9492073600,0,0,0
j2205,20220218,20220218,134319500,13:43:20,3306,29055,40856,9492073600,0,0,0
j2205,20220218,20220218,134320500,13:43:21,3306,29055,40856,9492073600,0,0,0
j2205,20220218,20220218,134322500,13:43:23,3306,29055,40856,9492073600,0,0,0
j2205,20220218,20220218,134324000,13:43:24,3306,29055,40856,9492073600,0,0,0
j2205,20220218,20220218,134324500,13:43:24,3305,29056,40856,9492404100,1,0,330500
j2205,20220218,20220218,134327000,13:43:27,3305,29057,40856,9492734600,1,0,330500
j2205,20220218,20220218,134327500,13:43:27,3305,29057,40856,9492734600,0,0,0
j2205,20220218,20220218,134328000,13:43:29,3306,29060,40857,9493726300,3,1,991700
j2205,20220218,20220218,134328500,13:43:29,3306,29062,40857,9494387500,2,0,661200
j2205,20220218,20220218,134329500,13:43:30,3306,29062,40857,9494387500,0,0,0
j2205,20220218,20220218,134330500,13:43:30,3306,29062,40857,9494387500,0,0,0
j2205,20220218,20220218,134331000,13:43:31,3306,29062,40857,9494387500,0,0,0
j2205,20220218,20220218,134332000,13:43:32,3306,29062,40857,9494387500,0,0,0
j2205,20220218,20220218,134333500,13:43:34,3306,29062,40857,9494387500,0,0,0
j2205,20220218,20220218,134335500,13:43:35,3304.5,29066,40859,9495709300,4,2,1321800
j2205,20220218,20220218,134336000,13:43:36,3304.5,29068,40860,9496370200,2,1,660900
j2205,20220218,20220218,134336500,13:43:37,3304.5,29068,40860,9496370200,0,0,0
j2205,20220218,20220218,134339000,13:43:47,3304.5,29068,40860,9496370200,0,0,0
j2205,20220218,20220218,134340500,13:43:57,3304.5,29068,40860,9496370200,0,0,0
j2205,20220218,20220218,134352500,13:44:04,3304.5,29068,40860,9496370200,0,0,0
j2205,20220218,20220218,134356500,13:44:04,3304.5,29068,40860,9496370200,0,0,0
j2205,20220218,20220218,134357000,13:44:04,3304.5,29068,40860,9496370200,0,0,0
j2205,20220218,20220218,134404000,13:44:04,3307,29074,40857,9498354200,6,-3,1984000
j2205,20220218,20220218,134404500,13:44:05,3307,29074,40857,9498354200,0,0,0
j2205,20220218,20220218,134406000,13:44:06,3307,29074,40857,9498354200,0,0,0
j2205,20220218,20220218,134408500,13:44:09,3307,29074,40857,9498354200,0,0,0
j2205,20220218,20220218,134412000,13:44:17,3307,29074,40857,9498354200,0,0,0
j2205,20220218,20220218,134418500,13:44:19,3307.5,29077,40856,9499346550,3,-1,992350
j2205,20220218,20220218,134419000,13:44:23,3308,29078,40856,9499677350,1,0,330800
j2205,20220218,20220218,134421500,13:44:23,3308,29081,40855,9500669750,3,-1,992400
j2205,20220218,20220218,134424000,13:44:24,3308,29082,40855,9501000550,1,0,330800
j2205,20220218,20220218,134428000,13:44:29,3308,29084,40853,9501662150,2,-2,661600
j2205,20220218,20220218,134435500,13:44:37,3308,29084,40853,9501662150,0,0,0
j2205,20220218,20220218,134439500,13:44:39,3308.5,29085,40853,9501993000,1,0,330850
j2205,20220218,20220218,134440000,13:44:40,3308,29086,40853,9502323800,1,0,330800
j2205,20220218,20220218,134446000,13:44:46,3309,29087,40854,9502654700,1,1,330900
j2205,20220218,20220218,134446500,13:44:46,3309,29087,40854,9502654700,0,0,0
j2205,20220218,20220218,134447000,13:44:47,3309,29087,40854,9502654700,0,0,0
j2205,20220218,20220218,134447500,13:44:47,3309,29087,40854,9502654700,0,0,0
j2205,20220218,20220218,134449000,13:44:49,3309.5,29088,40853,9502985650,1,-1,330950
j2205,20220218,20220218,134450000,13:44:50,3309.5,29088,40853,9502985650,0,0,0
j2205,20220218,20220218,134454500,13:44:55,3309.5,29088,40853,9502985650,0,0,0
j2205,20220218,20220218,134455000,13:44:55,3310,29090,40853,9503647600,2,0,661950
j2205,20220218,20220218,134455500,13:44:55,3310,29096,40854,9505633500,6,1,1985900
j2205,20220218,20220218,134456500,13:44:56,3310,29102,40859,9507619500,6,5,1986000
j2205,20220218,20220218,134458000,13:44:58,3310,29107,40861,9509274500,5,2,1655000
j2205,20220218,20220218,134459500,13:44:59,3310,29107,40861,9509274500,0,0,0
j2205,20220218,20220218,134500500,13:45:01,3310,29108,40861,9509605500,1,0,331000
j2205,20220218,20220218,134501500,13:45:02,3310,29108,40861,9509605500,0,0,0
j2205,20220218,20220218,134503000,13:45:03,3310,29108,40861,9509605500,0,0,0
j2205,20220218,20220218,134508000,13:45:09,3310,29108,40861,9509605500,0,0,0
j2205,20220218,20220218,134508500,13:45:09,3310,29108,40861,9509605500,0,0,0
j2205,20220218,20220218,134509000,13:45:10,3310,29108,40861,9509605500,0,0,0
j2205,20220218,20220218,134510000,13:45:10,3310,29108,40861,9509605500,0,0,0
j2205,20220218,20220218,134511000,13:45:11,3308.5,29131,40869,9517216950,23,8,7611450
j2205,20220218,20220218,134511500,13:45:12,3308.5,29131,40869,9517216950,0,0,0
j2205,20220218,20220218,134512000,13:45:13,3308.5,29131,40869,9517216950,0,0,0
j2205,20220218,20220218,134512500,13:45:13,3308.5,29131,40869,9517216950,0,0,0
j2205,20220218,20220218,134513000,13:45:14,3308.5,29131,40869,9517216950,0,0,0
j2205,20220218,20220218,134513500,13:45:15,3308.5,29131,40869,9517216950,0,0,0
j2205,20220218,20220218,134514000,13:45:15,3308.5,29131,40869,9517216950,0,0,0
j2205,20220218,20220218,134514500,13:45:16,3308.5,29131,40869,9517216950,0,0,0
j2205,20220218,20220218,134515000,13:45:16,3308.5,29131,40869,9517216950,0,0,0
j2205,20220218,20220218,134515500,13:45:17,3307,29143,40858,9521185400,12,-11,3968450
j2205,20220218,20220218,134516000,13:45:17,3307.5,29156,40848,9525484200,13,-10,4298800
j2205,20220218,20220218,134516500,13:45:17,3303.5,29167,40845,9529119300,11,-3,3635100
j2205,20220218,20220218,134517000,13:45:19,3303.5,29175,40838,9531762100,8,-7,2642800
j2205,20220218,20220218,134517500,13:45:20,3303.5,29175,40838,9531762100,0,0,0
j2205,20220218,20220218,134518000,13:45:21,3303.5,29175,40838,9531762100,0,0,0
j2205,20220218,20220218,134519500,13:45:23,3303.5,29175,40838,9531762100,0,0,0
j2205,20220218,20220218,134521500,13:45:23,3304,29176,40838,9532092500,1,0,330400
j2205,20220218,20220218,134523000,13:45:24,3304,29179,40838,9533083850,3,0,991350
j2205,20220218,20220218,134524000,13:45:24,3303.5,29180,40839,9533414200,1,1,330350
j2205,20220218,20220218,134524500,13:45:26,3303.5,29180,40839,9533414200,0,0,0
j2205,20220218,20220218,134525000,13:45:26,3303.5,29181,40839,9533744550,1,0,330350
j2205,20220218,20220218,134525500,13:45:27,3305.5,29182,40840,9534075100,1,1,330550
j2205,20220218,20220218,134526000,13:45:27,3305.5,29183,40841,9534405650,1,1,330550
j2205,20220218,20220218,134526500,13:45:29,3305.5,29184,40841,9534736200,1,0,330550
j2205,20220218,20220218,134527000,13:45:30,3305.5,29185,40842,9535066750,1,1,330550
j2205,20220218,20220218,134527500,13:45:30,3305.5,29185,40842,9535066750,0,0,0
j2205,20220218,20220218,134529000,13:45:30,3305.5,29185,40842,9535066750,0,0,0
j2205,20220218,20220218,134531500,13:45:32,3305.5,29185,40842,9535066750,0,0,0
j2205,20220218,20220218,134532500,13:45:33,3305.5,29185,40842,9535066750,0,0,0
j2205,20220218,20220218,134533500,13:45:34,3305.5,29185,40842,9535066750,0,0,0
j2205,20220218,20220218,134536000,13:45:37,3305.5,29186,40843,9535397300,1,1,330550
j2205,20220218,20220218,134537500,13:45:38,3305.5,29186,40843,9535397300,0,0,0
j2205,20220218,20220218,134540000,13:45:40,3305.5,29188,40845,9536058400,2,2,661100
j2205,20220218,20220218,134540500,13:45:41,3305.5,29188,40845,9536058400,0,0,0
j2205,20220218,20220218,134543000,13:45:46,3305.5,29188,40845,9536058400,0,0,0
j2205,20220218,20220218,134545500,13:45:46,3305.5,29188,40845,9536058400,0,0,0
j2205,20220218,20220218,134547500,13:45:47,3305.5,29190,40846,9536719350,2,1,660950
j2205,20220218,20220218,134548000,13:45:48,3304,29192,40846,9537380300,2,0,660950
j2205,20220218,20220218,134550000,13:45:53,3304,29192,40846,9537380300,0,0,0
j2205,20220218,20220218,134552500,13:45:54,3304,29192,40846,9537380300,0,0,0
j2205,20220218,20220218,134556000,13:46:00,3304,29192,40846,9537380300,0,0,0
j2205,20220218,20220218,134557000,13:46:01,3304,29194,40846,9538041100,2,0,660800
j2205,20220218,20220218,134600000,13:46:01,3305.5,29200,40849,9540023550,6,3,1982450
j2205,20220218,20220218,134600500,13:46:01,3305.5,29200,40849,9540023550,0,0,0
j2205,20220218,20220218,134601500,13:46:02,3303,29201,40850,9540353850,1,1,330300
j2205,20220218,20220218,134602000,13:46:02,3303,29201,40850,9540353850,0,0,0
j2205,20220218,20220218,134602500,13:46:04,3303,29201,40850,9540353850,0,0,0
j2205,20220218,20220218,134603000,13:46:04,3303,29201,40850,9540353850,0,0,0
j2205,20220218,20220218,134603500,13:46:04,3303,29201,40850,9540353850,0,0,0
j2205,20220218,20220218,134604000,13:46:05,3303,29201,40850,9540353850,0,0,0
j2205,20220218,20220218,134604500,13:46:05,3303,29201,40850,9540353850,0,0,0
j2205,20220218,20220218,134605000,13:46:05,3303,29201,40850,9540353850,0,0,0
j2205,20220218,20220218,134605500,13:46:05,3303,29201,40850,9540353850,0,0,0
j2205,20220218,20220218,134607000,13:46:07,3303,29201,40850,9540353850,0,0,0
j2205,20220218,20220218,134610500,13:46:11,3303,29201,40850,9540353850,0,0,0
j2205,20220218,20220218,134612500,13:46:13,3304.5,29203,40851,9541014900,2,1,661050
j2205,20220218,20220218,134613000,13:46:13,3304.5,29203,40851,9541014900,0,0,0
j2205,20220218,20220218,134613500,13:46:14,3304.5,29203,40851,9541014900,0,0,0
j2205,20220218,20220218,134615000,13:46:15,3306,29204,40852,9541345500,1,1,330600
j2205,20220218,20220218,134616000,13:46:18,3304,29205,40851,9541675900,1,-1,330400
j2205,20220218,20220218,134616500,13:46:18,3304,29205,40851,9541675900,0,0,0
j2205,20220218,20220218,134620500,13:46:21,3305.5,29206,40851,9542006450,1,0,330550
j2205,20220218,20220218,134621000,13:46:21,3305.5,29206,40851,9542006450,0,0,0
j2205,20220218,20220218,134622000,13:46:30,3306,29207,40851,9542337050,1,0,330600
j2205,20220218,20220218,134622500,13:46:30,3306,29207,40851,9542337050,0,0,0
j2205,20220218,20220218,134623000,13:46:30,3306,29207,40851,9542337050,0,0,0
j2205,20220218,20220218,134626500,13:46:31,3306,29207,40851,9542337050,0,0,0
j2205,20220218,20220218,134632000,13:46:32,3306,29207,40851,9542337050,0,0,0
j2205,20220218,20220218,134632500,13:46:33,3306,29207,40851,9542337050,0,0,0
j2205,20220218,20220218,134636000,13:46:37,3304,29208,40851,9542667450,1,0,330400
j2205,20220218,20220218,134638000,13:46:38,3304,29208,40851,9542667450,0,0,0
j2205,20220218,20220218,134641000,13:46:42,3305.5,29209,40850,9542998000,1,-1,330550
j2205,20220218,20220218,134641500,13:46:43,3305.5,29209,40850,9542998000,0,0,0
j2205,20220218,20220218,134642500,13:46:43,3305.5,29209,40850,9542998000,0,0,0
j2205,20220218,20220218,134643500,13:46:44,3305.5,29209,40850,9542998000,0,0,0
j2205,20220218,20220218,134644500,13:46:47,3305.5,29209,40850,9542998000,0,0,0
j2205,20220218,20220218,134645000,13:46:47,3306.5,29210,40849,9543328650,1,-1,330650
j2205,20220218,20220218,134650000,13:46:50,3306.5,29210,40849,9543328650,0,0,0
j2205,20220218,20220218,134651000,13:46:51,3306,29211,40849,9543659250,1,0,330600
j2205,20220218,20220218,134651500,13:46:51,3306,29211,40849,9543659250,0,0,0
j2205,20220218,20220218,134701500,13:47:02,3306,29215,40848,9544981650,4,-1,1322400
j2205,20220218,20220218,134702000,13:47:02,3305.5,29216,40848,9545312200,1,0,330550
j2205,20220218,20220218,134703000,13:47:03,3305.5,29216,40848,9545312200,0,0,0
j2205,20220218,20220218,134705500,13:47:06,3305.5,29216,40848,9545312200,0,0,0
j2205,20220218,20220218,134706000,13:47:10,3305.5,29216,40848,9545312200,0,0,0
j2205,20220218,20220218,134709500,13:47:11,3305.5,29216,40848,9545312200,0,0,0
j2205,20220218,20220218,134710000,13:47:11,3305.5,29216,40848,9545312200,0,0,0
j2205,20220218,20220218,134712500,13:47:17,3305.5,29216,40848,9545312200,0,0,0
j2205,20220218,20220218,134717500,13:47:19,3304.5,29217,40849,9545642650,1,1,330450
j2205,20220218,20220218,134718000,13:47:19,3304.5,29217,40849,9545642650,0,0,0
j2205,20220218,20220218,134719500,13:47:19,3304.5,29218,40849,9545973100,1,0,330450
j2205,20220218,20220218,134726000,13:47:27,3304.5,29218,40849,9545973100,0,0,0
j2205,20220218,20220218,134727000,13:47:27,3303.5,29222,40846,9547294500,4,-3,1321400
j2205,20220218,20220218,134727500,13:47:28,3303.5,29222,40846,9547294500,0,0,0
j2205,20220218,20220218,134728000,13:47:28,3303.5,29222,40846,9547294500,0,0,0
j2205,20220218,20220218,134734000,13:47:36,3303.5,29223,40845,9547624850,1,-1,330350
j2205,20220218,20220218,134734500,13:47:36,3303.5,29225,40845,9548285550,2,0,660700
j2205,20220218,20220218,134735000,13:47:36,3303.5,29225,40845,9548285550,0,0,0
j2205,20220218,20220218,134735500,13:47:36,3303.5,29225,40845,9548285550,0,0,0
j2205,20220218,20220218,134736000,13:47:36,3303.5,29225,40845,9548285550,0,0,0
j2205,20220218,20220218,134738000,13:47:38,3303.5,29225,40845,9548285550,0,0,0
j2205,20220218,20220218,134738500,13:47:39,3303.5,29225,40845,9548285550,0,0,0
j2205,20220218,20220218,134740500,13:47:40,3303.5,29225,40845,9548285550,0,0,0
j2205,20220218,20220218,134743500,13:47:44,3303.5,29225,40845,9548285550,0,0,0
j2205,20220218,20220218,134744000,13:47:44,3303.5,29225,40845,9548285550,0,0,0
j2205,20220218,20220218,134744500,13:47:45,3303,29232,40844,9550597650,7,-1,2312100
j2205,20220218,20220218,134745000,13:47:45,3302.5,29235,40843,9551588400,3,-1,990750
j2205,20220218,20220218,134749500,13:47:50,3302.5,29236,40844,9551918650,1,1,330250
