jd2205,20220218,20220218,112002000,11:20:04,4240,52976,108797,2250580800,52976,-2256,2250580800
jd2205,20220218,20220218,112004500,11:20:09,4240,52976,108797,2250580800,0,0,0
jd2205,20220218,20220218,112008000,11:20:10,4240,52976,108797,2250580800,0,0,0
jd2205,20220218,20220218,112009500,11:20:10,4240,52977,108797,2250623200,1,0,42400
jd2205,20220218,20220218,112010500,11:20:10,4240,52977,108797,2250623200,0,0,0
jd2205,20220218,20220218,112011000,11:20:11,4240,52978,108797,2250665600,1,0,42400
jd2205,20220218,20220218,112012500,11:20:12,4240,52979,108797,2250708000,1,0,42400
jd2205,20220218,20220218,112013000,11:20:13,4240,52979,108797,2250708000,0,0,0
jd2205,20220218,20220218,112013500,11:20:13,4241,52980,108797,2250750410,1,0,42410
jd2205,20220218,20220218,112014000,11:20:14,4240,52981,108798,2250792810,1,1,42400
jd2205,20220218,20220218,112016500,11:20:16,4240,52982,108799,2250835210,1,1,42400
jd2205,20220218,20220218,112018500,11:20:18,4240,52984,108798,2250920010,2,-1,84800
jd2205,20220218,20220218,112019000,11:20:19,4240,52984,108798,2250920010,0,0,0
jd2205,20220218,20220218,112019500,11:20:20,4241,52985,108798,2250962420,1,0,42410
jd2205,20220218,20220218,112023500,11:20:23,4241,52986,108799,2251004830,1,1,42410
jd2205,20220218,20220218,112025000,11:20:25,4241,52986,108799,2251004830,0,0,0
jd2205,20220218,20220218,112026000,11:20:26,4240,52988,108797,2251089630,2,-2,84800
jd2205,20220218,20220218,112027500,11:20:28,4241,52989,108798,2251132040,1,1,42410
jd2205,20220218,20220218,112028500,11:20:28,4241,52989,108798,2251132040,0,0,0
jd2205,20220218,20220218,112029000,11:20:29,4241,52989,108798,2251132040,0,0,0
jd2205,20220218,20220218,112029500,11:20:30,4241,53070,108816,2254567250,81,18,3435210
jd2205,20220218,20220218,112030000,11:20:31,4241,53070,108816,2254567250,0,0,0
jd2205,20220218,20220218,112030500,11:20:31,4241,53070,108816,2254567250,0,0,0
jd2205,20220218,20220218,112032500,11:20:32,4242,53071,108815,2254609670,1,-1,42420
jd2205,20220218,20220218,112033000,11:20:33,4242,53071,108815,2254609670,0,0,0
jd2205,20220218,20220218,112036000,11:20:36,4242,53073,108814,2254694510,2,-1,84840
jd2205,20220218,20220218,112037500,11:20:38,4242,53087,108808,2255288390,14,-6,593880
jd2205,20220218,20220218,112039000,11:20:39,4242,53087,108808,2255288390,0,0,0
jd2205,20220218,20220218,112039500,11:20:40,4242,53087,108808,2255288390,0,0,0
jd2205,20220218,20220218,112040000,11:20:40,4242,53099,108802,2255797430,12,-6,509040
jd2205,20220218,20220218,112040500,11:20:41,4242,53099,108802,2255797430,0,0,0
jd2205,20220218,20220218,112045500,11:20:46,4243,53104,108804,2256009580,5,2,212150
jd2205,20220218,20220218,112046000,11:20:46,4243,53106,108802,2256094440,2,-2,84860
jd2205,20220218,20220218,112048500,11:20:50,4243,53107,108803,2256136870,1,1,42430
jd2205,20220218,20220218,112051000,11:20:51,4243,53109,108803,2256221730,2,0,84860
jd2205,20220218,20220218,112052500,11:20:53,4243,53109,108803,2256221730,0,0,0
jd2205,20220218,20220218,112053500,11:20:53,4243,53114,108808,2256433880,5,5,212150
jd2205,20220218,20220218,112054000,11:20:54,4243,53114,108808,2256433880,0,0,0
jd2205,20220218,20220218,112054500,11:20:55,4243,53114,108808,2256433880,0,0,0
jd2205,20220218,20220218,112055000,11:20:55,4243,53114,108808,2256433880,0,0,0
jd2205,20220218,20220218,112056000,11:20:56,4243,53114,108808,2256433880,0,0,0
jd2205,20220218,20220218,112057000,11:20:58,4243,53114,108808,2256433880,0,0,0
jd2205,20220218,20220218,112057500,11:20:58,4243,53116,108810,2256518740,2,2,84860
jd2205,20220218,20220218,112059000,11:20:59,4243,53116,108810,2256518740,0,0,0
jd2205,20220218,20220218,112100500,11:21:00,4243,53116,108810,2256518740,0,0,0
jd2205,20220218,20220218,112101000,11:21:01,4243,53116,108810,2256518740,0,0,0
jd2205,20220218,20220218,112101500,11:21:02,4242,53118,108811,2256603580,2,1,84840
jd2205,20220218,20220218,112102000,11:21:02,4241,53119,108811,2256645990,1,0,42410
jd2205,20220218,20220218,112104000,11:21:04,4242,53121,108812,2256730830,2,1,84840
jd2205,20220218,20220218,112104500,11:21:05,4242,53121,108812,2256730830,0,0,0
jd2205,20220218,20220218,112105500,11:21:06,4242,53124,108809,2256858090,3,-3,127260
jd2205,20220218,20220218,112106500,11:21:07,4242,53124,108809,2256858090,0,0,0
jd2205,20220218,20220218,112107500,11:21:10,4242,53125,108809,2256900510,1,0,42420
jd2205,20220218,20220218,112108500,11:21:10,4242,53129,108805,2257070190,4,-4,169680
jd2205,20220218,20220218,112112500,11:21:13,4241,53132,108805,2257197420,3,0,127230
jd2205,20220218,20220218,112113000,11:21:13,4241,53132,108805,2257197420,0,0,0
jd2205,20220218,20220218,112114000,11:21:14,4241,53132,108805,2257197420,0,0,0
jd2205,20220218,20220218,112118000,11:21:18,4241,53132,108805,2257197420,0,0,0
jd2205,20220218,20220218,112118500,11:21:18,4241,53191,108756,2259699610,59,-49,2502190
jd2205,20220218,20220218,112119000,11:21:19,4241,53191,108756,2259699610,0,0,0
jd2205,20220218,20220218,112119500,11:21:19,4241,53191,108756,2259699610,0,0,0
jd2205,20220218,20220218,112121000,11:21:22,4240,53192,108755,2259742010,1,-1,42400
jd2205,20220218,20220218,112121500,11:21:22,4240,53192,108755,2259742010,0,0,0
jd2205,20220218,20220218,112122000,11:21:22,4240,53192,108755,2259742010,0,0,0
jd2205,20220218,20220218,112122500,11:21:22,4240,53192,108755,2259742010,0,0,0
jd2205,20220218,20220218,112123500,11:21:24,4241,53193,108756,2259784420,1,1,42410
jd2205,20220218,20220218,112124000,11:21:24,4241,53193,108756,2259784420,0,0,0
jd2205,20220218,20220218,112124500,11:21:25,4241,53193,108756,2259784420,0,0,0
jd2205,20220218,20220218,112331500,11:23:33,4241,53193,108756,2259784420,0,0,0
jd2205,20220218,20220218,112335000,11:23:35,4241,53193,108756,2259784420,0,0,0
jd2205,20220218,20220218,112339000,11:23:39,4242,53396,108713,2268393040,203,-43,8608620
jd2205,20220218,20220218,112340500,11:23:40,4242,53396,108713,2268393040,0,0,0
jd2205,20220218,20220218,112342000,11:23:42,4241,53397,108713,2268435450,1,0,42410
jd2205,20220218,20220218,112347000,11:23:48,4241,53397,108713,2268435450,0,0,0
jd2205,20220218,20220218,112350500,11:23:50,4242,53406,108718,2268817230,9,5,381780
jd2205,20220218,20220218,112351000,11:23:51,4242,53408,108720,2268902070,2,2,84840
jd2205,20220218,20220218,112356000,11:23:56,4242,53408,108720,2268902070,0,0,0
jd2205,20220218,20220218,112356500,11:23:56,4242,53408,108720,2268902070,0,0,0
jd2205,20220218,20220218,112357000,11:23:57,4243,53409,108720,2268944500,1,0,42430
jd2205,20220218,20220218,112357500,11:23:57,4243,53414,108719,2269156650,5,-1,212150
jd2205,20220218,20220218,112359000,11:23:59,4243,53414,108719,2269156650,0,0,0
jd2205,20220218,20220218,112359500,11:23:59,4243,53414,108719,2269156650,0,0,0
jd2205,20220218,20220218,112400500,11:24:00,4243,53414,108719,2269156650,0,0,0
jd2205,20220218,20220218,112403500,11:24:04,4243,53414,108719,2269156650,0,0,0
jd2205,20220218,20220218,112404000,11:24:04,4243,53416,108717,2269241510,2,-2,84860
jd2205,20220218,20220218,112405500,11:24:05,4243,53416,108717,2269241510,0,0,0
jd2205,20220218,20220218,112406000,11:24:06,4243,53417,108716,2269283940,1,-1,42430
jd2205,20220218,20220218,112408000,11:24:08,4243,53417,108716,2269283940,0,0,0
jd2205,20220218,20220218,112409500,11:24:11,4243,53418,108715,2269326370,1,-1,42430
jd2205,20220218,20220218,112411500,11:24:12,4242,53419,108715,2269368790,1,0,42420
jd2205,20220218,20220218,112412000,11:24:12,4243,53420,108715,2269411220,1,0,42430
jd2205,20220218,20220218,112412500,11:24:12,4243,53420,108715,2269411220,0,0,0
jd2205,20220218,20220218,112413000,11:24:13,4243,53421,108716,2269453650,1,1,42430
jd2205,20220218,20220218,112414000,11:24:14,4243,53422,108716,2269496080,1,0,42430
jd2205,20220218,20220218,112415000,11:24:15,4242,53423,108717,2269538500,1,1,42420
jd2205,20220218,20220218,112415500,11:24:15,4243,53424,108718,2269580930,1,1,42430
jd2205,20220218,20220218,112419000,11:24:19,4243,53429,108718,2269793080,5,0,212150
jd2205,20220218,20220218,112419500,11:24:20,4243,53429,108718,2269793080,0,0,0
jd2205,20220218,20220218,112423000,11:24:23,4242,53452,108736,2270768740,23,18,975660
jd2205,20220218,20220218,112423500,11:24:23,4242,53452,108736,2270768740,0,0,0
jd2205,20220218,20220218,112424500,11:24:24,4242,53453,108737,2270811160,1,1,42420
jd2205,20220218,20220218,112426500,11:24:26,4242,53454,108738,2270853580,1,1,42420
jd2205,20220218,20220218,112429500,11:24:29,4242,53454,108738,2270853580,0,0,0
jd2205,20220218,20220218,112430000,11:24:30,4242,53456,108738,2270938420,2,0,84840
jd2205,20220218,20220218,112432000,11:24:32,4241,53462,108744,2271192930,6,6,254510
jd2205,20220218,20220218,112434500,11:24:34,4241,53463,108745,2271235340,1,1,42410
jd2205,20220218,20220218,112435500,11:24:35,4241,53464,108745,2271277770,1,0,42430
jd2205,20220218,20220218,112437500,11:24:39,4241,53464,108745,2271277770,0,0,0
jd2205,20220218,20220218,112439500,11:24:40,4241,53465,108745,2271320180,1,0,42410
jd2205,20220218,20220218,112441500,11:24:41,4241,53466,108745,2271362590,1,0,42410
jd2205,20220218,20220218,112442500,11:24:42,4241,53466,108745,2271362590,0,0,0
jd2205,20220218,20220218,112447000,11:24:47,4241,53468,108747,2271447410,2,2,84820
jd2205,20220218,20220218,112448000,11:24:48,4241,53469,108747,2271489820,1,0,42410
jd2205,20220218,20220218,112449500,11:24:49,4241,53469,108747,2271489820,0,0,0
jd2205,20220218,20220218,112451000,11:24:51,4241,53470,108747,2271532230,1,0,42410
jd2205,20220218,20220218,112453000,11:24:53,4241,53471,108747,2271574640,1,0,42410
jd2205,20220218,20220218,112456500,11:24:56,4241,53472,108748,2271617050,1,1,42410
jd2205,20220218,20220218,112457500,11:24:57,4241,53473,108749,2271659460,1,1,42410
jd2205,20220218,20220218,112458000,11:24:58,4242,53475,108750,2271744300,2,1,84840
jd2205,20220218,20220218,112501000,11:25:01,4242,53476,108751,2271786720,1,1,42420
jd2205,20220218,20220218,112501500,11:25:03,4241,53477,108751,2271829130,1,0,42410
jd2205,20220218,20220218,112503500,11:25:06,4241,53477,108751,2271829130,0,0,0
jd2205,20220218,20220218,112505000,11:25:06,4242,53480,108754,2271956390,3,3,127260
jd2205,20220218,20220218,112505500,11:25:06,4242,53480,108754,2271956390,0,0,0
jd2205,20220218,20220218,112506000,11:25:06,4241,53481,108753,2271998800,1,-1,42410
jd2205,20220218,20220218,112508000,11:25:08,4242,53487,108759,2272253320,6,6,254520
jd2205,20220218,20220218,112508500,11:25:08,4242,53487,108759,2272253320,0,0,0
jd2205,20220218,20220218,112512000,11:25:12,4241,53489,108759,2272338140,2,0,84820
jd2205,20220218,20220218,112512500,11:25:12,4241,53489,108759,2272338140,0,0,0
jd2205,20220218,20220218,112513000,11:25:13,4241,53502,108752,2272889470,13,-7,551330
jd2205,20220218,20220218,112518000,11:25:18,4240,53503,108752,2272931870,1,0,42400
jd2205,20220218,20220218,112519500,11:25:19,4240,53504,108751,2272974270,1,-1,42400
jd2205,20220218,20220218,112522000,11:25:22,4242,53506,108753,2273059110,2,2,84840
jd2205,20220218,20220218,112522500,11:25:22,4242,53506,108753,2273059110,0,0,0
jd2205,20220218,20220218,112524000,11:25:25,4241,53508,108754,2273143930,2,1,84820
jd2205,20220218,20220218,112524500,11:25:25,4241,53508,108754,2273143930,0,0,0
jd2205,20220218,20220218,112525000,11:25:25,4241,53513,108753,2273355980,5,-1,212050
jd2205,20220218,20220218,112525500,11:25:26,4241,53514,108752,2273398390,1,-1,42410
jd2205,20220218,20220218,112526000,11:25:26,4241,53517,108752,2273525620,3,0,127230
jd2205,20220218,20220218,112526500,11:25:27,4241,53517,108752,2273525620,0,0,0
jd2205,20220218,20220218,112527000,11:25:27,4241,53517,108752,2273525620,0,0,0
jd2205,20220218,20220218,112529000,11:25:29,4241,53517,108752,2273525620,0,0,0
jd2205,20220218,20220218,112530500,11:25:31,4241,53517,108752,2273525620,0,0,0
jd2205,20220218,20220218,112531000,11:25:31,4240,53528,108747,2273992020,11,-5,466400
jd2205,20220218,20220218,112531500,11:25:32,4240,53559,108741,2275306420,31,-6,1314400
jd2205,20220218,20220218,112532000,11:25:32,4240,53559,108741,2275306420,0,0,0
jd2205,20220218,20220218,112532500,11:25:33,4241,53560,108741,2275348830,1,0,42410
jd2205,20220218,20220218,112535000,11:25:36,4241,53560,108741,2275348830,0,0,0
jd2205,20220218,20220218,112536500,11:25:37,4241,53562,108740,2275433650,2,-1,84820
jd2205,20220218,20220218,112539000,11:25:39,4241,53562,108740,2275433650,0,0,0
jd2205,20220218,20220218,112539500,11:25:40,4241,53562,108740,2275433650,0,0,0
jd2205,20220218,20220218,112540000,11:25:40,4240,53563,108740,2275476050,1,0,42400
jd2205,20220218,20220218,112540500,11:25:40,4240,53563,108740,2275476050,0,0,0
jd2205,20220218,20220218,112542500,11:25:42,4240,53567,108736,2275645650,4,-4,169600
jd2205,20220218,20220218,112545500,11:25:46,4240,53567,108736,2275645650,0,0,0
jd2205,20220218,20220218,112546500,11:25:47,4240,53567,108736,2275645650,0,0,0
jd2205,20220218,20220218,112548000,11:25:48,4240,53567,108736,2275645650,0,0,0
jd2205,20220218,20220218,112552000,11:25:52,4240,53567,108736,2275645650,0,0,0
jd2205,20220218,20220218,112552500,11:25:52,4240,53568,108736,2275688050,1,0,42400
jd2205,20220218,20220218,112554500,11:25:54,4240,53568,108736,2275688050,0,0,0
jd2205,20220218,20220218,112556500,11:25:57,4239,53569,108735,2275730440,1,-1,42390
jd2205,20220218,20220218,112557000,11:25:57,4239,53571,108733,2275815220,2,-2,84780
jd2205,20220218,20220218,112558500,11:25:59,4240,53573,108735,2275900020,2,2,84800
jd2205,20220218,20220218,112600000,11:26:00,4239,53574,108735,2275942410,1,0,42390
jd2205,20220218,20220218,112601500,11:26:01,4239,53576,108733,2276027190,2,-2,84780
jd2205,20220218,20220218,112602000,11:26:03,4240,53577,108733,2276069590,1,0,42400
jd2205,20220218,20220218,112602500,11:26:03,4239,53588,108726,2276535880,11,-7,466290
jd2205,20220218,20220218,112603000,11:26:03,4240,53589,108726,2276578280,1,0,42400
jd2205,20220218,20220218,112604500,11:26:05,4240,53590,108726,2276620680,1,0,42400
jd2205,20220218,20220218,112605000,11:26:05,4240,53594,108725,2276790260,4,-1,169580
jd2205,20220218,20220218,112605500,11:26:05,4240,53594,108725,2276790260,0,0,0
jd2205,20220218,20220218,112606000,11:26:06,4240,53595,108724,2276832660,1,-1,42400
jd2205,20220218,20220218,112606500,11:26:06,4240,53596,108723,2276875060,1,-1,42400
jd2205,20220218,20220218,112607000,11:26:09,4240,53596,108723,2276875060,0,0,0
jd2205,20220218,20220218,112607500,11:26:09,4239,53599,108720,2277002250,3,-3,127190
jd2205,20220218,20220218,112608000,11:26:09,4240,53601,108719,2277087050,2,-1,84800
jd2205,20220218,20220218,112609000,11:26:10,4240,53602,108718,2277129450,1,-1,42400
jd2205,20220218,20220218,112610000,11:26:10,4240,53603,108717,2277171850,1,-1,42400
jd2205,20220218,20220218,112611000,11:26:11,4240,53604,108716,2277214250,1,-1,42400
jd2205,20220218,20220218,112613000,11:26:15,4239,53605,108715,2277256640,1,-1,42390
jd2205,20220218,20220218,112614000,11:26:15,4240,53606,108714,2277299040,1,-1,42400
jd2205,20220218,20220218,112615000,11:26:16,4240,53607,108714,2277341440,1,0,42400
jd2205,20220218,20220218,112615500,11:26:16,4240,53608,108714,2277383840,1,0,42400
jd2205,20220218,20220218,112616000,11:26:16,4239,53612,108712,2277553400,4,-2,169560
jd2205,20220218,20220218,112616500,11:26:16,4239,53612,108712,2277553400,0,0,0
jd2205,20220218,20220218,112617000,11:26:17,4240,53613,108712,2277595800,1,0,42400
jd2205,20220218,20220218,112617500,11:26:17,4240,53613,108712,2277595800,0,0,0
jd2205,20220218,20220218,112618000,11:26:18,4240,53613,108712,2277595800,0,0,0
jd2205,20220218,20220218,112618500,11:26:18,4240,53613,108712,2277595800,0,0,0
jd2205,20220218,20220218,112620000,11:26:20,4239,53614,108713,2277638190,1,1,42390
jd2205,20220218,20220218,112623000,11:26:23,4240,53616,108711,2277722990,2,-2,84800
jd2205,20220218,20220218,112623500,11:26:23,4239,53617,108711,2277765380,1,0,42390
jd2205,20220218,20220218,112624500,11:26:24,4240,53618,108711,2277807780,1,0,42400
jd2205,20220218,20220218,112625500,11:26:25,4239,53619,108710,2277850170,1,-1,42390
jd2205,20220218,20220218,112626000,11:26:26,4239,53620,108710,2277892560,1,0,42390
jd2205,20220218,20220218,112626500,11:26:26,4239,53620,108710,2277892560,0,0,0
jd2205,20220218,20220218,112630500,11:26:31,4240,53621,108709,2277934960,1,-1,42400
jd2205,20220218,20220218,112632500,11:26:32,4240,53621,108709,2277934960,0,0,0
jd2205,20220218,20220218,112633000,11:26:33,4240,53621,108709,2277934960,0,0,0
jd2205,20220218,20220218,112633500,11:26:34,4240,53621,108709,2277934960,0,0,0
jd2205,20220218,20220218,112637000,11:26:46,4240,53641,108716,2278782960,20,7,848000
jd2205,20220218,20220218,112637500,11:26:54,4239,53644,108715,2278910150,3,-1,127190
jd2205,20220218,20220218,112638000,11:27:10,4239,53644,108715,2278910150,0,0,0
jd2205,20220218,20220218,112653000,11:27:11,4239,53653,108717,2279291730,9,2,381580
jd2205,20220218,20220218,112654000,11:27:12,4240,53654,108717,2279334130,1,0,42400
jd2205,20220218,20220218,112710000,11:27:12,4240,53654,108717,2279334130,0,0,0
jd2205,20220218,20220218,112710500,11:27:12,4240,53654,108717,2279334130,0,0,0
jd2205,20220218,20220218,112712000,11:27:12,4240,53654,108717,2279334130,0,0,0
jd2205,20220218,20220218,112712500,11:27:13,4240,53654,108717,2279334130,0,0,0
jd2205,20220218,20220218,112714000,11:27:14,4240,53654,108717,2279334130,0,0,0
jd2205,20220218,20220218,112714500,11:27:15,4240,53674,108710,2280182230,20,-7,848100
jd2205,20220218,20220218,112721000,11:27:21,4241,53675,108711,2280224640,1,1,42410
jd2205,20220218,20220218,112721500,11:27:22,4241,53675,108711,2280224640,0,0,0
jd2205,20220218,20220218,112722000,11:27:22,4241,53676,108711,2280267050,1,0,42410
jd2205,20220218,20220218,112722500,11:27:22,4241,53676,108711,2280267050,0,0,0
jd2205,20220218,20220218,112723000,11:27:26,4241,53680,108714,2280436690,4,3,169640
jd2205,20220218,20220218,112723500,11:27:27,4241,53681,108714,2280479100,1,0,42410
jd2205,20220218,20220218,112725000,11:27:27,4241,53681,108714,2280479100,0,0,0
jd2205,20220218,20220218,112727000,11:27:27,4240,53683,108712,2280563900,2,-2,84800
jd2205,20220218,20220218,112727500,11:27:27,4240,53684,108711,2280606300,1,-1,42400
jd2205,20220218,20220218,112729500,11:27:29,4240,53684,108711,2280606300,0,0,0
jd2205,20220218,20220218,112730000,11:27:30,4240,53684,108711,2280606300,0,0,0
jd2205,20220218,20220218,112730500,11:27:31,4240,53684,108711,2280606300,0,0,0
jd2205,20220218,20220218,112732500,11:27:36,4239,53692,108719,2280945420,8,8,339120
jd2205,20220218,20220218,112735500,11:27:36,4239,53692,108719,2280945420,0,0,0
jd2205,20220218,20220218,112736500,11:27:37,4240,53694,108720,2281030210,2,1,84790
jd2205,20220218,20220218,112738500,11:27:39,4240,53695,108719,2281072610,1,-1,42400
jd2205,20220218,20220218,112739000,11:27:39,4240,53697,108719,2281157410,2,0,84800
jd2205,20220218,20220218,112741000,11:27:41,4240,53697,108719,2281157410,0,0,0
jd2205,20220218,20220218,112742500,11:27:43,4240,53700,108722,2281284610,3,3,127200
jd2205,20220218,20220218,112743500,11:27:43,4240,53701,108723,2281327010,1,1,42400
jd2205,20220218,20220218,112744500,11:27:45,4240,53702,108724,2281369410,1,1,42400
jd2205,20220218,20220218,112746000,11:27:46,4239,53703,108724,2281411800,1,0,42390
jd2205,20220218,20220218,112746500,11:27:47,4239,53703,108724,2281411800,0,0,0
jd2205,20220218,20220218,112748000,11:27:49,4239,53704,108724,2281454190,1,0,42390
jd2205,20220218,20220218,112755500,11:27:55,4239,53704,108724,2281454190,0,0,0
jd2205,20220218,20220218,112756000,11:27:56,4240,53705,108724,2281496590,1,0,42400
jd2205,20220218,20220218,112757000,11:27:57,4240,53705,108724,2281496590,0,0,0
jd2205,20220218,20220218,112757500,11:27:57,4240,53705,108724,2281496590,0,0,0
jd2205,20220218,20220218,112759500,11:27:59,4239,53706,108723,2281538980,1,-1,42390
jd2205,20220218,20220218,112800000,11:28:00,4239,53706,108723,2281538980,0,0,0
jd2205,20220218,20220218,112800500,11:28:01,4239,53710,108719,2281708540,4,-4,169560
jd2205,20220218,20220218,112801500,11:28:02,4241,53715,108717,2281920590,5,-2,212050
jd2205,20220218,20220218,112802000,11:28:03,4241,53731,108723,2282599150,16,6,678560
jd2205,20220218,20220218,112802500,11:28:03,4241,53741,108721,2283023220,10,-2,424070
jd2205,20220218,20220218,112803000,11:28:04,4241,53741,108721,2283023220,0,0,0
jd2205,20220218,20220218,112807000,11:28:10,4241,53741,108721,2283023220,0,0,0
jd2205,20220218,20220218,112807500,11:28:11,4241,53741,108721,2283023220,0,0,0
jd2205,20220218,20220218,112809500,11:28:11,4241,53741,108721,2283023220,0,0,0
jd2205,20220218,20220218,112811000,11:28:12,4241,53741,108721,2283023220,0,0,0
jd2205,20220218,20220218,112812500,11:28:13,4241,53741,108721,2283023220,0,0,0
jd2205,20220218,20220218,112813000,11:28:13,4241,53741,108721,2283023220,0,0,0
jd2205,20220218,20220218,112817000,11:28:17,4241,53741,108721,2283023220,0,0,0
jd2205,20220218,20220218,112818000,11:28:18,4241,53741,108721,2283023220,0,0,0
jd2205,20220218,20220218,112819000,11:28:19,4241,53741,108721,2283023220,0,0,0
jd2205,20220218,20220218,112820000,11:28:20,4241,53741,108721,2283023220,0,0,0
jd2205,20220218,20220218,112821500,11:28:22,4240,53746,108718,2283235190,5,-3,211970
jd2205,20220218,20220218,112825500,11:28:25,4240,53747,108717,2283277590,1,-1,42400
jd2205,20220218,20220218,112826000,11:28:26,4240,53747,108717,2283277590,0,0,0
jd2205,20220218,20220218,112826500,11:28:27,4240,53749,108715,2283362390,2,-2,84800
jd2205,20220218,20220218,112827500,11:28:27,4240,53749,108715,2283362390,0,0,0
jd2205,20220218,20220218,112831000,11:28:31,4240,53750,108715,2283404790,1,0,42400
jd2205,20220218,20220218,112831500,11:28:31,4240,53750,108715,2283404790,0,0,0
jd2205,20220218,20220218,112833000,11:28:33,4240,53760,108706,2283828790,10,-9,424000
jd2205,20220218,20220218,112835500,11:28:35,4240,53761,108705,2283871190,1,-1,42400
jd2205,20220218,20220218,112837000,11:28:37,4240,53761,108705,2283871190,0,0,0
jd2205,20220218,20220218,112838000,11:28:38,4240,53762,108704,2283913590,1,-1,42400
jd2205,20220218,20220218,112839500,11:28:40,4240,53762,108704,2283913590,0,0,0
jd2205,20220218,20220218,112840500,11:28:40,4241,53764,108704,2283998400,2,0,84810
jd2205,20220218,20220218,112841500,11:28:41,4241,53764,108704,2283998400,0,0,0
jd2205,20220218,20220218,112842000,11:28:42,4241,53764,108704,2283998400,0,0,0
jd2205,20220218,20220218,112843500,11:28:44,4241,53764,108704,2283998400,0,0,0
jd2205,20220218,20220218,112845000,11:28:45,4241,53764,108704,2283998400,0,0,0
jd2205,20220218,20220218,112846000,11:28:46,4241,53764,108704,2283998400,0,0,0
jd2205,20220218,20220218,112846500,11:28:46,4241,53765,108704,2284040810,1,0,42410
jd2205,20220218,20220218,112848000,11:28:48,4241,53767,108704,2284125630,2,0,84820
jd2205,20220218,20220218,112851000,11:28:51,4241,53768,108705,2284168040,1,1,42410
jd2205,20220218,20220218,112853000,11:28:54,4240,53769,108704,2284210440,1,-1,42400
jd2205,20220218,20220218,112853500,11:28:54,4241,53770,108704,2284252850,1,0,42410
jd2205,20220218,20220218,112855500,11:28:55,4241,53770,108704,2284252850,0,0,0
jd2205,20220218,20220218,112857000,11:28:57,4241,53771,108705,2284295260,1,1,42410
jd2205,20220218,20220218,112858500,11:28:59,4241,53772,108705,2284337670,1,0,42410
jd2205,20220218,20220218,112859000,11:28:59,4241,53772,108705,2284337670,0,0,0
jd2205,20220218,20220218,112901000,11:29:01,4241,53779,108708,2284634520,7,3,296850
jd2205,20220218,20220218,112901500,11:29:01,4241,53779,108708,2284634520,0,0,0
jd2205,20220218,20220218,112902000,11:29:02,4241,53780,108707,2284676930,1,-1,42410
jd2205,20220218,20220218,112903500,11:29:04,4240,53781,108707,2284719330,1,0,42400
jd2205,20220218,20220218,112906000,11:29:06,4240,53782,108706,2284761730,1,-1,42400
jd2205,20220218,20220218,112907500,11:29:08,4240,53782,108706,2284761730,0,0,0
jd2205,20220218,20220218,112909500,11:29:09,4241,53803,108699,2285652140,21,-7,890410
jd2205,20220218,20220218,112910000,11:29:10,4241,53803,108699,2285652140,0,0,0
jd2205,20220218,20220218,112910500,11:29:10,4240,53804,108699,2285694540,1,0,42400
jd2205,20220218,20220218,112912500,11:29:12,4240,53804,108699,2285694540,0,0,0
jd2205,20220218,20220218,112914000,11:29:14,4240,53805,108699,2285736940,1,0,42400
jd2205,20220218,20220218,112914500,11:29:15,4240,53805,108699,2285736940,0,0,0
jd2205,20220218,20220218,112915500,11:29:16,4240,53805,108699,2285736940,0,0,0
jd2205,20220218,20220218,112919500,11:29:21,4240,53806,108698,2285779340,1,-1,42400
jd2205,20220218,20220218,112923000,11:29:24,4240,53807,108697,2285821740,1,-1,42400
jd2205,20220218,20220218,112925000,11:29:25,4241,53809,108695,2285906550,2,-2,84810
jd2205,20220218,20220218,112925500,11:29:25,4240,53810,108694,2285948950,1,-1,42400
jd2205,20220218,20220218,112926000,11:29:26,4240,53810,108694,2285948950,0,0,0
jd2205,20220218,20220218,112927500,11:29:27,4240,53811,108694,2285991350,1,0,42400
jd2205,20220218,20220218,112929000,11:29:29,4240,53812,108693,2286033750,1,-1,42400
jd2205,20220218,20220218,112929500,11:29:29,4240,53812,108693,2286033750,0,0,0
jd2205,20220218,20220218,112930000,11:29:30,4240,53812,108693,2286033750,0,0,0
jd2205,20220218,20220218,112930500,11:29:31,4240,53813,108692,2286076150,1,-1,42400
jd2205,20220218,20220218,112931000,11:29:32,4240,53814,108691,2286118550,1,-1,42400
jd2205,20220218,20220218,112933500,11:29:37,4240,53815,108690,2286160950,1,-1,42400
jd2205,20220218,20220218,112935500,11:29:38,4240,53818,108687,2286288160,3,-3,127210
jd2205,20220218,20220218,112937500,11:29:38,4240,53819,108686,2286330560,1,-1,42400
jd2205,20220218,20220218,112938500,11:29:39,4240,53819,108686,2286330560,0,0,0
jd2205,20220218,20220218,112939500,11:29:40,4240,53820,108685,2286372960,1,-1,42400
jd2205,20220218,20220218,112940000,11:29:40,4240,53820,108685,2286372960,0,0,0
jd2205,20220218,20220218,112941500,11:29:42,4241,53822,108685,2286457780,2,0,84820
jd2205,20220218,20220218,112942000,11:29:42,4241,53822,108685,2286457780,0,0,0
jd2205,20220218,20220218,112944000,11:29:45,4240,53823,108684,2286500180,1,-1,42400
jd2205,20220218,20220218,112944500,11:29:45,4241,53824,108684,2286542590,1,0,42410
jd2205,20220218,20220218,112945000,11:29:46,4241,53824,108684,2286542590,0,0,0
jd2205,20220218,20220218,112945500,11:29:46,4240,53825,108683,2286584990,1,-1,42400
jd2205,20220218,20220218,112946000,11:29:46,4240,53828,108682,2286712190,3,-1,127200
jd2205,20220218,20220218,112946500,11:29:47,4240,53828,108682,2286712190,0,0,0
jd2205,20220218,20220218,112947000,11:29:47,4240,53828,108682,2286712190,0,0,0
jd2205,20220218,20220218,112948000,11:29:48,4241,53829,108682,2286754600,1,0,42410
jd2205,20220218,20220218,112948500,11:29:49,4241,53834,108681,2286966650,5,-1,212050
jd2205,20220218,20220218,112951000,11:29:52,4240,53835,108680,2287009050,1,-1,42400
jd2205,20220218,20220218,112953500,11:29:54,4240,53837,108678,2287093850,2,-2,84800
jd2205,20220218,20220218,112954000,11:29:54,4239,53842,108673,2287305840,5,-5,211990
jd2205,20220218,20220218,112954500,11:29:54,4241,53845,108671,2287433070,3,-2,127230
jd2205,20220218,20220218,112956000,11:29:56,4241,53847,108670,2287517890,2,-1,84820
jd2205,20220218,20220218,112956500,11:30:00,4239,53849,108668,2287602670,2,-2,84780
jd2205,20220218,20220218,112957500,11:30:02,4239,53849,108668,2287602670,0,0,0
jd2205,20220218,20220218,112959500,11:30:02,4239,53849,108668,2287602670,0,0,0
jd2205,20220218,20220218,113001000,11:30:03,4239,53849,108668,2287602670,0,0,0
jd2205,20220218,20220218,113001500,11:30:03,4239,53849,108668,2287602670,0,0,0
jd2205,20220218,20220218,133001500,13:30:02,4241,53905,108706,2289977910,56,38,2375240
jd2205,20220218,20220218,133002000,13:30:08,4239,53935,108712,2291249790,30,6,1271880
jd2205,20220218,20220218,133002500,13:30:09,4241,53943,108716,2291588950,8,4,339160
jd2205,20220218,20220218,133008000,13:30:10,4241,53943,108716,2291588950,0,0,0
jd2205,20220218,20220218,133009500,13:30:10,4239,53970,108702,2292733500,27,-14,1144550
jd2205,20220218,20220218,133010500,13:30:12,4239,53970,108702,2292733500,0,0,0
jd2205,20220218,20220218,133011000,13:30:12,4239,53970,108702,2292733500,0,0,0
jd2205,20220218,20220218,133011500,13:30:13,4238,53971,108701,2292775880,1,-1,42380
jd2205,20220218,20220218,133012500,13:30:13,4238,53980,108699,2293157320,9,-2,381440
jd2205,20220218,20220218,133013000,13:30:13,4238,53980,108699,2293157320,0,0,0
jd2205,20220218,20220218,133013500,13:30:14,4239,53981,108700,2293199710,1,1,42390
jd2205,20220218,20220218,133014000,13:30:16,4239,53992,108696,2293665990,11,-4,466280
jd2205,20220218,20220218,133014500,13:30:17,4238,53993,108696,2293708370,1,0,42380
jd2205,20220218,20220218,133016000,13:30:18,4238,53994,108696,2293750750,1,0,42380
jd2205,20220218,20220218,133018000,13:30:19,4239,54002,108703,2294089870,8,7,339120
jd2205,20220218,20220218,133018500,13:30:20,4239,54003,108703,2294132260,1,0,42390
jd2205,20220218,20220218,133019000,13:30:20,4239,54007,108707,2294301800,4,4,169540
jd2205,20220218,20220218,133019500,13:30:20,4239,54007,108707,2294301800,0,0,0
jd2205,20220218,20220218,133020000,13:30:21,4239,54008,108708,2294344190,1,1,42390
jd2205,20220218,20220218,133020500,13:30:21,4239,54008,108708,2294344190,0,0,0
jd2205,20220218,20220218,133021000,13:30:21,4239,54010,108709,2294428960,2,1,84770
jd2205,20220218,20220218,133021500,13:30:22,4238,54011,108709,2294471340,1,0,42380
jd2205,20220218,20220218,133022000,13:30:38,4239,54014,108709,2294598510,3,0,127170
jd2205,20220218,20220218,133022500,13:30:38,4239,54015,108710,2294640900,1,1,42390
jd2205,20220218,20220218,133023000,13:30:38,4239,54016,108711,2294683290,1,1,42390
jd2205,20220218,20220218,133037500,13:30:40,4239,54058,108716,2296463610,42,5,1780320
jd2205,20220218,20220218,133038500,13:30:42,4239,54059,108716,2296506000,1,0,42390
jd2205,20220218,20220218,133040500,13:30:42,4239,54060,108716,2296548390,1,0,42390
jd2205,20220218,20220218,133041000,13:30:43,4240,54062,108716,2296633180,2,0,84790
jd2205,20220218,20220218,133042500,13:30:44,4239,54063,108717,2296675570,1,1,42390
jd2205,20220218,20220218,133043000,13:30:44,4240,54064,108717,2296717970,1,0,42400
jd2205,20220218,20220218,133043500,13:30:44,4238,54067,108716,2296845130,3,-1,127160
jd2205,20220218,20220218,133044000,13:30:46,4238,54067,108716,2296845130,0,0,0
jd2205,20220218,20220218,133045500,13:30:46,4238,54067,108716,2296845130,0,0,0
jd2205,20220218,20220218,133046000,13:30:47,4239,54068,108715,2296887520,1,-1,42390
jd2205,20220218,20220218,133046500,13:30:47,4239,54068,108715,2296887520,0,0,0
jd2205,20220218,20220218,133047500,13:30:48,4239,54069,108714,2296929910,1,-1,42390
jd2205,20220218,20220218,133048000,13:30:48,4239,54069,108714,2296929910,0,0,0
jd2205,20220218,20220218,133048500,13:30:49,4238,54070,108714,2296972290,1,0,42380
jd2205,20220218,20220218,133049000,13:30:49,4238,54070,108714,2296972290,0,0,0
jd2205,20220218,20220218,133050000,13:30:51,4238,54070,108714,2296972290,0,0,0
jd2205,20220218,20220218,133050500,13:30:51,4238,54070,108714,2296972290,0,0,0
jd2205,20220218,20220218,133051000,13:30:52,4239,54081,108708,2297438580,11,-6,466290
jd2205,20220218,20220218,133051500,13:30:52,4238,54083,108708,2297523340,2,0,84760
jd2205,20220218,20220218,133052000,13:30:53,4238,54083,108708,2297523340,0,0,0
jd2205,20220218,20220218,133052500,13:30:53,4238,54083,108708,2297523340,0,0,0
jd2205,20220218,20220218,133053000,13:30:54,4238,54083,108708,2297523340,0,0,0
jd2205,20220218,20220218,133054500,13:30:55,4238,54093,108708,2297947140,10,0,423800
jd2205,20220218,20220218,133055000,13:30:55,4238,54093,108708,2297947140,0,0,0
jd2205,20220218,20220218,133057000,13:30:58,4239,54099,108710,2298201480,6,2,254340
jd2205,20220218,20220218,133057500,13:30:58,4239,54099,108710,2298201480,0,0,0
jd2205,20220218,20220218,133058000,13:30:58,4239,54099,108710,2298201480,0,0,0
jd2205,20220218,20220218,133100500,13:31:00,4239,54100,108710,2298243870,1,0,42390
jd2205,20220218,20220218,133101500,13:31:01,4239,54100,108710,2298243870,0,0,0
jd2205,20220218,20220218,133102000,13:31:02,4238,54105,108705,2298455770,5,-5,211900
jd2205,20220218,20220218,133102500,13:31:03,4239,54108,108704,2298582920,3,-1,127150
jd2205,20220218,20220218,133103000,13:31:03,4239,54108,108704,2298582920,0,0,0
jd2205,20220218,20220218,133103500,13:31:05,4239,54108,108704,2298582920,0,0,0
jd2205,20220218,20220218,133104000,13:31:06,4239,54108,108704,2298582920,0,0,0
jd2205,20220218,20220218,133105500,13:31:08,4239,54108,108704,2298582920,0,0,0
jd2205,20220218,20220218,133106000,13:31:08,4239,54108,108704,2298582920,0,0,0
jd2205,20220218,20220218,133108000,13:31:09,4238,54116,108703,2298921960,8,-1,339040
jd2205,20220218,20220218,133109000,13:31:09,4239,54118,108703,2299006730,2,0,84770
jd2205,20220218,20220218,133110000,13:31:11,4239,54119,108703,2299049120,1,0,42390
jd2205,20220218,20220218,133110500,13:31:11,4238,54129,108694,2299472920,10,-9,423800
jd2205,20220218,20220218,133111000,13:31:11,4239,54130,108694,2299515310,1,0,42390
jd2205,20220218,20220218,133111500,13:31:12,4238,54137,108699,2299812030,7,5,296720
jd2205,20220218,20220218,133112000,13:31:12,4238,54137,108699,2299812030,0,0,0
jd2205,20220218,20220218,133112500,13:31:13,4238,54138,108698,2299854410,1,-1,42380
jd2205,20220218,20220218,133113000,13:31:13,4239,54140,108698,2299939190,2,0,84780
jd2205,20220218,20220218,133113500,13:31:14,4239,54141,108698,2299981580,1,0,42390
jd2205,20220218,20220218,133114000,13:31:15,4239,54142,108698,2300023970,1,0,42390
jd2205,20220218,20220218,133114500,13:31:15,4239,54142,108698,2300023970,0,0,0
jd2205,20220218,20220218,133115000,13:31:15,4239,54143,108697,2300066360,1,-1,42390
jd2205,20220218,20220218,133115500,13:31:16,4239,54144,108697,2300108750,1,0,42390
jd2205,20220218,20220218,133116000,13:31:16,4239,54144,108697,2300108750,0,0,0
jd2205,20220218,20220218,133116500,13:31:17,4238,54145,108696,2300151130,1,-1,42380
jd2205,20220218,20220218,133117000,13:31:17,4239,54146,108697,2300193520,1,1,42390
jd2205,20220218,20220218,133117500,13:31:18,4239,54147,108698,2300235910,1,1,42390
jd2205,20220218,20220218,133118500,13:31:19,4240,54148,108698,2300278310,1,0,42400
jd2205,20220218,20220218,133119500,13:31:20,4240,54148,108698,2300278310,0,0,0
jd2205,20220218,20220218,133120000,13:31:20,4238,54150,108696,2300363080,2,-2,84770
jd2205,20220218,20220218,133120500,13:31:21,4240,54151,108696,2300405480,1,0,42400
jd2205,20220218,20220218,133121000,13:31:21,4240,54151,108696,2300405480,0,0,0
jd2205,20220218,20220218,133121500,13:31:22,4240,54151,108696,2300405480,0,0,0
jd2205,20220218,20220218,133122000,13:31:22,4239,54155,108698,2300575030,4,2,169550
jd2205,20220218,20220218,133122500,13:31:23,4240,54156,108698,2300617430,1,0,42400
jd2205,20220218,20220218,133123000,13:31:25,4238,54158,108696,2300702190,2,-2,84760
jd2205,20220218,20220218,133124000,13:31:25,4239,54159,108697,2300744580,1,1,42390
jd2205,20220218,20220218,133124500,13:31:25,4238,54164,108693,2300956480,5,-4,211900
jd2205,20220218,20220218,133157500,13:31:57,4240,54170,108693,2301210870,6,0,254390
jd2205,20220218,20220218,133158500,13:31:58,4238,54172,108693,2301295630,2,0,84760
jd2205,20220218,20220218,133159000,13:31:59,4238,54173,108694,2301338010,1,1,42380
jd2205,20220218,20220218,133159500,13:32:00,4239,54174,108695,2301380400,1,1,42390
jd2205,20220218,20220218,133200500,13:32:01,4238,54231,108696,2303796660,57,1,2416260
jd2205,20220218,20220218,133201000,13:32:01,4238,54237,108700,2304051020,6,4,254360
jd2205,20220218,20220218,133201500,13:32:01,4240,54238,108699,2304093420,1,-1,42400
jd2205,20220218,20220218,133202000,13:32:03,4239,54240,108698,2304178210,2,-1,84790
jd2205,20220218,20220218,133202500,13:32:03,4239,54241,108698,2304220600,1,0,42390
jd2205,20220218,20220218,133203000,13:32:04,4238,54243,108696,2304305360,2,-2,84760
jd2205,20220218,20220218,133203500,13:32:05,4239,54244,108697,2304347750,1,1,42390
jd2205,20220218,20220218,133204000,13:32:05,4239,54244,108697,2304347750,0,0,0
jd2205,20220218,20220218,133205000,13:32:06,4239,54244,108697,2304347750,0,0,0
jd2205,20220218,20220218,133205500,13:32:06,4239,54249,108702,2304559700,5,5,211950
jd2205,20220218,20220218,133206000,13:32:06,4239,54250,108702,2304602090,1,0,42390
jd2205,20220218,20220218,133206500,13:32:07,4239,54250,108702,2304602090,0,0,0
jd2205,20220218,20220218,133207000,13:32:07,4239,54251,108701,2304644480,1,-1,42390
jd2205,20220218,20220218,133207500,13:32:07,4240,54254,108702,2304771680,3,1,127200
jd2205,20220218,20220218,133208000,13:32:09,4239,54256,108700,2304856460,2,-2,84780
jd2205,20220218,20220218,133208500,13:32:10,4240,54257,108700,2304898860,1,0,42400
jd2205,20220218,20220218,133209000,13:32:10,4239,54260,108699,2305026030,3,-1,127170
jd2205,20220218,20220218,133209500,13:32:10,4239,54261,108700,2305068420,1,1,42390
jd2205,20220218,20220218,133210000,13:32:10,4239,54261,108700,2305068420,0,0,0
jd2205,20220218,20220218,133210500,13:32:13,4239,54261,108700,2305068420,0,0,0
jd2205,20220218,20220218,133213000,13:32:15,4239,54264,108700,2305195610,3,0,127190
jd2205,20220218,20220218,133214500,13:32:16,4239,54264,108700,2305195610,0,0,0
jd2205,20220218,20220218,133215000,13:32:16,4239,54264,108700,2305195610,0,0,0
jd2205,20220218,20220218,133216000,13:32:17,4240,54265,108699,2305238010,1,-1,42400
jd2205,20220218,20220218,133219500,13:32:20,4240,54266,108699,2305280410,1,0,42400
jd2205,20220218,20220218,133221000,13:32:21,4240,54266,108699,2305280410,0,0,0
jd2205,20220218,20220218,133224000,13:32:24,4240,54266,108699,2305280410,0,0,0
jd2205,20220218,20220218,133224500,13:32:24,4240,54267,108699,2305322810,1,0,42400
jd2205,20220218,20220218,133225000,13:32:25,4240,54267,108699,2305322810,0,0,0
jd2205,20220218,20220218,133226500,13:32:27,4239,54268,108699,2305365200,1,0,42390
jd2205,20220218,20220218,133227000,13:32:27,4239,54269,108699,2305407590,1,0,42390
jd2205,20220218,20220218,133227500,13:32:28,4239,54270,108699,2305449980,1,0,42390
jd2205,20220218,20220218,133228500,13:32:32,4239,54270,108699,2305449980,0,0,0
jd2205,20220218,20220218,133232000,13:32:35,4239,54270,108699,2305449980,0,0,0
jd2205,20220218,20220218,133232500,13:32:35,4239,54270,108699,2305449980,0,0,0
jd2205,20220218,20220218,133234500,13:32:35,4239,54300,108696,2306721730,30,-3,1271750
jd2205,20220218,20220218,133235000,13:32:36,4239,54300,108696,2306721730,0,0,0
jd2205,20220218,20220218,133235500,13:32:36,4239,54300,108696,2306721730,0,0,0
jd2205,20220218,20220218,133236000,13:32:36,4239,54304,108698,2306891290,4,2,169560
jd2205,20220218,20220218,133236500,13:32:37,4238,54305,108697,2306933670,1,-1,42380
jd2205,20220218,20220218,133237000,13:32:37,4238,54309,108693,2307103190,4,-4,169520
jd2205,20220218,20220218,133237500,13:32:37,4239,54310,108694,2307145580,1,1,42390
jd2205,20220218,20220218,133238000,13:32:38,4239,54310,108694,2307145580,0,0,0
jd2205,20220218,20220218,133238500,13:32:39,4239,54311,108693,2307187970,1,-1,42390
jd2205,20220218,20220218,133239000,13:32:39,4239,54311,108693,2307187970,0,0,0
jd2205,20220218,20220218,133240500,13:32:40,4239,54325,108686,2307781420,14,-7,593450
jd2205,20220218,20220218,133241000,13:32:41,4239,54327,108687,2307866200,2,1,84780
jd2205,20220218,20220218,133241500,13:32:42,4239,54327,108687,2307866200,0,0,0
jd2205,20220218,20220218,133242500,13:32:42,4239,54327,108687,2307866200,0,0,0
jd2205,20220218,20220218,133243000,13:32:43,4239,54329,108687,2307950980,2,0,84780
jd2205,20220218,20220218,133244500,13:32:45,4239,54329,108687,2307950980,0,0,0
jd2205,20220218,20220218,133245000,13:32:45,4239,54329,108687,2307950980,0,0,0
jd2205,20220218,20220218,133245500,13:32:45,4239,54330,108688,2307993370,1,1,42390
jd2205,20220218,20220218,133246000,13:32:47,4239,54334,108692,2308162930,4,4,169560
jd2205,20220218,20220218,133246500,13:32:47,4239,54335,108693,2308205320,1,1,42390
jd2205,20220218,20220218,133247000,13:32:47,4239,54336,108694,2308247710,1,1,42390
jd2205,20220218,20220218,133247500,13:32:48,4239,54336,108694,2308247710,0,0,0
jd2205,20220218,20220218,133248000,13:32:48,4240,54337,108694,2308290110,1,0,42400
jd2205,20220218,20220218,133252500,13:32:53,4240,54339,108695,2308374910,2,1,84800
jd2205,20220218,20220218,133253000,13:32:53,4240,54342,108696,2308502110,3,1,127200
jd2205,20220218,20220218,133257500,13:33:00,4239,54343,108696,2308544500,1,0,42390
jd2205,20220218,20220218,133302500,13:33:03,4239,54344,108697,2308586890,1,1,42390
jd2205,20220218,20220218,133303000,13:33:03,4239,54344,108697,2308586890,0,0,0
jd2205,20220218,20220218,133303500,13:33:04,4239,54344,108697,2308586890,0,0,0
jd2205,20220218,20220218,133304500,13:33:05,4239,54345,108697,2308629280,1,0,42390
jd2205,20220218,20220218,133306000,13:33:06,4239,54346,108698,2308671670,1,1,42390
jd2205,20220218,20220218,133306500,13:33:06,4239,54346,108698,2308671670,0,0,0
jd2205,20220218,20220218,133307000,13:33:07,4239,54347,108698,2308714060,1,0,42390
jd2205,20220218,20220218,133308000,13:33:08,4238,54348,108697,2308756440,1,-1,42380
jd2205,20220218,20220218,133308500,13:33:09,4238,54348,108697,2308756440,0,0,0
jd2205,20220218,20220218,133310500,13:33:12,4238,54348,108697,2308756440,0,0,0
jd2205,20220218,20220218,133311000,13:33:13,4238,54349,108697,2308798820,1,0,42380
jd2205,20220218,20220218,133311500,13:33:14,4239,54350,108696,2308841210,1,-1,42390
jd2205,20220218,20220218,133312000,13:33:14,4239,54350,108696,2308841210,0,0,0
jd2205,20220218,20220218,133313500,13:33:15,4238,54353,108695,2308968350,3,-1,127140
jd2205,20220218,20220218,133316000,13:33:18,4238,54354,108695,2309010730,1,0,42380
jd2205,20220218,20220218,133317500,13:33:19,4238,54374,108684,2309858330,20,-11,847600
jd2205,20220218,20220218,133318000,13:33:19,4239,54377,108686,2309985500,3,2,127170
jd2205,20220218,20220218,133319500,13:33:20,4239,54378,108686,2310027890,1,0,42390
jd2205,20220218,20220218,133320000,13:33:21,4239,54378,108686,2310027890,0,0,0
jd2205,20220218,20220218,133320500,13:33:21,4239,54378,108686,2310027890,0,0,0
jd2205,20220218,20220218,133321000,13:33:22,4239,54378,108686,2310027890,0,0,0
jd2205,20220218,20220218,133321500,13:33:22,4239,54383,108691,2310239840,5,5,211950
jd2205,20220218,20220218,133322000,13:33:22,4238,54384,108690,2310282220,1,-1,42380
jd2205,20220218,20220218,133322500,13:33:22,4239,54387,108688,2310409390,3,-2,127170
jd2205,20220218,20220218,133323000,13:33:23,4239,54387,108688,2310409390,0,0,0
jd2205,20220218,20220218,133323500,13:33:24,4239,54387,108688,2310409390,0,0,0
jd2205,20220218,20220218,133324500,13:33:25,4239,54387,108688,2310409390,0,0,0
jd2205,20220218,20220218,133325000,13:33:26,4239,54387,108688,2310409390,0,0,0
jd2205,20220218,20220218,133325500,13:33:26,4239,54387,108688,2310409390,0,0,0
jd2205,20220218,20220218,133326000,13:33:28,4240,54459,108712,2313462190,72,24,3052800
jd2205,20220218,20220218,133326500,13:33:29,4240,54459,108712,2313462190,0,0,0
jd2205,20220218,20220218,133328500,13:33:30,4240,54462,108715,2313589390,3,3,127200
jd2205,20220218,20220218,133329000,13:33:30,4240,54462,108715,2313589390,0,0,0
jd2205,20220218,20220218,133330000,13:33:30,4240,54462,108715,2313589390,0,0,0
jd2205,20220218,20220218,133330500,13:33:31,4240,54463,108715,2313631790,1,0,42400
jd2205,20220218,20220218,133332500,13:33:32,4240,54464,108716,2313674190,1,1,42400
jd2205,20220218,20220218,133333000,13:33:33,4241,54465,108716,2313716600,1,0,42410
jd2205,20220218,20220218,133333500,13:33:33,4240,54467,108718,2313801400,2,2,84800
jd2205,20220218,20220218,133334500,13:33:34,4240,54467,108718,2313801400,0,0,0
jd2205,20220218,20220218,133335000,13:33:35,4240,54467,108718,2313801400,0,0,0
jd2205,20220218,20220218,133335500,13:33:35,4241,54468,108718,2313843810,1,0,42410
jd2205,20220218,20220218,133336000,13:33:36,4241,54468,108718,2313843810,0,0,0
jd2205,20220218,20220218,133337500,13:33:37,4241,54471,108721,2313971040,3,3,127230
jd2205,20220218,20220218,133338500,13:33:39,4240,54472,108722,2314013440,1,1,42400
jd2205,20220218,20220218,133339000,13:33:39,4241,54475,108722,2314140670,3,0,127230
jd2205,20220218,20220218,133339500,13:33:40,4241,54476,108722,2314183080,1,0,42410
jd2205,20220218,20220218,133340500,13:33:41,4241,54477,108722,2314225490,1,0,42410
jd2205,20220218,20220218,133341000,13:33:41,4241,54479,108720,2314310310,2,-2,84820
jd2205,20220218,20220218,133341500,13:33:42,4240,54489,108714,2314734310,10,-6,424000
jd2205,20220218,20220218,133342000,13:33:42,4240,54489,108714,2314734310,0,0,0
jd2205,20220218,20220218,133343000,13:33:43,4240,54489,108714,2314734310,0,0,0
jd2205,20220218,20220218,133343500,13:33:44,4240,54499,108713,2315158310,10,-1,424000
jd2205,20220218,20220218,133344000,13:33:45,4241,54502,108710,2315285540,3,-3,127230
jd2205,20220218,20220218,133344500,13:33:45,4241,54502,108710,2315285540,0,0,0
jd2205,20220218,20220218,133345500,13:33:46,4241,54502,108710,2315285540,0,0,0
jd2205,20220218,20220218,133346000,13:33:47,4241,54502,108710,2315285540,0,0,0
jd2205,20220218,20220218,133349000,13:33:50,4241,54502,108710,2315285540,0,0,0
jd2205,20220218,20220218,133350000,13:33:50,4241,54502,108710,2315285540,0,0,0
jd2205,20220218,20220218,133350500,13:33:50,4241,54502,108710,2315285540,0,0,0
jd2205,20220218,20220218,133351000,13:33:51,4240,54505,108708,2315412740,3,-2,127200
jd2205,20220218,20220218,133352000,13:33:52,4240,54506,108709,2315455140,1,1,42400
jd2205,20220218,20220218,133354000,13:33:54,4240,54507,108709,2315497540,1,0,42400
jd2205,20220218,20220218,133354500,13:33:54,4240,54508,108708,2315539940,1,-1,42400
jd2205,20220218,20220218,133355000,13:33:56,4240,54508,108708,2315539940,0,0,0
jd2205,20220218,20220218,133356500,13:33:57,4240,54508,108708,2315539940,0,0,0
jd2205,20220218,20220218,133357000,13:33:57,4240,54509,108709,2315582340,1,1,42400
jd2205,20220218,20220218,133357500,13:33:58,4240,54509,108709,2315582340,0,0,0
jd2205,20220218,20220218,133358000,13:33:58,4240,54509,108709,2315582340,0,0,0
jd2205,20220218,20220218,133358500,13:33:58,4240,54509,108709,2315582340,0,0,0
jd2205,20220218,20220218,133359000,13:33:59,4240,54509,108709,2315582340,0,0,0
jd2205,20220218,20220218,133359500,13:33:59,4240,54509,108709,2315582340,0,0,0
jd2205,20220218,20220218,133400000,13:34:00,4240,54509,108709,2315582340,0,0,0
jd2205,20220218,20220218,133400500,13:34:00,4240,54509,108709,2315582340,0,0,0
jd2205,20220218,20220218,133401000,13:34:01,4241,54522,108713,2316133660,13,4,551320
jd2205,20220218,20220218,133402500,13:34:10,4241,54530,108713,2316472940,8,0,339280
jd2205,20220218,20220218,133403000,13:34:10,4241,54530,108713,2316472940,0,0,0
jd2205,20220218,20220218,133403500,13:34:11,4241,54530,108713,2316472940,0,0,0
jd2205,20220218,20220218,133409000,13:34:12,4241,54530,108713,2316472940,0,0,0
jd2205,20220218,20220218,133411000,13:34:12,4241,54537,108711,2316769750,7,-2,296810
jd2205,20220218,20220218,133413000,13:34:13,4241,54538,108712,2316812160,1,1,42410
jd2205,20220218,20220218,133414000,13:34:14,4240,54543,108714,2317024200,5,2,212040
jd2205,20220218,20220218,133415500,13:34:16,4241,54545,108714,2317109020,2,0,84820
jd2205,20220218,20220218,133416500,13:34:16,4241,54545,108714,2317109020,0,0,0
jd2205,20220218,20220218,133418500,13:34:19,4240,54546,108714,2317151420,1,0,42400
jd2205,20220218,20220218,133419500,13:34:20,4240,54546,108714,2317151420,0,0,0
jd2205,20220218,20220218,133420000,13:34:20,4241,54548,108714,2317236240,2,0,84820
jd2205,20220218,20220218,133420500,13:34:21,4241,54548,108714,2317236240,0,0,0
jd2205,20220218,20220218,133422000,13:34:24,4241,54549,108714,2317278650,1,0,42410
jd2205,20220218,20220218,133423500,13:34:24,4241,54549,108714,2317278650,0,0,0
jd2205,20220218,20220218,133424000,13:34:24,4240,54550,108714,2317321050,1,0,42400
jd2205,20220218,20220218,133424500,13:34:24,4240,54550,108714,2317321050,0,0,0
jd2205,20220218,20220218,133425500,13:34:25,4241,54551,108715,2317363460,1,1,42410
jd2205,20220218,20220218,133429000,13:34:29,4241,54558,108713,2317660330,7,-2,296870
jd2205,20220218,20220218,133429500,13:34:29,4241,54559,108713,2317702740,1,0,42410
jd2205,20220218,20220218,133431500,13:34:31,4241,54560,108713,2317745150,1,0,42410
jd2205,20220218,20220218,133432500,13:34:32,4241,54560,108713,2317745150,0,0,0
jd2205,20220218,20220218,133435000,13:34:35,4241,54564,108709,2317914790,4,-4,169640
jd2205,20220218,20220218,133435500,13:34:36,4241,54564,108709,2317914790,0,0,0
jd2205,20220218,20220218,133436000,13:34:36,4240,54566,108709,2317999590,2,0,84800
jd2205,20220218,20220218,133436500,13:34:36,4241,54567,108710,2318042000,1,1,42410
jd2205,20220218,20220218,133437000,13:34:37,4241,54567,108710,2318042000,0,0,0
jd2205,20220218,20220218,133437500,13:34:38,4241,54567,108710,2318042000,0,0,0
jd2205,20220218,20220218,133438000,13:34:38,4241,54567,108710,2318042000,0,0,0
jd2205,20220218,20220218,133438500,13:34:38,4241,54567,108710,2318042000,0,0,0
jd2205,20220218,20220218,133439000,13:34:39,4241,54567,108710,2318042000,0,0,0
jd2205,20220218,20220218,133440000,13:34:40,4240,54587,108711,2318890000,20,1,848000
jd2205,20220218,20220218,133440500,13:34:41,4240,54587,108711,2318890000,0,0,0
jd2205,20220218,20220218,133441000,13:34:41,4241,54588,108711,2318932410,1,0,42410
jd2205,20220218,20220218,133441500,13:34:42,4241,54588,108711,2318932410,0,0,0
jd2205,20220218,20220218,133442000,13:34:43,4241,54588,108711,2318932410,0,0,0
jd2205,20220218,20220218,133443000,13:34:45,4241,54588,108711,2318932410,0,0,0
jd2205,20220218,20220218,133444000,13:34:45,4241,54596,108710,2319271690,8,-1,339280
jd2205,20220218,20220218,133445000,13:34:46,4241,54596,108710,2319271690,0,0,0
jd2205,20220218,20220218,133446000,13:34:46,4241,54607,108708,2319738200,11,-2,466510
jd2205,20220218,20220218,133448500,13:34:49,4241,54607,108708,2319738200,0,0,0
jd2205,20220218,20220218,133449000,13:34:49,4240,54609,108709,2319823000,2,1,84800
jd2205,20220218,20220218,133449500,13:34:49,4240,54609,108709,2319823000,0,0,0
jd2205,20220218,20220218,133450000,13:34:51,4240,54609,108709,2319823000,0,0,0
jd2205,20220218,20220218,133455500,13:34:56,4240,54609,108709,2319823000,0,0,0
jd2205,20220218,20220218,133456000,13:34:56,4240,54609,108709,2319823000,0,0,0
jd2205,20220218,20220218,133456500,13:34:57,4240,54609,108709,2319823000,0,0,0
jd2205,20220218,20220218,133457000,13:34:57,4241,54610,108708,2319865410,1,-1,42410
jd2205,20220218,20220218,133458000,13:34:58,4241,54610,108708,2319865410,0,0,0
jd2205,20220218,20220218,133459000,13:34:59,4241,54616,108703,2320119870,6,-5,254460
jd2205,20220218,20220218,133459500,13:35:00,4241,54616,108703,2320119870,0,0,0
jd2205,20220218,20220218,133500000,13:35:00,4240,54617,108702,2320162270,1,-1,42400
jd2205,20220218,20220218,133501000,13:35:04,4241,54624,108700,2320459120,7,-2,296850
jd2205,20220218,20220218,133501500,13:35:04,4241,54624,108700,2320459120,0,0,0
jd2205,20220218,20220218,133504500,13:35:10,4241,54624,108700,2320459120,0,0,0
jd2205,20220218,20220218,133510000,13:35:10,4241,54660,108683,2321985840,36,-17,1526720
jd2205,20220218,20220218,133510500,13:35:11,4240,54663,108682,2322113060,3,-1,127220
jd2205,20220218,20220218,133511000,13:35:11,4241,54664,108682,2322155470,1,0,42410
jd2205,20220218,20220218,133511500,13:35:12,4241,54665,108682,2322197880,1,0,42410
jd2205,20220218,20220218,133512000,13:35:12,4240,54666,108681,2322240280,1,-1,42400
jd2205,20220218,20220218,133513500,13:35:14,4240,54666,108681,2322240280,0,0,0
jd2205,20220218,20220218,133514000,13:35:14,4241,54667,108680,2322282690,1,-1,42410
jd2205,20220218,20220218,133515000,13:35:15,4241,54667,108680,2322282690,0,0,0
jd2205,20220218,20220218,133515500,13:35:16,4241,54667,108680,2322282690,0,0,0
jd2205,20220218,20220218,133516000,13:35:16,4241,54667,108680,2322282690,0,0,0
jd2205,20220218,20220218,133516500,13:35:16,4241,54668,108679,2322325100,1,-1,42410
jd2205,20220218,20220218,133517000,13:35:17,4241,54668,108679,2322325100,0,0,0
jd2205,20220218,20220218,133517500,13:35:18,4241,54677,108684,2322706790,9,5,381690
jd2205,20220218,20220218,133518000,13:35:18,4241,54677,108684,2322706790,0,0,0
jd2205,20220218,20220218,133520000,13:35:20,4241,54677,108684,2322706790,0,0,0
jd2205,20220218,20220218,133521000,13:35:21,4241,54677,108684,2322706790,0,0,0
jd2205,20220218,20220218,133522000,13:35:22,4241,54677,108684,2322706790,0,0,0
jd2205,20220218,20220218,133522500,13:35:23,4241,54685,108681,2323046070,8,-3,339280
jd2205,20220218,20220218,133523000,13:35:23,4241,54686,108681,2323088480,1,0,42410
jd2205,20220218,20220218,133523500,13:35:23,4241,54686,108681,2323088480,0,0,0
jd2205,20220218,20220218,133524000,13:35:25,4242,54687,108681,2323130900,1,0,42420
jd2205,20220218,20220218,133524500,13:35:25,4242,54687,108681,2323130900,0,0,0
jd2205,20220218,20220218,133525000,13:35:25,4241,54688,108681,2323173310,1,0,42410
jd2205,20220218,20220218,133525500,13:35:26,4241,54689,108680,2323215720,1,-1,42410
jd2205,20220218,20220218,133526500,13:35:27,4242,54690,108680,2323258140,1,0,42420
jd2205,20220218,20220218,133527000,13:35:27,4242,54690,108680,2323258140,0,0,0
jd2205,20220218,20220218,133528000,13:35:32,4242,54690,108680,2323258140,0,0,0
jd2205,20220218,20220218,133528500,13:35:32,4242,54692,108681,2323342980,2,1,84840
jd2205,20220218,20220218,133531000,13:35:33,4242,54692,108681,2323342980,0,0,0
jd2205,20220218,20220218,133531500,13:35:41,4242,54692,108681,2323342980,0,0,0
jd2205,20220218,20220218,133532000,13:35:42,4242,54700,108682,2323682340,8,1,339360
jd2205,20220218,20220218,133540000,13:35:43,4242,54738,108682,2325294300,38,0,1611960
jd2205,20220218,20220218,133542000,13:35:44,4242,54740,108680,2325379140,2,-2,84840
jd2205,20220218,20220218,133543500,13:35:44,4242,54770,108673,2326651690,30,-7,1272550
jd2205,20220218,20220218,133544000,13:35:44,4242,54770,108673,2326651690,0,0,0
jd2205,20220218,20220218,133544500,13:35:45,4242,54770,108673,2326651690,0,0,0
jd2205,20220218,20220218,133545500,13:35:46,4243,54772,108673,2326736550,2,0,84860
jd2205,20220218,20220218,133546000,13:35:46,4243,54772,108673,2326736550,0,0,0
jd2205,20220218,20220218,133546500,13:35:46,4243,54776,108673,2326906270,4,0,169720
jd2205,20220218,20220218,133548000,13:35:48,4243,54776,108673,2326906270,0,0,0
jd2205,20220218,20220218,133549000,13:35:49,4242,54778,108673,2326991120,2,0,84850
jd2205,20220218,20220218,133549500,13:35:49,4242,54783,108670,2327203220,5,-3,212100
jd2205,20220218,20220218,133550000,13:35:50,4242,54783,108670,2327203220,0,0,0
jd2205,20220218,20220218,133550500,13:35:50,4243,54784,108670,2327245650,1,0,42430
jd2205,20220218,20220218,133551000,13:35:51,4242,54785,108670,2327288070,1,0,42420
jd2205,20220218,20220218,133552000,13:35:52,4243,54788,108671,2327415360,3,1,127290
jd2205,20220218,20220218,133552500,13:35:52,4243,54788,108671,2327415360,0,0,0
jd2205,20220218,20220218,133554000,13:35:55,4243,54788,108671,2327415360,0,0,0
jd2205,20220218,20220218,133554500,13:35:56,4243,54789,108671,2327457790,1,0,42430
jd2205,20220218,20220218,133555500,13:35:56,4243,54790,108672,2327500220,1,1,42430
jd2205,20220218,20220218,133556000,13:35:56,4243,54792,108672,2327585080,2,0,84860
jd2205,20220218,20220218,133556500,13:35:57,4243,54793,108673,2327627510,1,1,42430
jd2205,20220218,20220218,133557500,13:35:59,4243,54795,108671,2327712370,2,-2,84860
jd2205,20220218,20220218,133558000,13:36:01,4243,54801,108671,2327966950,6,0,254580
jd2205,20220218,20220218,133559000,13:36:03,4243,54805,108667,2328136670,4,-4,169720
jd2205,20220218,20220218,133601500,13:36:03,4243,54811,108663,2328391240,6,-4,254570
jd2205,20220218,20220218,133602500,13:36:04,4242,54819,108662,2328730660,8,-1,339420
jd2205,20220218,20220218,133603000,13:36:05,4242,54821,108661,2328815500,2,-1,84840
jd2205,20220218,20220218,133603500,13:36:05,4242,54825,108662,2328985180,4,1,169680
jd2205,20220218,20220218,133604000,13:36:06,4242,54873,108622,2331021340,48,-40,2036160
jd2205,20220218,20220218,133605000,13:36:06,4242,54873,108622,2331021340,0,0,0
jd2205,20220218,20220218,133608500,13:36:08,4242,54873,108622,2331021340,0,0,0
jd2205,20220218,20220218,133609000,13:36:09,4242,54877,108623,2331191020,4,1,169680
jd2205,20220218,20220218,133609500,13:36:10,4242,54877,108623,2331191020,0,0,0
jd2205,20220218,20220218,133610000,13:36:10,4242,54877,108623,2331191020,0,0,0
jd2205,20220218,20220218,133614000,13:36:14,4241,54879,108623,2331275840,2,0,84820
jd2205,20220218,20220218,133614500,13:36:14,4242,54893,108620,2331869720,14,-3,593880
jd2205,20220218,20220218,133615000,13:36:15,4242,54893,108620,2331869720,0,0,0
jd2205,20220218,20220218,133615500,13:36:15,4242,54893,108620,2331869720,0,0,0
jd2205,20220218,20220218,133619000,13:36:19,4242,54899,108614,2332124240,6,-6,254520
jd2205,20220218,20220218,133621000,13:36:21,4242,54899,108614,2332124240,0,0,0
jd2205,20220218,20220218,133622000,13:36:22,4242,54899,108614,2332124240,0,0,0
jd2205,20220218,20220218,133622500,13:36:22,4242,54899,108614,2332124240,0,0,0
jd2205,20220218,20220218,133626000,13:36:26,4242,54902,108611,2332251500,3,-3,127260
jd2205,20220218,20220218,133626500,13:36:27,4242,54903,108610,2332293920,1,-1,42420
jd2205,20220218,20220218,133627000,13:36:28,4242,54903,108610,2332293920,0,0,0
jd2205,20220218,20220218,133628500,13:36:29,4242,54903,108610,2332293920,0,0,0
jd2205,20220218,20220218,133629000,13:36:29,4243,54908,108605,2332506070,5,-5,212150
jd2205,20220218,20220218,133632000,13:36:32,4243,54908,108605,2332506070,0,0,0
jd2205,20220218,20220218,133632500,13:36:32,4243,54908,108605,2332506070,0,0,0
jd2205,20220218,20220218,133635000,13:36:35,4243,54908,108605,2332506070,0,0,0
jd2205,20220218,20220218,133635500,13:36:36,4243,54908,108605,2332506070,0,0,0
jd2205,20220218,20220218,133636000,13:36:36,4243,54910,108603,2332590930,2,-2,84860
jd2205,20220218,20220218,133637000,13:36:38,4242,54912,108603,2332675780,2,0,84850
jd2205,20220218,20220218,133637500,13:36:38,4243,54916,108603,2332845490,4,0,169710
jd2205,20220218,20220218,133640000,13:36:40,4243,54936,108613,2333694090,20,10,848600
jd2205,20220218,20220218,133640500,13:36:40,4243,54942,108613,2333948670,6,0,254580
jd2205,20220218,20220218,133643000,13:36:43,4243,54942,108613,2333948670,0,0,0
jd2205,20220218,20220218,133643500,13:36:44,4243,54942,108613,2333948670,0,0,0
jd2205,20220218,20220218,133644000,13:36:44,4243,54943,108612,2333991100,1,-1,42430
jd2205,20220218,20220218,133644500,13:36:44,4242,54945,108610,2334075940,2,-2,84840
jd2205,20220218,20220218,133645000,13:36:45,4242,54945,108610,2334075940,0,0,0
jd2205,20220218,20220218,133647000,13:36:47,4242,54945,108610,2334075940,0,0,0
jd2205,20220218,20220218,133647500,13:36:48,4242,54945,108610,2334075940,0,0,0
jd2205,20220218,20220218,133650000,13:36:50,4243,54953,108614,2334415380,8,4,339440
jd2205,20220218,20220218,133650500,13:36:50,4243,54965,108615,2334924540,12,1,509160
jd2205,20220218,20220218,133651500,13:36:51,4243,54965,108615,2334924540,0,0,0
jd2205,20220218,20220218,133652500,13:36:53,4243,54965,108615,2334924540,0,0,0
jd2205,20220218,20220218,133655000,13:36:55,4243,54965,108615,2334924540,0,0,0
jd2205,20220218,20220218,133655500,13:36:56,4243,54965,108615,2334924540,0,0,0
jd2205,20220218,20220218,133656000,13:36:56,4244,54966,108615,2334966980,1,0,42440
jd2205,20220218,20220218,133656500,13:36:57,4244,54973,108608,2335264060,7,-7,297080
jd2205,20220218,20220218,133657000,13:36:58,4244,54973,108608,2335264060,0,0,0
jd2205,20220218,20220218,133657500,13:36:58,4244,54973,108608,2335264060,0,0,0
jd2205,20220218,20220218,133659000,13:36:59,4244,54978,108603,2335476260,5,-5,212200
jd2205,20220218,20220218,133700500,13:37:00,4244,54979,108603,2335518700,1,0,42440
jd2205,20220218,20220218,133701000,13:37:01,4244,54992,108602,2336070410,13,-1,551710
jd2205,20220218,20220218,133701500,13:37:02,4243,54994,108600,2336155270,2,-2,84860
jd2205,20220218,20220218,133702000,13:37:02,4243,55001,108595,2336452300,7,-5,297030
jd2205,20220218,20220218,133702500,13:37:03,4243,55001,108595,2336452300,0,0,0
jd2205,20220218,20220218,133703000,13:37:03,4243,55001,108595,2336452300,0,0,0
jd2205,20220218,20220218,133704500,13:37:05,4243,55001,108595,2336452300,0,0,0
jd2205,20220218,20220218,133706000,13:37:08,4244,55010,108586,2336834260,9,-9,381960
jd2205,20220218,20220218,133706500,13:37:08,4244,55010,108586,2336834260,0,0,0
jd2205,20220218,20220218,133707000,13:37:08,4244,55010,108586,2336834260,0,0,0
jd2205,20220218,20220218,133707500,13:37:08,4243,55015,108583,2337046410,5,-3,212150
jd2205,20220218,20220218,133708000,13:37:08,4243,55016,108584,2337088840,1,1,42430
jd2205,20220218,20220218,133708500,13:37:08,4244,55018,108582,2337173720,2,-2,84880
jd2205,20220218,20220218,133709000,13:37:09,4244,55018,108582,2337173720,0,0,0
jd2205,20220218,20220218,133710000,13:37:11,4244,55018,108582,2337173720,0,0,0
jd2205,20220218,20220218,133710500,13:37:11,4244,55018,108582,2337173720,0,0,0
jd2205,20220218,20220218,133711500,13:37:13,4244,55018,108582,2337173720,0,0,0
jd2205,20220218,20220218,133712000,13:37:13,4243,55020,108584,2337258580,2,2,84860
jd2205,20220218,20220218,133712500,13:37:13,4243,55020,108584,2337258580,0,0,0
jd2205,20220218,20220218,133714000,13:37:14,4243,55021,108584,2337301010,1,0,42430
jd2205,20220218,20220218,133716000,13:37:16,4244,55028,108584,2337598090,7,0,297080
jd2205,20220218,20220218,133716500,13:37:17,4243,55029,108585,2337640520,1,1,42430
jd2205,20220218,20220218,133717000,13:37:17,4244,55033,108585,2337810280,4,0,169760
jd2205,20220218,20220218,133718500,13:37:19,4244,55033,108585,2337810280,0,0,0
jd2205,20220218,20220218,133720500,13:37:21,4244,55034,108585,2337852720,1,0,42440
jd2205,20220218,20220218,133721000,13:37:21,4244,55035,108584,2337895160,1,-1,42440
jd2205,20220218,20220218,133723000,13:37:23,4243,55038,108584,2338022460,3,0,127300
jd2205,20220218,20220218,133726500,13:37:27,4244,55039,108584,2338064900,1,0,42440
jd2205,20220218,20220218,133727000,13:37:27,4244,55040,108584,2338107340,1,0,42440
jd2205,20220218,20220218,133728000,13:37:28,4243,55041,108584,2338149770,1,0,42430
jd2205,20220218,20220218,133729000,13:37:29,4244,55048,108579,2338446840,7,-5,297070
jd2205,20220218,20220218,133729500,13:37:30,4243,55049,108580,2338489270,1,1,42430
jd2205,20220218,20220218,133730000,13:37:30,4244,55050,108579,2338531710,1,-1,42440
jd2205,20220218,20220218,133730500,13:37:31,4244,55066,108567,2339210710,16,-12,679000
jd2205,20220218,20220218,133731500,13:37:31,4244,55068,108565,2339295590,2,-2,84880
jd2205,20220218,20220218,133732000,13:37:32,4244,55068,108565,2339295590,0,0,0
jd2205,20220218,20220218,133733500,13:37:33,4243,55072,108563,2339465310,4,-2,169720
jd2205,20220218,20220218,133734000,13:37:34,4243,55072,108563,2339465310,0,0,0
jd2205,20220218,20220218,133734500,13:37:34,4243,55077,108560,2339677460,5,-3,212150
jd2205,20220218,20220218,133736000,13:37:36,4244,55079,108559,2339762340,2,-1,84880
jd2205,20220218,20220218,133737500,13:37:37,4244,55081,108559,2339847220,2,0,84880
jd2205,20220218,20220218,133738500,13:37:39,4244,55081,108559,2339847220,0,0,0
jd2205,20220218,20220218,133739000,13:37:39,4244,55085,108561,2340016950,4,2,169730
jd2205,20220218,20220218,133740500,13:37:40,4244,55086,108561,2340059390,1,0,42440
jd2205,20220218,20220218,133742000,13:37:42,4244,55087,108561,2340101830,1,0,42440
jd2205,20220218,20220218,133742500,13:37:43,4244,55087,108561,2340101830,0,0,0
jd2205,20220218,20220218,133744000,13:37:44,4244,55088,108560,2340144270,1,-1,42440
jd2205,20220218,20220218,133744500,13:37:45,4244,55088,108560,2340144270,0,0,0
jd2205,20220218,20220218,133745000,13:37:45,4243,55089,108560,2340186700,1,0,42430
jd2205,20220218,20220218,133747000,13:37:47,4243,55089,108560,2340186700,0,0,0
jd2205,20220218,20220218,133747500,13:37:48,4244,55091,108559,2340271570,2,-1,84870
jd2205,20220218,20220218,133749500,13:37:49,4244,55091,108559,2340271570,0,0,0
jd2205,20220218,20220218,133750500,13:37:51,4243,55103,108559,2340780730,12,0,509160
jd2205,20220218,20220218,133751000,13:37:51,4243,55103,108559,2340780730,0,0,0
jd2205,20220218,20220218,133752500,13:37:53,4244,55104,108558,2340823170,1,-1,42440
jd2205,20220218,20220218,133759000,13:37:59,4244,55108,108554,2340992930,4,-4,169760
jd2205,20220218,20220218,133800500,13:38:02,4244,55108,108554,2340992930,0,0,0
jd2205,20220218,20220218,133801000,13:38:02,4243,55120,108545,2341502090,12,-9,509160
jd2205,20220218,20220218,133801500,13:38:03,4243,55124,108545,2341671810,4,0,169720
jd2205,20220218,20220218,133802500,13:38:05,4243,55126,108547,2341756670,2,2,84860
jd2205,20220218,20220218,133803000,13:38:06,4243,55126,108547,2341756670,0,0,0
jd2205,20220218,20220218,133806000,13:38:09,4243,55128,108546,2341841530,2,-1,84860
jd2205,20220218,20220218,133806500,13:38:09,4243,55129,108546,2341883960,1,0,42430
jd2205,20220218,20220218,133808500,13:38:09,4244,55130,108546,2341926400,1,0,42440
jd2205,20220218,20220218,133811000,13:38:11,4244,55130,108546,2341926400,0,0,0
jd2205,20220218,20220218,133813500,13:38:15,4244,55136,108542,2342181020,6,-4,254620
jd2205,20220218,20220218,133815500,13:38:17,4243,55137,108541,2342223450,1,-1,42430
jd2205,20220218,20220218,133817000,13:38:18,4243,55137,108541,2342223450,0,0,0
jd2205,20220218,20220218,133817500,13:38:18,4244,55297,108582,2349014900,160,41,6791450
jd2205,20220218,20220218,133818500,13:38:19,4245,55298,108582,2349057350,1,0,42450
jd2205,20220218,20220218,133819000,13:38:19,4246,55323,108569,2350118840,25,-13,1061490
jd2205,20220218,20220218,133819500,13:38:19,4246,55336,108564,2350670790,13,-5,551950
jd2205,20220218,20220218,133820000,13:38:20,4247,55337,108563,2350713260,1,-1,42470
jd2205,20220218,20220218,133820500,13:38:22,4247,55346,108560,2351095390,9,-3,382130
jd2205,20220218,20220218,133821000,13:38:22,4247,55354,108560,2351435150,8,0,339760
jd2205,20220218,20220218,133822500,13:38:23,4246,55355,108560,2351477610,1,0,42460
jd2205,20220218,20220218,133823000,13:38:23,4246,55361,108560,2351732370,6,0,254760
jd2205,20220218,20220218,133823500,13:38:24,4246,55361,108560,2351732370,0,0,0
jd2205,20220218,20220218,133824000,13:38:24,4246,55361,108560,2351732370,0,0,0
jd2205,20220218,20220218,133824500,13:38:32,4245,55362,108559,2351774820,1,-1,42450
jd2205,20220218,20220218,133825000,13:38:41,4246,55372,108549,2352199420,10,-10,424600
jd2205,20220218,20220218,133840500,13:38:43,4244,55546,108497,2359585090,174,-52,7385670
jd2205,20220218,20220218,133841000,13:38:43,4244,55546,108497,2359585090,0,0,0
jd2205,20220218,20220218,133842000,13:38:43,4245,55551,108500,2359797340,5,3,212250
jd2205,20220218,20220218,133842500,13:38:43,4245,55551,108500,2359797340,0,0,0
jd2205,20220218,20220218,133843500,13:38:44,4245,55552,108499,2359839790,1,-1,42450
jd2205,20220218,20220218,133844000,13:38:44,4245,55552,108499,2359839790,0,0,0
jd2205,20220218,20220218,133844500,13:38:44,4245,55555,108497,2359967140,3,-2,127350
jd2205,20220218,20220218,133845000,13:38:45,4245,55555,108497,2359967140,0,0,0
jd2205,20220218,20220218,133846000,13:38:46,4245,55555,108497,2359967140,0,0,0
jd2205,20220218,20220218,133847000,13:38:47,4245,55555,108497,2359967140,0,0,0
jd2205,20220218,20220218,133847500,13:38:47,4246,55556,108496,2360009600,1,-1,42460
jd2205,20220218,20220218,133851000,13:38:51,4245,55557,108497,2360052050,1,1,42450
jd2205,20220218,20220218,133853000,13:38:53,4245,55560,108500,2360179400,3,3,127350
jd2205,20220218,20220218,133856500,13:38:56,4245,55561,108501,2360221850,1,1,42450
jd2205,20220218,20220218,133857000,13:38:57,4246,55563,108501,2360306760,2,0,84910
jd2205,20220218,20220218,133859500,13:38:59,4246,55564,108501,2360349220,1,0,42460
jd2205,20220218,20220218,133901000,13:39:01,4245,55573,108499,2360731270,9,-2,382050
jd2205,20220218,20220218,133901500,13:39:01,4244,55582,108499,2361113230,9,0,381960
jd2205,20220218,20220218,133902000,13:39:02,4245,55583,108498,2361155680,1,-1,42450
jd2205,20220218,20220218,133906000,13:39:06,4245,55584,108499,2361198130,1,1,42450
jd2205,20220218,20220218,133907500,13:39:07,4245,55588,108497,2361367930,4,-2,169800
jd2205,20220218,20220218,133908500,13:39:08,4245,55588,108497,2361367930,0,0,0
jd2205,20220218,20220218,133910500,13:39:10,4245,55588,108497,2361367930,0,0,0
jd2205,20220218,20220218,133913500,13:39:13,4245,55591,108496,2361495280,3,-1,127350
jd2205,20220218,20220218,133914000,13:39:15,4246,55597,108492,2361750010,6,-4,254730
jd2205,20220218,20220218,133914500,13:39:15,4245,55629,108476,2363108480,32,-16,1358470
jd2205,20220218,20220218,133915000,13:39:18,4245,55630,108476,2363150930,1,0,42450
jd2205,20220218,20220218,133915500,13:39:19,4245,55630,108476,2363150930,0,0,0
jd2205,20220218,20220218,133916000,13:39:19,4245,55632,108476,2363235830,2,0,84900
jd2205,20220218,20220218,133918000,13:39:19,4245,55633,108476,2363278280,1,0,42450
jd2205,20220218,20220218,133919000,13:39:19,4245,55633,108476,2363278280,0,0,0
jd2205,20220218,20220218,133920500,13:39:20,4245,55633,108476,2363278280,0,0,0
jd2205,20220218,20220218,133924000,13:39:24,4245,55633,108476,2363278280,0,0,0
jd2205,20220218,20220218,133925000,13:39:25,4245,55634,108477,2363320730,1,1,42450
jd2205,20220218,20220218,133930500,13:39:30,4245,55635,108477,2363363180,1,0,42450
jd2205,20220218,20220218,133937000,13:39:37,4245,55635,108477,2363363180,0,0,0
jd2205,20220218,20220218,133937500,13:39:37,4245,55635,108477,2363363180,0,0,0
jd2205,20220218,20220218,133943000,13:39:43,4245,55636,108477,2363405630,1,0,42450
jd2205,20220218,20220218,133944000,13:39:44,4245,55637,108477,2363448080,1,0,42450
jd2205,20220218,20220218,133945000,13:39:45,4245,55637,108477,2363448080,0,0,0
jd2205,20220218,20220218,133945500,13:39:46,4245,55645,108473,2363787680,8,-4,339600
jd2205,20220218,20220218,133946000,13:39:47,4245,55671,108478,2364891580,26,5,1103900
jd2205,20220218,20220218,133947000,13:39:47,4246,55672,108479,2364934040,1,1,42460
jd2205,20220218,20220218,133947500,13:39:47,4245,55673,108479,2364976490,1,0,42450
jd2205,20220218,20220218,133953000,13:39:54,4245,55693,108481,2365825490,20,2,849000
jd2205,20220218,20220218,133953500,13:39:54,4245,55693,108481,2365825490,0,0,0
jd2205,20220218,20220218,133954000,13:39:55,4245,55693,108481,2365825490,0,0,0
jd2205,20220218,20220218,133954500,13:39:55,4245,55695,108480,2365910390,2,-1,84900
jd2205,20220218,20220218,133955000,13:39:55,4245,55695,108480,2365910390,0,0,0
jd2205,20220218,20220218,133956000,13:39:56,4246,55696,108480,2365952850,1,0,42460
jd2205,20220218,20220218,133956500,13:39:57,4246,55697,108481,2365995310,1,1,42460
jd2205,20220218,20220218,133957500,13:40:13,4246,55697,108481,2365995310,0,0,0
jd2205,20220218,20220218,133958000,13:40:13,4246,55697,108481,2365995310,0,0,0
jd2205,20220218,20220218,134012500,13:40:13,4244,55735,108482,2367608570,38,1,1613260
jd2205,20220218,20220218,134013000,13:40:13,4244,55735,108482,2367608570,0,0,0
jd2205,20220218,20220218,134014500,13:40:15,4244,55735,108482,2367608570,0,0,0
jd2205,20220218,20220218,134015000,13:40:16,4245,55740,108482,2367820820,5,0,212250
jd2205,20220218,20220218,134015500,13:40:16,4245,55740,108482,2367820820,0,0,0
jd2205,20220218,20220218,134016000,13:40:16,4244,55748,108480,2368160410,8,-2,339590
jd2205,20220218,20220218,134019500,13:40:20,4244,55749,108480,2368202850,1,0,42440
jd2205,20220218,20220218,134020000,13:40:20,4245,55754,108476,2368415100,5,-4,212250
jd2205,20220218,20220218,134020500,13:40:21,4245,55755,108476,2368457550,1,0,42450
jd2205,20220218,20220218,134021000,13:40:21,4245,55755,108476,2368457550,0,0,0
jd2205,20220218,20220218,134023000,13:40:23,4245,55755,108476,2368457550,0,0,0
jd2205,20220218,20220218,134024000,13:40:24,4245,55759,108472,2368627350,4,-4,169800
jd2205,20220218,20220218,134025500,13:40:26,4244,55763,108472,2368797110,4,0,169760
jd2205,20220218,20220218,134027500,13:40:27,4245,55768,108472,2369009320,5,0,212210
jd2205,20220218,20220218,134028000,13:40:28,4245,55768,108472,2369009320,0,0,0
jd2205,20220218,20220218,134029500,13:40:30,4245,55768,108472,2369009320,0,0,0
jd2205,20220218,20220218,134030500,13:40:31,4245,55768,108472,2369009320,0,0,0
jd2205,20220218,20220218,134037000,13:40:37,4245,55768,108472,2369009320,0,0,0
jd2205,20220218,20220218,134037500,13:40:37,4245,55768,108472,2369009320,0,0,0
jd2205,20220218,20220218,134038500,13:40:39,4245,55768,108472,2369009320,0,0,0
jd2205,20220218,20220218,134041000,13:40:42,4245,55768,108472,2369009320,0,0,0
jd2205,20220218,20220218,134041500,13:40:42,4245,55769,108472,2369051770,1,0,42450
jd2205,20220218,20220218,134044500,13:40:44,4245,55769,108472,2369051770,0,0,0
jd2205,20220218,20220218,134049000,13:40:49,4244,55770,108472,2369094210,1,0,42440
jd2205,20220218,20220218,134051500,13:40:55,4245,55771,108472,2369136660,1,0,42450
jd2205,20220218,20220218,134052500,13:40:55,4245,55772,108472,2369179110,1,0,42450
jd2205,20220218,20220218,134054500,13:40:55,4245,55772,108472,2369179110,0,0,0
jd2205,20220218,20220218,134056500,13:40:58,4245,55774,108470,2369264000,2,-2,84890
jd2205,20220218,20220218,134059500,13:41:00,4245,55775,108470,2369306450,1,0,42450
jd2205,20220218,20220218,134101000,13:41:01,4244,55781,108469,2369561140,6,-1,254690
jd2205,20220218,20220218,134102500,13:41:02,4244,55782,108468,2369603580,1,-1,42440
jd2205,20220218,20220218,134103000,13:41:05,4244,55783,108467,2369646020,1,-1,42440
jd2205,20220218,20220218,134105000,13:41:06,4244,55785,108465,2369730900,2,-2,84880
jd2205,20220218,20220218,134106500,13:41:07,4244,55786,108465,2369773340,1,0,42440
jd2205,20220218,20220218,134108500,13:41:10,4244,55788,108463,2369858220,2,-2,84880
jd2205,20220218,20220218,134109000,13:41:10,4244,55788,108463,2369858220,0,0,0
jd2205,20220218,20220218,134110000,13:41:10,4244,55788,108463,2369858220,0,0,0
jd2205,20220218,20220218,134111000,13:41:11,4244,55791,108461,2369985540,3,-2,127320
jd2205,20220218,20220218,134113500,13:41:13,4244,55791,108461,2369985540,0,0,0
jd2205,20220218,20220218,134114500,13:41:16,4244,55793,108459,2370070420,2,-2,84880
jd2205,20220218,20220218,134115000,13:41:16,4244,55793,108459,2370070420,0,0,0
jd2205,20220218,20220218,134117000,13:41:17,4244,55794,108458,2370112860,1,-1,42440
jd2205,20220218,20220218,134117500,13:41:18,4245,55795,108458,2370155310,1,0,42450
jd2205,20220218,20220218,134118000,13:41:19,4244,55799,108454,2370325070,4,-4,169760
jd2205,20220218,20220218,134119500,13:41:20,4245,55804,108451,2370537320,5,-3,212250
jd2205,20220218,20220218,134121000,13:41:23,4244,55807,108448,2370664640,3,-3,127320
jd2205,20220218,20220218,134121500,13:41:23,4244,55807,108448,2370664640,0,0,0
jd2205,20220218,20220218,134122000,13:41:24,4245,55808,108448,2370707090,1,0,42450
jd2205,20220218,20220218,134123000,13:41:24,4244,55809,108447,2370749530,1,-1,42440
jd2205,20220218,20220218,134123500,13:41:24,4244,55809,108447,2370749530,0,0,0
jd2205,20220218,20220218,134124500,13:41:26,4244,55811,108445,2370834410,2,-2,84880
jd2205,20220218,20220218,134125000,13:41:26,4244,55811,108445,2370834410,0,0,0
jd2205,20220218,20220218,134126500,13:41:27,4245,55816,108441,2371046660,5,-4,212250
jd2205,20220218,20220218,134127000,13:41:27,4245,55816,108441,2371046660,0,0,0
jd2205,20220218,20220218,134127500,13:41:27,4245,55817,108441,2371089110,1,0,42450
jd2205,20220218,20220218,134128500,13:41:28,4245,55818,108441,2371131560,1,0,42450
jd2205,20220218,20220218,134130500,13:41:31,4244,55819,108440,2371174000,1,-1,42440
jd2205,20220218,20220218,134135500,13:41:35,4244,55820,108439,2371216440,1,-1,42440
jd2205,20220218,20220218,134136000,13:41:39,4245,55824,108435,2371386240,4,-4,169800
jd2205,20220218,20220218,134136500,13:41:39,4245,55824,108435,2371386240,0,0,0
jd2205,20220218,20220218,134139500,13:41:42,4245,55838,108424,2371980540,14,-11,594300
jd2205,20220218,20220218,134144500,13:41:44,4244,55839,108423,2372022980,1,-1,42440
jd2205,20220218,20220218,134145000,13:41:45,4244,55839,108423,2372022980,0,0,0
jd2205,20220218,20220218,134145500,13:41:45,4244,55843,108421,2372192740,4,-2,169760
jd2205,20220218,20220218,134148000,13:41:48,4244,55843,108421,2372192740,0,0,0
jd2205,20220218,20220218,134149000,13:41:49,4245,55844,108421,2372235190,1,0,42450
jd2205,20220218,20220218,134152000,13:41:52,4245,55847,108419,2372362520,3,-2,127330
jd2205,20220218,20220218,134152500,13:41:53,4245,55848,108419,2372404970,1,0,42450
jd2205,20220218,20220218,134154500,13:42:02,4245,55848,108419,2372404970,0,0,0
jd2205,20220218,20220218,134202000,13:42:10,4244,55866,108410,2373168980,18,-9,764010
jd2205,20220218,20220218,134202500,13:42:11,4244,55866,108410,2373168980,0,0,0
jd2205,20220218,20220218,134209500,13:42:12,4245,55911,108416,2375079250,45,6,1910270
jd2205,20220218,20220218,134211000,13:42:12,4246,55916,108417,2375291550,5,1,212300
jd2205,20220218,20220218,134211500,13:42:12,4246,55916,108417,2375291550,0,0,0
jd2205,20220218,20220218,134215500,13:42:16,4246,55917,108417,2375334010,1,0,42460
jd2205,20220218,20220218,134216000,13:42:16,4246,55917,108417,2375334010,0,0,0
jd2205,20220218,20220218,134216500,13:42:17,4246,55917,108417,2375334010,0,0,0
jd2205,20220218,20220218,134218500,13:42:20,4246,55917,108417,2375334010,0,0,0
jd2205,20220218,20220218,134219000,13:42:20,4245,55926,108417,2375716130,9,0,382120
jd2205,20220218,20220218,134220000,13:42:20,4245,55926,108417,2375716130,0,0,0
jd2205,20220218,20220218,134220500,13:42:21,4245,55930,108416,2375885930,4,-1,169800
jd2205,20220218,20220218,134221000,13:42:21,4245,55931,108416,2375928380,1,0,42450
jd2205,20220218,20220218,134221500,13:42:21,4246,55933,108416,2376013290,2,0,84910
jd2205,20220218,20220218,134223000,13:42:23,4246,55934,108417,2376055750,1,1,42460
jd2205,20220218,20220218,134224000,13:42:25,4246,55935,108418,2376098210,1,1,42460
jd2205,20220218,20220218,134224500,13:42:25,4246,55935,108418,2376098210,0,0,0
jd2205,20220218,20220218,134225000,13:42:25,4245,55936,108418,2376140660,1,0,42450
jd2205,20220218,20220218,134225500,13:42:25,4245,55937,108418,2376183110,1,0,42450
jd2205,20220218,20220218,134226500,13:42:27,4244,55938,108418,2376225550,1,0,42440
jd2205,20220218,20220218,134227000,13:42:28,4244,55938,108418,2376225550,0,0,0
jd2205,20220218,20220218,134227500,13:42:29,4246,55940,108417,2376310460,2,-1,84910
jd2205,20220218,20220218,134228000,13:42:29,4246,55940,108417,2376310460,0,0,0
jd2205,20220218,20220218,134255000,13:42:55,4246,55941,108417,2376352920,1,0,42460
jd2205,20220218,20220218,134255500,13:42:55,4246,55943,108418,2376437840,2,1,84920
jd2205,20220218,20220218,134256000,13:42:56,4245,55944,108418,2376480290,1,0,42450
jd2205,20220218,20220218,134256500,13:42:57,4245,55944,108418,2376480290,0,0,0
jd2205,20220218,20220218,134257000,13:42:59,4245,55963,108418,2377286870,19,0,806580
jd2205,20220218,20220218,134257500,13:42:59,4245,55966,108418,2377414220,3,0,127350
jd2205,20220218,20220218,134259000,13:42:59,4245,55966,108418,2377414220,0,0,0
jd2205,20220218,20220218,134259500,13:43:01,4245,55968,108418,2377499120,2,0,84900
jd2205,20220218,20220218,134300000,13:43:01,4244,55969,108418,2377541560,1,0,42440
jd2205,20220218,20220218,134301000,13:43:02,4245,55974,108416,2377753790,5,-2,212230
jd2205,20220218,20220218,134301500,13:43:02,4245,55991,108399,2378475440,17,-17,721650
jd2205,20220218,20220218,134302000,13:43:02,4246,55994,108399,2378602820,3,0,127380
jd2205,20220218,20220218,134302500,13:43:03,4246,55994,108399,2378602820,0,0,0
jd2205,20220218,20220218,134303000,13:43:05,4246,55994,108399,2378602820,0,0,0
jd2205,20220218,20220218,134304000,13:43:11,4246,55994,108399,2378602820,0,0,0
jd2205,20220218,20220218,134305000,13:43:11,4245,56000,108400,2378857520,6,1,254700
jd2205,20220218,20220218,134310000,13:43:12,4245,56000,108400,2378857520,0,0,0
jd2205,20220218,20220218,134313500,13:43:14,4245,56000,108400,2378857520,0,0,0
jd2205,20220218,20220218,134316500,13:43:16,4245,56000,108400,2378857520,0,0,0
jd2205,20220218,20220218,134317000,13:43:17,4245,56010,108400,2379282010,10,0,424490
jd2205,20220218,20220218,134318000,13:43:18,4244,56011,108399,2379324450,1,-1,42440
jd2205,20220218,20220218,134319000,13:43:19,4245,56016,108404,2379536700,5,5,212250
jd2205,20220218,20220218,134320000,13:43:20,4244,56017,108403,2379579140,1,-1,42440
jd2205,20220218,20220218,134322500,13:43:23,4244,56018,108402,2379621580,1,-1,42440
jd2205,20220218,20220218,134323000,13:43:23,4244,56020,108402,2379706460,2,0,84880
jd2205,20220218,20220218,134323500,13:43:24,4245,56021,108402,2379748910,1,0,42450
jd2205,20220218,20220218,134324000,13:43:24,4245,56021,108402,2379748910,0,0,0
jd2205,20220218,20220218,134324500,13:43:24,4245,56034,108406,2380300760,13,4,551850
jd2205,20220218,20220218,134325000,13:43:25,4245,56035,108405,2380343210,1,-1,42450
jd2205,20220218,20220218,134328000,13:43:29,4245,56035,108405,2380343210,0,0,0
jd2205,20220218,20220218,134328500,13:43:29,4245,56036,108405,2380385660,1,0,42450
jd2205,20220218,20220218,134332000,13:43:32,4245,56036,108405,2380385660,0,0,0
jd2205,20220218,20220218,134332500,13:43:32,4245,56036,108405,2380385660,0,0,0
jd2205,20220218,20220218,134335000,13:43:35,4245,56036,108405,2380385660,0,0,0
jd2205,20220218,20220218,134336000,13:43:36,4245,56036,108405,2380385660,0,0,0
jd2205,20220218,20220218,134336500,13:43:37,4244,56037,108404,2380428100,1,-1,42440
jd2205,20220218,20220218,134337000,13:43:37,4244,56039,108404,2380512980,2,0,84880
jd2205,20220218,20220218,134354000,13:44:04,4244,56057,108413,2381276940,18,9,763960
jd2205,20220218,20220218,134402000,13:44:04,4244,56057,108413,2381276940,0,0,0
jd2205,20220218,20220218,134404000,13:44:04,4244,56068,108419,2381743870,11,6,466930
jd2205,20220218,20220218,134406500,13:44:06,4245,56072,108416,2381913670,4,-3,169800
jd2205,20220218,20220218,134407000,13:44:07,4245,56073,108416,2381956120,1,0,42450
jd2205,20220218,20220218,134410500,13:44:17,4245,56073,108416,2381956120,0,0,0
jd2205,20220218,20220218,134417000,13:44:17,4245,56073,108416,2381956120,0,0,0
jd2205,20220218,20220218,134418000,13:44:18,4244,56082,108412,2382338140,9,-4,382020
jd2205,20220218,20220218,134418500,13:44:19,4244,56082,108412,2382338140,0,0,0
jd2205,20220218,20220218,134421000,13:44:23,4244,56082,108412,2382338140,0,0,0
jd2205,20220218,20220218,134423000,13:44:23,4245,56084,108413,2382423040,2,1,84900
jd2205,20220218,20220218,134423500,13:44:24,4245,56084,108413,2382423040,0,0,0
jd2205,20220218,20220218,134425000,13:44:25,4244,56086,108411,2382507920,2,-2,84880
jd2205,20220218,20220218,134426000,13:44:26,4244,56086,108411,2382507920,0,0,0
jd2205,20220218,20220218,134428500,13:44:29,4244,56087,108410,2382550360,1,-1,42440
jd2205,20220218,20220218,134430000,13:44:37,4244,56087,108410,2382550360,0,0,0
jd2205,20220218,20220218,134435500,13:44:37,4244,56092,108409,2382762580,5,-1,212220
jd2205,20220218,20220218,134438000,13:44:38,4244,56092,108409,2382762580,0,0,0
jd2205,20220218,20220218,134438500,13:44:38,4244,56092,108409,2382762580,0,0,0
jd2205,20220218,20220218,134439000,13:44:39,4245,56093,108410,2382805030,1,1,42450
jd2205,20220218,20220218,134440000,13:44:40,4244,56095,108411,2382889910,2,1,84880
jd2205,20220218,20220218,134440500,13:44:40,4244,56096,108411,2382932350,1,0,42440
jd2205,20220218,20220218,134441000,13:44:41,4244,56096,108411,2382932350,0,0,0
jd2205,20220218,20220218,134442500,13:44:42,4244,56097,108410,2382974790,1,-1,42440
jd2205,20220218,20220218,134446000,13:44:46,4244,56111,108398,2383568950,14,-12,594160
jd2205,20220218,20220218,134446500,13:44:46,4244,56113,108400,2383653830,2,2,84880
jd2205,20220218,20220218,134449000,13:44:49,4244,56113,108400,2383653830,0,0,0
jd2205,20220218,20220218,134450000,13:44:50,4245,56118,108402,2383866080,5,2,212250
jd2205,20220218,20220218,134451000,13:44:51,4244,56120,108403,2383950970,2,1,84890
jd2205,20220218,20220218,134454500,13:44:55,4244,56120,108403,2383950970,0,0,0
jd2205,20220218,20220218,134459000,13:44:59,4244,56120,108403,2383950970,0,0,0
jd2205,20220218,20220218,134459500,13:44:59,4244,56121,108404,2383993410,1,1,42440
jd2205,20220218,20220218,134503000,13:45:03,4244,56122,108404,2384035850,1,0,42440
jd2205,20220218,20220218,134503500,13:45:04,4245,56123,108404,2384078300,1,0,42450
jd2205,20220218,20220218,134504000,13:45:08,4245,56125,108404,2384163200,2,0,84900
jd2205,20220218,20220218,134504500,13:45:08,4245,56125,108404,2384163200,0,0,0
jd2205,20220218,20220218,134508000,13:45:09,4245,56125,108404,2384163200,0,0,0
jd2205,20220218,20220218,134508500,13:45:09,4245,56125,108404,2384163200,0,0,0
jd2205,20220218,20220218,134510000,13:45:10,4245,56138,108400,2384714940,13,-4,551740
jd2205,20220218,20220218,134510500,13:45:10,4245,56138,108400,2384714940,0,0,0
jd2205,20220218,20220218,134511000,13:45:11,4245,56138,108400,2384714940,0,0,0
jd2205,20220218,20220218,134511500,13:45:11,4245,56138,108400,2384714940,0,0,0
jd2205,20220218,20220218,134512000,13:45:12,4244,56139,108400,2384757380,1,0,42440
jd2205,20220218,20220218,134512500,13:45:13,4245,56140,108400,2384799830,1,0,42450
jd2205,20220218,20220218,134513500,13:45:14,4244,56146,108404,2385054470,6,4,254640
jd2205,20220218,20220218,134514000,13:45:15,4244,56146,108404,2385054470,0,0,0
jd2205,20220218,20220218,134514500,13:45:16,4244,56151,108404,2385266670,5,0,212200
jd2205,20220218,20220218,134515000,13:45:16,4244,56151,108404,2385266670,0,0,0
jd2205,20220218,20220218,134516000,13:45:17,4244,56180,108406,2386497430,29,2,1230760
jd2205,20220218,20220218,134516500,13:45:17,4243,56185,108408,2386709580,5,2,212150
jd2205,20220218,20220218,134517000,13:45:19,4243,56185,108408,2386709580,0,0,0
jd2205,20220218,20220218,134518000,13:45:21,4243,56190,108408,2386921730,5,0,212150
jd2205,20220218,20220218,134518500,13:45:22,4244,56209,108390,2387728090,19,-18,806360
jd2205,20220218,20220218,134520500,13:45:23,4244,56216,108389,2388025170,7,-1,297080
jd2205,20220218,20220218,134521000,13:45:23,4244,56216,108389,2388025170,0,0,0
jd2205,20220218,20220218,134523000,13:45:24,4244,56217,108389,2388067610,1,0,42440
jd2205,20220218,20220218,134523500,13:45:24,4244,56217,108389,2388067610,0,0,0
jd2205,20220218,20220218,134524000,13:45:24,4244,56217,108389,2388067610,0,0,0
jd2205,20220218,20220218,134524500,13:45:25,4244,56217,108389,2388067610,0,0,0
jd2205,20220218,20220218,134526500,13:45:29,4244,56218,108389,2388110050,1,0,42440
jd2205,20220218,20220218,134527500,13:45:30,4244,56218,108389,2388110050,0,0,0
jd2205,20220218,20220218,134528000,13:45:30,4244,56218,108389,2388110050,0,0,0
jd2205,20220218,20220218,134529500,13:45:30,4244,56219,108390,2388152490,1,1,42440
jd2205,20220218,20220218,134530000,13:45:30,4244,56219,108390,2388152490,0,0,0
jd2205,20220218,20220218,134532500,13:45:33,4244,56219,108390,2388152490,0,0,0
jd2205,20220218,20220218,134533000,13:45:33,4244,56219,108390,2388152490,0,0,0
jd2205,20220218,20220218,134533500,13:45:34,4244,56219,108390,2388152490,0,0,0
jd2205,20220218,20220218,134534500,13:45:35,4244,56220,108390,2388194930,1,0,42440
jd2205,20220218,20220218,134535000,13:45:35,4244,56221,108389,2388237370,1,-1,42440
jd2205,20220218,20220218,134538500,13:45:39,4244,56221,108389,2388237370,0,0,0
jd2205,20220218,20220218,134540000,13:45:40,4245,56222,108388,2388279820,1,-1,42450
jd2205,20220218,20220218,134540500,13:45:40,4245,56222,108388,2388279820,0,0,0
jd2205,20220218,20220218,134545500,13:45:46,4245,56223,108388,2388322270,1,0,42450
jd2205,20220218,20220218,134546000,13:45:47,4244,56224,108388,2388364710,1,0,42440
jd2205,20220218,20220218,134546500,13:45:47,4244,56230,108387,2388619350,6,-1,254640
jd2205,20220218,20220218,134547500,13:45:47,4244,56230,108387,2388619350,0,0,0
jd2205,20220218,20220218,134548000,13:45:48,4244,56230,108387,2388619350,0,0,0
jd2205,20220218,20220218,134548500,13:45:48,4244,56230,108387,2388619350,0,0,0
jd2205,20220218,20220218,134551000,13:45:54,4244,56230,108387,2388619350,0,0,0
jd2205,20220218,20220218,134552000,13:45:54,4244,56230,108387,2388619350,0,0,0
jd2205,20220218,20220218,134555000,13:45:56,4244,56230,108387,2388619350,0,0,0
jd2205,20220218,20220218,134555500,13:45:56,4243,56231,108386,2388661780,1,-1,42430
jd2205,20220218,20220218,134556000,13:45:58,4244,56234,108386,2388789100,3,0,127320
jd2205,20220218,20220218,134559500,13:46:01,4244,56237,108384,2388916400,3,-2,127300
jd2205,20220218,20220218,134601000,13:46:01,4244,56239,108384,2389001280,2,0,84880
jd2205,20220218,20220218,134601500,13:46:02,4244,56239,108384,2389001280,0,0,0
jd2205,20220218,20220218,134603500,13:46:04,4244,56239,108384,2389001280,0,0,0
jd2205,20220218,20220218,134604000,13:46:05,4243,56243,108381,2389171000,4,-3,169720
jd2205,20220218,20220218,134608000,13:46:08,4243,56246,108379,2389298290,3,-2,127290
jd2205,20220218,20220218,134609000,13:46:09,4243,56246,108379,2389298290,0,0,0
jd2205,20220218,20220218,134611500,13:46:11,4243,56247,108379,2389340720,1,0,42430
jd2205,20220218,20220218,134613000,13:46:13,4244,56248,108378,2389383160,1,-1,42440
jd2205,20220218,20220218,134616000,13:46:17,4244,56248,108378,2389383160,0,0,0
jd2205,20220218,20220218,134616500,13:46:18,4244,56248,108378,2389383160,0,0,0
jd2205,20220218,20220218,134617500,13:46:18,4244,56248,108378,2389383160,0,0,0
jd2205,20220218,20220218,134620500,13:46:21,4244,56260,108367,2389892420,12,-11,509260
jd2205,20220218,20220218,134621000,13:46:21,4244,56260,108367,2389892420,0,0,0
jd2205,20220218,20220218,134622000,13:46:30,4243,56261,108368,2389934850,1,1,42430
jd2205,20220218,20220218,134630000,13:46:31,4243,56269,108373,2390274290,8,5,339440
jd2205,20220218,20220218,134630500,13:46:31,4243,56270,108374,2390316720,1,1,42430
jd2205,20220218,20220218,134631000,13:46:31,4243,56270,108374,2390316720,0,0,0
jd2205,20220218,20220218,134634500,13:46:35,4243,56271,108374,2390359150,1,0,42430
jd2205,20220218,20220218,134635000,13:46:35,4243,56271,108374,2390359150,0,0,0
jd2205,20220218,20220218,134636500,13:46:37,4243,56272,108375,2390401580,1,1,42430
jd2205,20220218,20220218,134637000,13:46:37,4243,56272,108375,2390401580,0,0,0
jd2205,20220218,20220218,134638000,13:46:38,4243,56273,108375,2390444010,1,0,42430
jd2205,20220218,20220218,134638500,13:46:38,4243,56273,108375,2390444010,0,0,0
jd2205,20220218,20220218,134645000,13:46:47,4243,56273,108375,2390444010,0,0,0
jd2205,20220218,20220218,134646500,13:46:47,4243,56273,108375,2390444010,0,0,0
jd2205,20220218,20220218,134648500,13:46:48,4243,56273,108375,2390444010,0,0,0
jd2205,20220218,20220218,134650000,13:46:50,4243,56273,108375,2390444010,0,0,0
jd2205,20220218,20220218,134650500,13:46:51,4243,56273,108375,2390444010,0,0,0
jd2205,20220218,20220218,134651000,13:46:51,4243,56273,108375,2390444010,0,0,0
jd2205,20220218,20220218,134652000,13:46:52,4242,56277,108372,2390613700,4,-3,169690
jd2205,20220218,20220218,134652500,13:46:52,4242,56280,108371,2390740960,3,-1,127260
jd2205,20220218,20220218,134654500,13:46:55,4242,56280,108371,2390740960,0,0,0
jd2205,20220218,20220218,134655500,13:46:55,4242,56280,108371,2390740960,0,0,0
jd2205,20220218,20220218,134656000,13:46:56,4242,56281,108370,2390783380,1,-1,42420
jd2205,20220218,20220218,134656500,13:46:56,4242,56281,108370,2390783380,0,0,0
jd2205,20220218,20220218,134658000,13:46:58,4242,56282,108370,2390825800,1,0,42420
jd2205,20220218,20220218,134658500,13:46:59,4242,56283,108369,2390868220,1,-1,42420
jd2205,20220218,20220218,134659000,13:46:59,4242,56283,108369,2390868220,0,0,0
jd2205,20220218,20220218,134659500,13:46:59,4242,56284,108368,2390910640,1,-1,42420
jd2205,20220218,20220218,134701000,13:47:01,4243,56285,108368,2390953070,1,0,42430
jd2205,20220218,20220218,134702000,13:47:02,4243,56286,108367,2390995500,1,-1,42430
jd2205,20220218,20220218,134704500,13:47:05,4242,56287,108367,2391037920,1,0,42420
jd2205,20220218,20220218,134707000,13:47:10,4242,56287,108367,2391037920,0,0,0
jd2205,20220218,20220218,134709000,13:47:11,4242,56297,108358,2391462120,10,-9,424200
jd2205,20220218,20220218,134710000,13:47:11,4243,56298,108358,2391504550,1,0,42430
jd2205,20220218,20220218,134711500,13:47:16,4242,56306,108358,2391843910,8,0,339360
jd2205,20220218,20220218,134714500,13:47:17,4243,56309,108358,2391971200,3,0,127290
jd2205,20220218,20220218,134718500,13:47:19,4242,56310,108358,2392013620,1,0,42420
jd2205,20220218,20220218,134722500,13:47:26,4242,56310,108358,2392013620,0,0,0
jd2205,20220218,20220218,134723000,13:47:26,4242,56310,108358,2392013620,0,0,0
jd2205,20220218,20220218,134723500,13:47:27,4242,56311,108359,2392056040,1,1,42420
jd2205,20220218,20220218,134727000,13:47:27,4242,56312,108359,2392098460,1,0,42420
jd2205,20220218,20220218,134728500,13:47:28,4242,56312,108359,2392098460,0,0,0
jd2205,20220218,20220218,134730500,13:47:30,4242,56313,108358,2392140880,1,-1,42420
jd2205,20220218,20220218,134731000,13:47:31,4243,56315,108358,2392225740,2,0,84860
jd2205,20220218,20220218,134731500,13:47:31,4242,56316,108357,2392268160,1,-1,42420
jd2205,20220218,20220218,134732500,13:47:33,4242,56317,108357,2392310580,1,0,42420
jd2205,20220218,20220218,134734500,13:47:36,4242,56324,108358,2392607520,7,1,296940
jd2205,20220218,20220218,134735000,13:47:36,4242,56324,108358,2392607520,0,0,0
jd2205,20220218,20220218,134735500,13:47:36,4242,56324,108358,2392607520,0,0,0
jd2205,20220218,20220218,134736000,13:47:36,4242,56324,108358,2392607520,0,0,0
jd2205,20220218,20220218,134739000,13:47:39,4242,56327,108359,2392734780,3,1,127260
jd2205,20220218,20220218,134739500,13:47:40,4242,56327,108359,2392734780,0,0,0
jd2205,20220218,20220218,134740000,13:47:40,4241,56329,108358,2392819600,2,-1,84820
jd2205,20220218,20220218,134740500,13:47:40,4241,56331,108358,2392904420,2,0,84820
jd2205,20220218,20220218,134741000,13:47:41,4241,56332,108358,2392946830,1,0,42410
jd2205,20220218,20220218,134742500,13:47:42,4241,56332,108358,2392946830,0,0,0
jd2205,20220218,20220218,134743500,13:47:44,4241,56332,108358,2392946830,0,0,0
jd2205,20220218,20220218,134744500,13:47:45,4241,56340,108366,2393286110,8,8,339280
jd2205,20220218,20220218,134745000,13:47:45,4241,56340,108366,2393286110,0,0,0
jd2205,20220218,20220218,134746000,13:47:47,4241,56343,108363,2393413340,3,-3,127230
jd2205,20220218,20220218,134746500,13:47:47,4241,56343,108363,2393413340,0,0,0
jd2205,20220218,20220218,134749000,13:47:50,4241,56343,108363,2393413340,0,0,0
jd2205,20220218,20220218,134749500,13:47:50,4241,56343,108363,2393413340,0,0,0
jd2205,20220218,20220218,134755500,13:47:55,4241,56344,108363,2393455750,1,0,42410
jd2205,20220218,20220218,134757000,13:47:57,4241,56345,108363,2393498160,1,0,42410
jd2205,20220218,20220218,134805500,13:48:05,4241,56345,108363,2393498160,0,0,0
jd2205,20220218,20220218,134808500,13:48:08,4242,56346,108363,2393540580,1,0,42420
jd2205,20220218,20220218,134814500,13:48:14,4242,56347,108364,2393583000,1,1,42420
jd2205,20220218,20220218,134817000,13:48:17,4242,56350,108364,2393710240,3,0,127240
jd2205,20220218,20220218,134817500,13:48:18,4241,56353,108364,2393837470,3,0,127230
jd2205,20220218,20220218,134818000,13:48:19,4241,56356,108366,2393964720,3,2,127250
jd2205,20220218,20220218,134818500,13:48:20,4242,56360,108367,2394134370,4,1,169650
jd2205,20220218,20220218,134820500,13:48:22,4242,56360,108367,2394134370,0,0,0
jd2205,20220218,20220218,134821000,13:48:22,4242,56360,108367,2394134370,0,0,0
jd2205,20220218,20220218,134823000,13:48:23,4241,56366,108365,2394388830,6,-2,254460
jd2205,20220218,20220218,134823500,13:48:24,4242,56367,108365,2394431250,1,0,42420
jd2205,20220218,20220218,134824500,13:48:24,4241,56368,108364,2394473660,1,-1,42410
jd2205,20220218,20220218,134825000,13:48:25,4241,56368,108364,2394473660,0,0,0
jd2205,20220218,20220218,134827500,13:48:28,4241,56380,108358,2394982580,12,-6,508920
jd2205,20220218,20220218,134828000,13:48:28,4241,56380,108358,2394982580,0,0,0
jd2205,20220218,20220218,134828500,13:48:29,4241,56381,108357,2395024990,1,-1,42410
jd2205,20220218,20220218,134829000,13:48:29,4241,56382,108357,2395067400,1,0,42410
jd2205,20220218,20220218,134829500,13:48:30,4241,56383,108356,2395109810,1,-1,42410
jd2205,20220218,20220218,134830000,13:48:30,4241,56383,108356,2395109810,0,0,0
jd2205,20220218,20220218,134832000,13:48:32,4241,56383,108356,2395109810,0,0,0
jd2205,20220218,20220218,134834000,13:48:36,4241,56384,108355,2395152220,1,-1,42410
jd2205,20220218,20220218,134835500,13:48:36,4241,56385,108355,2395194630,1,0,42410
jd2205,20220218,20220218,134838500,13:48:38,4240,56386,108355,2395237030,1,0,42400
jd2205,20220218,20220218,134839000,13:48:39,4240,56387,108354,2395279430,1,-1,42400
jd2205,20220218,20220218,134840000,13:48:40,4240,56392,108351,2395491430,5,-3,212000
jd2205,20220218,20220218,134840500,13:48:40,4240,56394,108351,2395576230,2,0,84800
jd2205,20220218,20220218,134841000,13:48:41,4240,56394,108351,2395576230,0,0,0
jd2205,20220218,20220218,134843000,13:48:43,4240,56395,108351,2395618630,1,0,42400
jd2205,20220218,20220218,134843500,13:48:43,4240,56407,108342,2396127430,12,-9,508800
jd2205,20220218,20220218,134844500,13:48:44,4240,56407,108342,2396127430,0,0,0
jd2205,20220218,20220218,134845000,13:48:45,4240,56408,108342,2396169830,1,0,42400
jd2205,20220218,20220218,134845500,13:48:45,4240,56409,108342,2396212230,1,0,42400
jd2205,20220218,20220218,134846000,13:48:46,4240,56418,108341,2396593830,9,-1,381600
jd2205,20220218,20220218,134846500,13:48:46,4240,56418,108341,2396593830,0,0,0
jd2205,20220218,20220218,134847000,13:48:47,4240,56427,108341,2396975430,9,0,381600
jd2205,20220218,20220218,134847500,13:48:47,4240,56433,108339,2397229820,6,-2,254390
jd2205,20220218,20220218,134848000,13:48:48,4240,56435,108339,2397314620,2,0,84800
jd2205,20220218,20220218,134848500,13:48:48,4239,56437,108339,2397399410,2,0,84790
jd2205,20220218,20220218,134849000,13:48:49,4239,56447,108329,2397823310,10,-10,423900
jd2205,20220218,20220218,134849500,13:48:49,4239,56448,108329,2397865700,1,0,42390
jd2205,20220218,20220218,134854000,13:48:55,4239,56448,108329,2397865700,0,0,0
jd2205,20220218,20220218,134854500,13:48:56,4240,56449,108330,2397908100,1,1,42400
jd2205,20220218,20220218,134855000,13:48:56,4239,56450,108329,2397950490,1,-1,42390
jd2205,20220218,20220218,134855500,13:48:56,4239,56453,108329,2398077670,3,0,127180
jd2205,20220218,20220218,134857500,13:48:57,4239,56455,108331,2398162460,2,2,84790
jd2205,20220218,20220218,134858500,13:48:59,4239,56455,108331,2398162460,0,0,0
jd2205,20220218,20220218,134859000,13:48:59,4239,56457,108331,2398247250,2,0,84790
jd2205,20220218,20220218,134859500,13:49:00,4239,56457,108331,2398247250,0,0,0
jd2205,20220218,20220218,134901000,13:49:01,4239,56458,108331,2398289640,1,0,42390
jd2205,20220218,20220218,134902000,13:49:02,4239,56461,108333,2398416810,3,2,127170
jd2205,20220218,20220218,134902500,13:49:03,4239,56461,108333,2398416810,0,0,0
jd2205,20220218,20220218,134903000,13:49:03,4240,56462,108334,2398459210,1,1,42400
jd2205,20220218,20220218,134904500,13:49:04,4240,56463,108335,2398501610,1,1,42400
jd2205,20220218,20220218,134905500,13:49:05,4240,56465,108337,2398586410,2,2,84800
jd2205,20220218,20220218,134906500,13:49:06,4240,56466,108337,2398628810,1,0,42400
jd2205,20220218,20220218,134907000,13:49:07,4240,56474,108337,2398968010,8,0,339200
jd2205,20220218,20220218,134907500,13:49:07,4240,56480,108337,2399222410,6,0,254400
jd2205,20220218,20220218,134908500,13:49:08,4240,56481,108338,2399264810,1,1,42400
jd2205,20220218,20220218,134909000,13:49:09,4240,56482,108338,2399307210,1,0,42400
jd2205,20220218,20220218,134909500,13:49:10,4240,56487,108343,2399519210,5,5,212000
jd2205,20220218,20220218,134910000,13:49:10,4240,56487,108343,2399519210,0,0,0
jd2205,20220218,20220218,134911000,13:49:11,4241,56488,108343,2399561620,1,0,42410
jd2205,20220218,20220218,134911500,13:49:12,4241,56488,108343,2399561620,0,0,0
jd2205,20220218,20220218,134913000,13:49:13,4241,56489,108342,2399604030,1,-1,42410
jd2205,20220218,20220218,134913500,13:49:13,4241,56489,108342,2399604030,0,0,0
jd2205,20220218,20220218,134914000,13:49:14,4241,56490,108342,2399646440,1,0,42410
jd2205,20220218,20220218,134915000,13:49:15,4241,56490,108342,2399646440,0,0,0
jd2205,20220218,20220218,134916000,13:49:16,4240,56491,108342,2399688840,1,0,42400
jd2205,20220218,20220218,134916500,13:49:17,4241,56492,108341,2399731250,1,-1,42410
jd2205,20220218,20220218,134917000,13:49:17,4241,56493,108341,2399773660,1,0,42410
jd2205,20220218,20220218,134917500,13:49:17,4241,56493,108341,2399773660,0,0,0
jd2205,20220218,20220218,134918000,13:49:18,4240,56496,108338,2399900860,3,-3,127200
jd2205,20220218,20220218,134919000,13:49:19,4240,56496,108338,2399900860,0,0,0
jd2205,20220218,20220218,134919500,13:49:20,4240,56496,108338,2399900860,0,0,0
jd2205,20220218,20220218,134920000,13:49:20,4240,56498,108336,2399985660,2,-2,84800
