jm2205,20220218,20220218,112003000,11:20:04,2548.5,46883,50785,7066850670,46883,6542,7066850670
jm2205,20220218,20220218,112004500,11:20:09,2549.5,46887,50787,7067462430,4,2,611760
jm2205,20220218,20220218,112005000,11:20:10,2549.5,46888,50787,7067615400,1,0,152970
jm2205,20220218,20220218,112008000,11:20:10,2549.5,46890,50789,7067921340,2,2,305940
jm2205,20220218,20220218,112009000,11:20:10,2548.5,46895,50793,7068685920,5,4,764580
jm2205,20220218,20220218,112010000,11:20:10,2549,46896,50792,7068838860,1,-1,152940
jm2205,20220218,20220218,112011500,11:20:12,2549,46896,50792,7068838860,0,0,0
jm2205,20220218,20220218,112012000,11:20:12,2549,46896,50792,7068838860,0,0,0
jm2205,20220218,20220218,112012500,11:20:12,2549,46896,50792,7068838860,0,0,0
jm2205,20220218,20220218,112014500,11:20:14,2549,46896,50792,7068838860,0,0,0
jm2205,20220218,20220218,112016500,11:20:16,2549,46896,50792,7068838860,0,0,0
jm2205,20220218,20220218,112017500,11:20:17,2549,46896,50792,7068838860,0,0,0
jm2205,20220218,20220218,112018000,11:20:18,2550,46897,50793,7068991860,1,1,153000
jm2205,20220218,20220218,112019000,11:20:19,2550,46898,50794,7069144860,1,1,153000
jm2205,20220218,20220218,112019500,11:20:20,2550,46899,50793,7069297860,1,-1,153000
jm2205,20220218,20220218,112020000,11:20:20,2549,46900,50794,7069450800,1,1,152940
jm2205,20220218,20220218,112020500,11:20:21,2548.5,46902,50794,7069756650,2,0,305850
jm2205,20220218,20220218,112021000,11:20:21,2548.5,46905,50796,7070215380,3,2,458730
jm2205,20220218,20220218,112021500,11:20:21,2548.5,46905,50796,7070215380,0,0,0
jm2205,20220218,20220218,112022500,11:20:23,2548.5,46905,50796,7070215380,0,0,0
jm2205,20220218,20220218,112023000,11:20:23,2549,46906,50797,7070368320,1,1,152940
jm2205,20220218,20220218,112024000,11:20:24,2549,46906,50797,7070368320,0,0,0
jm2205,20220218,20220218,112025000,11:20:25,2549,46906,50797,7070368320,0,0,0
jm2205,20220218,20220218,112025500,11:20:25,2548.5,46907,50798,7070521230,1,1,152910
jm2205,20220218,20220218,112026500,11:20:26,2548.5,46907,50798,7070521230,0,0,0
jm2205,20220218,20220218,112028000,11:20:28,2548.5,46909,50798,7070827050,2,0,305820
jm2205,20220218,20220218,112029500,11:20:30,2548.5,46910,50798,7070979960,1,0,152910
jm2205,20220218,20220218,112030000,11:20:31,2547.5,46913,50800,7071438510,3,2,458550
jm2205,20220218,20220218,112030500,11:20:31,2547,46914,50801,7071591330,1,1,152820
jm2205,20220218,20220218,112031000,11:20:32,2547,46914,50801,7071591330,0,0,0
jm2205,20220218,20220218,112031500,11:20:32,2547.5,46915,50800,7071744180,1,-1,152850
jm2205,20220218,20220218,112032500,11:20:32,2547.5,46915,50800,7071744180,0,0,0
jm2205,20220218,20220218,112033500,11:20:33,2547.5,46915,50800,7071744180,0,0,0
jm2205,20220218,20220218,112035500,11:20:35,2547.5,46915,50800,7071744180,0,0,0
jm2205,20220218,20220218,112037500,11:20:38,2547.5,46915,50800,7071744180,0,0,0
jm2205,20220218,20220218,112038000,11:20:38,2547,46916,50801,7071897000,1,1,152820
jm2205,20220218,20220218,112040000,11:20:40,2547,46916,50801,7071897000,0,0,0
jm2205,20220218,20220218,112040500,11:20:41,2547.5,46917,50801,7072049850,1,0,152850
jm2205,20220218,20220218,112041000,11:20:41,2547,46919,50803,7072355490,2,2,305640
jm2205,20220218,20220218,112041500,11:20:41,2547,46920,50804,7072508310,1,1,152820
jm2205,20220218,20220218,112042000,11:20:42,2547.5,46922,50805,7072814010,2,1,305700
jm2205,20220218,20220218,112042500,11:20:42,2547,46923,50806,7072966830,1,1,152820
jm2205,20220218,20220218,112049000,11:20:50,2547,46926,50809,7073425290,3,3,458460
jm2205,20220218,20220218,112050500,11:20:51,2546.5,46927,50809,7073578080,1,0,152790
jm2205,20220218,20220218,112051500,11:20:51,2546.5,46928,50809,7073730870,1,0,152790
jm2205,20220218,20220218,112053000,11:20:53,2547,46933,50811,7074494970,5,2,764100
jm2205,20220218,20220218,112053500,11:20:53,2547,46935,50811,7074800610,2,0,305640
jm2205,20220218,20220218,112054000,11:20:54,2547,46935,50811,7074800610,0,0,0
jm2205,20220218,20220218,112055500,11:20:56,2547,46935,50811,7074800610,0,0,0
jm2205,20220218,20220218,112056000,11:20:56,2548,46937,50812,7075106370,2,1,305760
jm2205,20220218,20220218,112056500,11:20:57,2548,46937,50812,7075106370,0,0,0
jm2205,20220218,20220218,112057000,11:20:58,2548,46938,50812,7075259250,1,0,152880
jm2205,20220218,20220218,112057500,11:20:58,2548,46938,50812,7075259250,0,0,0
jm2205,20220218,20220218,112058500,11:20:59,2548,46938,50812,7075259250,0,0,0
jm2205,20220218,20220218,112059500,11:21:00,2548,46938,50812,7075259250,0,0,0
jm2205,20220218,20220218,112101000,11:21:01,2549.5,46939,50812,7075412220,1,0,152970
jm2205,20220218,20220218,112103000,11:21:03,2548,46940,50813,7075565100,1,1,152880
jm2205,20220218,20220218,112103500,11:21:04,2548,46940,50813,7075565100,0,0,0
jm2205,20220218,20220218,112104000,11:21:04,2550,46943,50815,7076024100,3,2,459000
jm2205,20220218,20220218,112104500,11:21:05,2550.5,46946,50815,7076483160,3,0,459060
jm2205,20220218,20220218,112105000,11:21:05,2550.5,46946,50815,7076483160,0,0,0
jm2205,20220218,20220218,112105500,11:21:07,2550,46947,50816,7076636160,1,1,153000
jm2205,20220218,20220218,112106000,11:21:07,2550,46947,50816,7076636160,0,0,0
jm2205,20220218,20220218,112107500,11:21:10,2550,46949,50815,7076942160,2,-1,306000
jm2205,20220218,20220218,112108000,11:21:10,2550.5,46950,50815,7077095190,1,0,153030
jm2205,20220218,20220218,112108500,11:21:10,2550.5,46950,50815,7077095190,0,0,0
jm2205,20220218,20220218,112110000,11:21:10,2550.5,46950,50815,7077095190,0,0,0
jm2205,20220218,20220218,112111000,11:21:11,2550.5,46950,50815,7077095190,0,0,0
jm2205,20220218,20220218,112112500,11:21:13,2549,46951,50816,7077248130,1,1,152940
jm2205,20220218,20220218,112113000,11:21:13,2549,46952,50817,7077401070,1,1,152940
jm2205,20220218,20220218,112113500,11:21:13,2549,46952,50817,7077401070,0,0,0
jm2205,20220218,20220218,112114000,11:21:14,2549,46952,50817,7077401070,0,0,0
jm2205,20220218,20220218,112114500,11:21:14,2550,46953,50818,7077554070,1,1,153000
jm2205,20220218,20220218,112117500,11:21:18,2550,46953,50818,7077554070,0,0,0
jm2205,20220218,20220218,112118000,11:21:18,2550.5,46955,50816,7077860130,2,-2,306060
jm2205,20220218,20220218,112118500,11:21:18,2550.5,46955,50816,7077860130,0,0,0
jm2205,20220218,20220218,112119000,11:21:19,2550,46957,50816,7078166160,2,0,306030
jm2205,20220218,20220218,112121000,11:21:22,2550,46957,50816,7078166160,0,0,0
jm2205,20220218,20220218,112121500,11:21:22,2550,46957,50816,7078166160,0,0,0
jm2205,20220218,20220218,112122000,11:21:22,2551,46960,50816,7078625340,3,0,459180
jm2205,20220218,20220218,112122500,11:21:22,2551,46960,50816,7078625340,0,0,0
jm2205,20220218,20220218,112123000,11:21:23,2551.5,46962,50816,7078931490,2,0,306150
jm2205,20220218,20220218,112123500,11:21:24,2551,46963,50817,7079084550,1,1,153060
jm2205,20220218,20220218,112125500,11:23:32,2551,46964,50818,7079237610,1,1,153060
jm2205,20220218,20220218,112126000,11:23:33,2551,46965,50819,7079390670,1,1,153060
jm2205,20220218,20220218,112332500,11:23:33,2551,46965,50819,7079390670,0,0,0
jm2205,20220218,20220218,112333000,11:23:33,2552,47373,50894,7141919460,408,75,62528790
jm2205,20220218,20220218,112334500,11:23:34,2552,47373,50894,7141919460,0,0,0
jm2205,20220218,20220218,112335000,11:23:35,2552,47373,50894,7141919460,0,0,0
jm2205,20220218,20220218,112335500,11:23:35,2552,47373,50894,7141919460,0,0,0
jm2205,20220218,20220218,112337500,11:23:38,2552,47373,50894,7141919460,0,0,0
jm2205,20220218,20220218,112338500,11:23:38,2553,47376,50895,7142379000,3,1,459540
jm2205,20220218,20220218,112339000,11:23:39,2553,47376,50895,7142379000,0,0,0
jm2205,20220218,20220218,112340000,11:23:40,2553,47376,50895,7142379000,0,0,0
jm2205,20220218,20220218,112341000,11:23:41,2553,47377,50895,7142532180,1,0,153180
jm2205,20220218,20220218,112341500,11:23:42,2554,47378,50895,7142685420,1,0,153240
jm2205,20220218,20220218,112342000,11:23:42,2554,47380,50896,7142991840,2,1,306420
jm2205,20220218,20220218,112343000,11:23:43,2554,47380,50896,7142991840,0,0,0
jm2205,20220218,20220218,112343500,11:23:43,2553.5,47383,50899,7143451530,3,3,459690
jm2205,20220218,20220218,112344000,11:23:48,2554.5,47386,50900,7143911280,3,1,459750
jm2205,20220218,20220218,112344500,11:23:48,2554.5,47386,50900,7143911280,0,0,0
jm2205,20220218,20220218,112345000,11:23:48,2554.5,47386,50900,7143911280,0,0,0
jm2205,20220218,20220218,112347000,11:23:48,2555,47388,50900,7144217880,2,0,306600
jm2205,20220218,20220218,112349500,11:23:50,2555,47389,50901,7144371180,1,1,153300
jm2205,20220218,20220218,112350000,11:23:50,2555,47390,50901,7144524480,1,0,153300
jm2205,20220218,20220218,112350500,11:23:50,2555,47390,50901,7144524480,0,0,0
jm2205,20220218,20220218,112351000,11:23:51,2555,47390,50901,7144524480,0,0,0
jm2205,20220218,20220218,112352500,11:23:52,2554.5,47391,50901,7144677750,1,0,153270
jm2205,20220218,20220218,112353000,11:23:53,2554,47392,50902,7144830990,1,1,153240
jm2205,20220218,20220218,112353500,11:23:53,2554.5,47393,50901,7144984260,1,-1,153270
jm2205,20220218,20220218,112356000,11:23:56,2554.5,47393,50901,7144984260,0,0,0
jm2205,20220218,20220218,112356500,11:23:56,2553,47394,50902,7145137440,1,1,153180
jm2205,20220218,20220218,112357000,11:23:57,2553,47394,50902,7145137440,0,0,0
jm2205,20220218,20220218,112358000,11:23:58,2552.5,47396,50901,7145443830,2,-1,306390
jm2205,20220218,20220218,112358500,11:23:58,2552.5,47396,50901,7145443830,0,0,0
jm2205,20220218,20220218,112359000,11:23:59,2552.5,47396,50901,7145443830,0,0,0
jm2205,20220218,20220218,112400500,11:24:00,2552.5,47396,50901,7145443830,0,0,0
jm2205,20220218,20220218,112401000,11:24:01,2552.5,47396,50901,7145443830,0,0,0
jm2205,20220218,20220218,112401500,11:24:01,2552.5,47396,50901,7145443830,0,0,0
jm2205,20220218,20220218,112402500,11:24:02,2552.5,47396,50901,7145443830,0,0,0
jm2205,20220218,20220218,112403500,11:24:04,2554,47397,50900,7145597070,1,-1,153240
jm2205,20220218,20220218,112404000,11:24:04,2554,47397,50900,7145597070,0,0,0
jm2205,20220218,20220218,112405000,11:24:05,2554,47397,50900,7145597070,0,0,0
jm2205,20220218,20220218,112405500,11:24:05,2554,47397,50900,7145597070,0,0,0
jm2205,20220218,20220218,112406500,11:24:06,2553,47398,50900,7145750250,1,0,153180
jm2205,20220218,20220218,112409000,11:24:09,2553,47399,50901,7145903430,1,1,153180
jm2205,20220218,20220218,112410500,11:24:12,2553,47400,50902,7146056610,1,1,153180
jm2205,20220218,20220218,112411500,11:24:12,2553,47400,50902,7146056610,0,0,0
jm2205,20220218,20220218,112412000,11:24:12,2553.5,47401,50903,7146209820,1,1,153210
jm2205,20220218,20220218,112413000,11:24:13,2553,47402,50904,7146363000,1,1,153180
jm2205,20220218,20220218,112414000,11:24:14,2553,47403,50904,7146516180,1,0,153180
jm2205,20220218,20220218,112414500,11:24:15,2553,47403,50904,7146516180,0,0,0
jm2205,20220218,20220218,112415000,11:24:15,2553,47407,50901,7147128960,4,-3,612780
jm2205,20220218,20220218,112415500,11:24:15,2553.5,47408,50901,7147282170,1,0,153210
jm2205,20220218,20220218,112416000,11:24:16,2553.5,47408,50901,7147282170,0,0,0
jm2205,20220218,20220218,112417000,11:24:17,2553.5,47409,50900,7147435380,1,-1,153210
jm2205,20220218,20220218,112418000,11:24:18,2553.5,47409,50900,7147435380,0,0,0
jm2205,20220218,20220218,112418500,11:24:19,2553.5,47409,50900,7147435380,0,0,0
jm2205,20220218,20220218,112419500,11:24:20,2553.5,47410,50899,7147588590,1,-1,153210
jm2205,20220218,20220218,112420000,11:24:20,2553,47411,50900,7147741770,1,1,153180
jm2205,20220218,20220218,112420500,11:24:20,2553,47411,50900,7147741770,0,0,0
jm2205,20220218,20220218,112422000,11:24:22,2553,47411,50900,7147741770,0,0,0
jm2205,20220218,20220218,112427500,11:24:28,2553,47412,50901,7147894950,1,1,153180
jm2205,20220218,20220218,112428000,11:24:28,2553,47414,50901,7148201310,2,0,306360
jm2205,20220218,20220218,112428500,11:24:28,2552.5,47415,50902,7148354460,1,1,153150
jm2205,20220218,20220218,112429000,11:24:29,2552.5,47415,50902,7148354460,0,0,0
jm2205,20220218,20220218,112430000,11:24:30,2552.5,47416,50902,7148507610,1,0,153150
jm2205,20220218,20220218,112430500,11:24:30,2552.5,47416,50902,7148507610,0,0,0
jm2205,20220218,20220218,112432000,11:24:32,2551.5,47418,50902,7148813790,2,0,306180
jm2205,20220218,20220218,112433000,11:24:33,2551.5,47419,50903,7148966880,1,1,153090
jm2205,20220218,20220218,112434000,11:24:34,2551.5,47419,50903,7148966880,0,0,0
jm2205,20220218,20220218,112434500,11:24:34,2551.5,47419,50903,7148966880,0,0,0
jm2205,20220218,20220218,112436500,11:24:36,2551.5,47420,50903,7149119970,1,0,153090
jm2205,20220218,20220218,112437000,11:24:37,2551.5,47420,50903,7149119970,0,0,0
jm2205,20220218,20220218,112438500,11:24:39,2551.5,47421,50904,7149273060,1,1,153090
jm2205,20220218,20220218,112439000,11:24:40,2551.5,47421,50904,7149273060,0,0,0
jm2205,20220218,20220218,112439500,11:24:40,2551.5,47424,50906,7149732330,3,2,459270
jm2205,20220218,20220218,112441500,11:24:41,2551,47425,50907,7149885390,1,1,153060
jm2205,20220218,20220218,112442000,11:24:42,2550.5,47426,50907,7150038420,1,0,153030
jm2205,20220218,20220218,112442500,11:24:42,2550.5,47426,50907,7150038420,0,0,0
jm2205,20220218,20220218,112443000,11:24:43,2551,47427,50907,7150191480,1,0,153060
jm2205,20220218,20220218,112443500,11:24:43,2551,47427,50907,7150191480,0,0,0
jm2205,20220218,20220218,112444500,11:24:44,2550.5,47428,50907,7150344510,1,0,153030
jm2205,20220218,20220218,112445000,11:24:45,2550.5,47428,50907,7150344510,0,0,0
jm2205,20220218,20220218,112446000,11:24:46,2550,47429,50908,7150497510,1,1,153000
jm2205,20220218,20220218,112446500,11:24:46,2550,47430,50907,7150650510,1,-1,153000
jm2205,20220218,20220218,112448000,11:24:48,2550,47432,50907,7150956540,2,0,306030
jm2205,20220218,20220218,112448500,11:24:49,2550,47435,50906,7151415540,3,-1,459000
jm2205,20220218,20220218,112449000,11:24:49,2550,47436,50905,7151568540,1,-1,153000
jm2205,20220218,20220218,112449500,11:24:49,2550,47436,50905,7151568540,0,0,0
jm2205,20220218,20220218,112450000,11:24:50,2549.5,47437,50906,7151721510,1,1,152970
jm2205,20220218,20220218,112451000,11:24:51,2549.5,47437,50906,7151721510,0,0,0
jm2205,20220218,20220218,112452500,11:24:52,2549.5,47439,50904,7152027480,2,-2,305970
jm2205,20220218,20220218,112453000,11:24:53,2549.5,47439,50904,7152027480,0,0,0
jm2205,20220218,20220218,112453500,11:24:53,2549.5,47439,50904,7152027480,0,0,0
jm2205,20220218,20220218,112454000,11:24:54,2549,47442,50905,7152486330,3,1,458850
jm2205,20220218,20220218,112454500,11:24:54,2550,47447,50903,7153251180,5,-2,764850
jm2205,20220218,20220218,112455000,11:24:55,2550,47447,50903,7153251180,0,0,0
jm2205,20220218,20220218,112456000,11:24:56,2550,47447,50903,7153251180,0,0,0
jm2205,20220218,20220218,112456500,11:24:56,2549,47448,50904,7153404120,1,1,152940
jm2205,20220218,20220218,112458000,11:24:58,2548.5,47449,50904,7153557030,1,0,152910
jm2205,20220218,20220218,112459000,11:24:59,2548.5,47449,50904,7153557030,0,0,0
jm2205,20220218,20220218,112500500,11:25:01,2549.5,47450,50904,7153710000,1,0,152970
jm2205,20220218,20220218,112501000,11:25:01,2549,47451,50905,7153862940,1,1,152940
jm2205,20220218,20220218,112501500,11:25:04,2550,47453,50905,7154168910,2,0,305970
jm2205,20220218,20220218,112502000,11:25:05,2550,47454,50906,7154321910,1,1,153000
jm2205,20220218,20220218,112502500,11:25:06,2550,47456,50908,7154627910,2,2,306000
jm2205,20220218,20220218,112504500,11:25:06,2551.5,47459,50909,7155087060,3,1,459150
jm2205,20220218,20220218,112505000,11:25:06,2551.5,47459,50909,7155087060,0,0,0
jm2205,20220218,20220218,112505500,11:25:06,2551.5,47465,50911,7156005600,6,2,918540
jm2205,20220218,20220218,112506000,11:25:06,2551.5,47465,50911,7156005600,0,0,0
jm2205,20220218,20220218,112506500,11:25:07,2552.5,47468,50912,7156465050,3,1,459450
jm2205,20220218,20220218,112507000,11:25:07,2553,47469,50913,7156618230,1,1,153180
jm2205,20220218,20220218,112507500,11:25:07,2553,47469,50913,7156618230,0,0,0
jm2205,20220218,20220218,112510500,11:25:10,2553,47469,50913,7156618230,0,0,0
jm2205,20220218,20220218,112511000,11:25:11,2552.5,47471,50914,7156924590,2,1,306360
jm2205,20220218,20220218,112511500,11:25:11,2552.5,47471,50914,7156924590,0,0,0
jm2205,20220218,20220218,112512000,11:25:12,2552.5,47471,50914,7156924590,0,0,0
jm2205,20220218,20220218,112515000,11:25:16,2552.5,47472,50915,7157077740,1,1,153150
jm2205,20220218,20220218,112515500,11:25:16,2552.5,47472,50915,7157077740,0,0,0
jm2205,20220218,20220218,112516500,11:25:16,2552.5,47472,50915,7157077740,0,0,0
jm2205,20220218,20220218,112517000,11:25:18,2551.5,47473,50914,7157230830,1,-1,153090
jm2205,20220218,20220218,112517500,11:25:18,2551.5,47473,50914,7157230830,0,0,0
jm2205,20220218,20220218,112518000,11:25:19,2551.5,47473,50914,7157230830,0,0,0
jm2205,20220218,20220218,112519000,11:25:19,2551.5,47473,50914,7157230830,0,0,0
jm2205,20220218,20220218,112520000,11:25:20,2552,47475,50914,7157537070,2,0,306240
jm2205,20220218,20220218,112520500,11:25:21,2552,47475,50914,7157537070,0,0,0
jm2205,20220218,20220218,112522500,11:25:23,2552,47477,50915,7157843310,2,1,306240
jm2205,20220218,20220218,112523000,11:25:23,2552,47477,50915,7157843310,0,0,0
jm2205,20220218,20220218,112524500,11:25:25,2552,47477,50915,7157843310,0,0,0
jm2205,20220218,20220218,112525000,11:25:25,2552,47477,50915,7157843310,0,0,0
jm2205,20220218,20220218,112525500,11:25:26,2552,47477,50915,7157843310,0,0,0
jm2205,20220218,20220218,112526000,11:25:26,2552,47477,50915,7157843310,0,0,0
jm2205,20220218,20220218,112526500,11:25:27,2552.5,47478,50915,7157996460,1,0,153150
jm2205,20220218,20220218,112527000,11:25:28,2552.5,47478,50915,7157996460,0,0,0
jm2205,20220218,20220218,112528000,11:25:28,2552.5,47478,50915,7157996460,0,0,0
jm2205,20220218,20220218,112528500,11:25:28,2552.5,47478,50915,7157996460,0,0,0
jm2205,20220218,20220218,112529500,11:25:30,2551.5,47479,50914,7158149550,1,-1,153090
jm2205,20220218,20220218,112530000,11:25:30,2551.5,47484,50913,7158915000,5,-1,765450
jm2205,20220218,20220218,112530500,11:25:31,2551.5,47484,50913,7158915000,0,0,0
jm2205,20220218,20220218,112531000,11:25:31,2552,47485,50914,7159068120,1,1,153120
jm2205,20220218,20220218,112531500,11:25:32,2552,47489,50916,7159680450,4,2,612330
jm2205,20220218,20220218,112532000,11:25:32,2552,47489,50916,7159680450,0,0,0
jm2205,20220218,20220218,112532500,11:25:33,2552,47489,50916,7159680450,0,0,0
jm2205,20220218,20220218,112533000,11:25:33,2552,47489,50916,7159680450,0,0,0
jm2205,20220218,20220218,112534500,11:25:35,2551.5,47490,50917,7159833540,1,1,153090
jm2205,20220218,20220218,112537500,11:25:38,2551.5,47491,50918,7159986630,1,1,153090
jm2205,20220218,20220218,112538500,11:25:39,2551.5,47491,50918,7159986630,0,0,0
jm2205,20220218,20220218,112544000,11:25:44,2551.5,47492,50918,7160139720,1,0,153090
jm2205,20220218,20220218,112544500,11:25:44,2551,47494,50920,7160445870,2,2,306150
jm2205,20220218,20220218,112546000,11:25:47,2551,47494,50920,7160445870,0,0,0
jm2205,20220218,20220218,112547500,11:25:48,2551,47494,50920,7160445870,0,0,0
jm2205,20220218,20220218,112549000,11:25:49,2551.5,47495,50920,7160598960,1,0,153090
jm2205,20220218,20220218,112550000,11:25:50,2551.5,47495,50920,7160598960,0,0,0
jm2205,20220218,20220218,112551500,11:25:51,2551.5,47495,50920,7160598960,0,0,0
jm2205,20220218,20220218,112553500,11:25:54,2551.5,47495,50920,7160598960,0,0,0
jm2205,20220218,20220218,112555500,11:25:56,2551.5,47495,50920,7160598960,0,0,0
jm2205,20220218,20220218,112556000,11:25:57,2552,47496,50920,7160752080,1,0,153120
jm2205,20220218,20220218,112556500,11:25:57,2552,47496,50920,7160752080,0,0,0
jm2205,20220218,20220218,112557000,11:25:57,2552,47496,50920,7160752080,0,0,0
jm2205,20220218,20220218,112557500,11:25:57,2552,47497,50920,7160905200,1,0,153120
jm2205,20220218,20220218,112558000,11:25:59,2552,47499,50922,7161211440,2,2,306240
jm2205,20220218,20220218,112558500,11:25:59,2552,47502,50925,7161670800,3,3,459360
jm2205,20220218,20220218,112559000,11:26:00,2552,47502,50925,7161670800,0,0,0
jm2205,20220218,20220218,112600500,11:26:01,2552,47503,50925,7161823920,1,0,153120
jm2205,20220218,20220218,112601000,11:26:01,2552,47503,50925,7161823920,0,0,0
jm2205,20220218,20220218,112602500,11:26:03,2552,47503,50925,7161823920,0,0,0
jm2205,20220218,20220218,112605500,11:26:05,2553,47504,50926,7161977100,1,1,153180
jm2205,20220218,20220218,112606000,11:26:06,2553,47505,50926,7162130280,1,0,153180
jm2205,20220218,20220218,112606500,11:26:07,2553,47505,50926,7162130280,0,0,0
jm2205,20220218,20220218,112607000,11:26:09,2553,47505,50926,7162130280,0,0,0
jm2205,20220218,20220218,112607500,11:26:09,2552.5,47506,50927,7162283430,1,1,153150
jm2205,20220218,20220218,112610000,11:26:10,2552.5,47508,50928,7162589730,2,1,306300
jm2205,20220218,20220218,112611000,11:26:11,2552.5,47509,50927,7162742880,1,-1,153150
jm2205,20220218,20220218,112611500,11:26:13,2552.5,47512,50927,7163202330,3,0,459450
jm2205,20220218,20220218,112613500,11:26:15,2552.5,47515,50927,7163661780,3,0,459450
jm2205,20220218,20220218,112614000,11:26:15,2552.5,47518,50928,7164121230,3,1,459450
jm2205,20220218,20220218,112614500,11:26:15,2552,47519,50927,7164274350,1,-1,153120
jm2205,20220218,20220218,112615500,11:26:16,2553.5,47522,50927,7164733980,3,0,459630
jm2205,20220218,20220218,112616000,11:26:16,2553.5,47522,50927,7164733980,0,0,0
jm2205,20220218,20220218,112616500,11:26:17,2553.5,47522,50927,7164733980,0,0,0
jm2205,20220218,20220218,112618000,11:26:18,2553.5,47522,50927,7164733980,0,0,0
jm2205,20220218,20220218,112618500,11:26:18,2553.5,47522,50927,7164733980,0,0,0
jm2205,20220218,20220218,112619000,11:26:19,2553.5,47523,50927,7164887190,1,0,153210
jm2205,20220218,20220218,112619500,11:26:20,2553.5,47525,50929,7165193610,2,2,306420
jm2205,20220218,20220218,112620000,11:26:20,2554,47528,50932,7165653330,3,3,459720
jm2205,20220218,20220218,112620500,11:26:20,2554,47531,50933,7166113050,3,1,459720
jm2205,20220218,20220218,112621000,11:26:21,2554,47535,50935,7166726100,4,2,613050
jm2205,20220218,20220218,112621500,11:26:21,2554,47535,50935,7166726100,0,0,0
jm2205,20220218,20220218,112622000,11:26:22,2555,47541,50940,7167645900,6,5,919800
jm2205,20220218,20220218,112622500,11:26:22,2555,47547,50941,7168565640,6,1,919740
jm2205,20220218,20220218,112623000,11:26:23,2555,47548,50942,7168718940,1,1,153300
jm2205,20220218,20220218,112623500,11:26:23,2555,47550,50944,7169025540,2,2,306600
jm2205,20220218,20220218,112624000,11:26:24,2555,47553,50946,7169485440,3,2,459900
jm2205,20220218,20220218,112624500,11:26:24,2555.5,47556,50947,7169945430,3,1,459990
jm2205,20220218,20220218,112625000,11:26:25,2556,47558,50949,7170252150,2,2,306720
jm2205,20220218,20220218,112625500,11:26:25,2556,47559,50950,7170405510,1,1,153360
jm2205,20220218,20220218,112626000,11:26:26,2556.5,47563,50952,7171019070,4,2,613560
jm2205,20220218,20220218,112626500,11:26:26,2556.5,47565,50951,7171325820,2,-1,306750
jm2205,20220218,20220218,112627000,11:26:27,2556.5,47566,50951,7171479210,1,0,153390
jm2205,20220218,20220218,112627500,11:26:27,2556.5,47566,50951,7171479210,0,0,0
jm2205,20220218,20220218,112628000,11:26:28,2556.5,47566,50951,7171479210,0,0,0
jm2205,20220218,20220218,112628500,11:26:28,2556,47572,50952,7172399580,6,1,920370
jm2205,20220218,20220218,112629000,11:26:29,2556,47572,50952,7172399580,0,0,0
jm2205,20220218,20220218,112629500,11:26:30,2556,47574,50952,7172706330,2,0,306750
jm2205,20220218,20220218,112630000,11:26:31,2557,47576,50954,7173013170,2,2,306840
jm2205,20220218,20220218,112631000,11:26:31,2557,47584,50952,7174240530,8,-2,1227360
jm2205,20220218,20220218,112631500,11:26:32,2557,47586,50952,7174547370,2,0,306840
jm2205,20220218,20220218,112632000,11:26:32,2557,47587,50952,7174700790,1,0,153420
jm2205,20220218,20220218,112632500,11:26:32,2558,47588,50953,7174854270,1,1,153480
jm2205,20220218,20220218,112633000,11:26:33,2558,47624,50952,7180377870,36,-1,5523600
jm2205,20220218,20220218,112633500,11:26:34,2558,47624,50952,7180377870,0,0,0
jm2205,20220218,20220218,112634000,11:26:34,2558,47625,50953,7180531350,1,1,153480
jm2205,20220218,20220218,112634500,11:26:37,2558,47626,50953,7180684830,1,0,153480
jm2205,20220218,20220218,112635000,11:26:37,2558,47627,50953,7180838310,1,0,153480
jm2205,20220218,20220218,112637000,11:26:46,2557.5,47632,50956,7181605470,5,3,767160
jm2205,20220218,20220218,112638000,11:27:10,2557.5,47635,50955,7182065820,3,-1,460350
jm2205,20220218,20220218,112638500,11:27:10,2558,47636,50956,7182219300,1,1,153480
jm2205,20220218,20220218,112653500,11:27:11,2556.5,47661,50960,7186054110,25,4,3834810
jm2205,20220218,20220218,112709500,11:27:12,2561.5,47825,51010,7211240910,164,50,25186800
jm2205,20220218,20220218,112710500,11:27:12,2562,47833,51010,7212470640,8,0,1229730
jm2205,20220218,20220218,112712000,11:27:12,2561.5,47838,51013,7213239180,5,3,768540
jm2205,20220218,20220218,112712500,11:27:13,2561,47841,51011,7213700130,3,-2,460950
jm2205,20220218,20220218,112713000,11:27:14,2561,47841,51011,7213700130,0,0,0
jm2205,20220218,20220218,112713500,11:27:14,2561.5,47849,51009,7214929530,8,-2,1229400
jm2205,20220218,20220218,112714000,11:27:15,2561.5,47851,51009,7215236910,2,0,307380
jm2205,20220218,20220218,112714500,11:27:15,2561.5,47851,51009,7215236910,0,0,0
jm2205,20220218,20220218,112715000,11:27:16,2560.5,47854,51008,7215697800,3,-1,460890
jm2205,20220218,20220218,112715500,11:27:16,2560.5,47855,51009,7215851430,1,1,153630
jm2205,20220218,20220218,112716000,11:27:16,2560,47856,51008,7216005030,1,-1,153600
jm2205,20220218,20220218,112716500,11:27:17,2560,47872,51000,7218462630,16,-8,2457600
jm2205,20220218,20220218,112717000,11:27:17,2559.5,47873,51001,7218616200,1,1,153570
jm2205,20220218,20220218,112717500,11:27:17,2559,47878,51000,7219383900,5,-1,767700
jm2205,20220218,20220218,112718000,11:27:18,2558.5,47879,50999,7219537410,1,-1,153510
jm2205,20220218,20220218,112718500,11:27:19,2559.5,47882,51001,7219998120,3,2,460710
jm2205,20220218,20220218,112719000,11:27:19,2559.5,47887,50999,7220765970,5,-2,767850
jm2205,20220218,20220218,112719500,11:27:20,2560,47891,51001,7221380370,4,2,614400
jm2205,20220218,20220218,112720500,11:27:21,2560,47891,51001,7221380370,0,0,0
jm2205,20220218,20220218,112721500,11:27:22,2560.5,47896,51005,7222148490,5,4,768120
jm2205,20220218,20220218,112722000,11:27:22,2560,47906,51008,7223684340,10,3,1535850
jm2205,20220218,20220218,112722500,11:27:22,2560,47907,51009,7223837940,1,1,153600
jm2205,20220218,20220218,112723000,11:27:26,2560,47907,51009,7223837940,0,0,0
jm2205,20220218,20220218,112723500,11:27:27,2560,47908,51010,7223991540,1,1,153600
jm2205,20220218,20220218,112724000,11:27:27,2560,47913,51013,7224759570,5,3,768030
jm2205,20220218,20220218,112726500,11:27:27,2560,47913,51013,7224759570,0,0,0
jm2205,20220218,20220218,112727500,11:27:27,2560,47913,51013,7224759570,0,0,0
jm2205,20220218,20220218,112728000,11:27:28,2560,47931,51027,7227524910,18,14,2765340
jm2205,20220218,20220218,112728500,11:27:28,2560,47933,51028,7227832110,2,1,307200
jm2205,20220218,20220218,112729000,11:27:29,2560,47935,51029,7228139340,2,1,307230
jm2205,20220218,20220218,112729500,11:27:29,2560.5,47936,51029,7228292970,1,0,153630
jm2205,20220218,20220218,112730000,11:27:30,2560.5,47936,51029,7228292970,0,0,0
jm2205,20220218,20220218,112730500,11:27:31,2560.5,47936,51029,7228292970,0,0,0
jm2205,20220218,20220218,112731000,11:27:32,2561,47937,51029,7228446630,1,0,153660
jm2205,20220218,20220218,112731500,11:27:35,2561,47938,51029,7228600290,1,0,153660
jm2205,20220218,20220218,112732000,11:27:36,2560,47940,51028,7228907520,2,-1,307230
jm2205,20220218,20220218,112732500,11:27:36,2561,47943,51027,7229368500,3,-1,460980
jm2205,20220218,20220218,112735500,11:27:36,2561.5,47952,51024,7230751620,9,-3,1383120
jm2205,20220218,20220218,112736000,11:27:37,2561.5,47955,51022,7231212630,3,-2,461010
jm2205,20220218,20220218,112736500,11:27:38,2561.5,47955,51022,7231212630,0,0,0
jm2205,20220218,20220218,112737000,11:27:38,2561,47957,51022,7231519950,2,0,307320
jm2205,20220218,20220218,112737500,11:27:38,2561,47960,51023,7231980930,3,1,460980
jm2205,20220218,20220218,112738000,11:27:39,2561.5,47961,51023,7232134620,1,0,153690
jm2205,20220218,20220218,112738500,11:27:39,2560,47971,51024,7233670650,10,1,1536030
jm2205,20220218,20220218,112739000,11:27:39,2560,47971,51024,7233670650,0,0,0
jm2205,20220218,20220218,112739500,11:27:39,2561,47972,51025,7233824310,1,1,153660
jm2205,20220218,20220218,112740500,11:27:40,2561,47972,51025,7233824310,0,0,0
jm2205,20220218,20220218,112741500,11:27:42,2560,47976,51023,7234438710,4,-2,614400
jm2205,20220218,20220218,112742000,11:27:42,2560.5,47977,51024,7234592340,1,1,153630
jm2205,20220218,20220218,112743000,11:27:43,2559.5,47981,51024,7235206620,4,0,614280
jm2205,20220218,20220218,112743500,11:27:43,2559.5,47981,51024,7235206620,0,0,0
jm2205,20220218,20220218,112744000,11:27:44,2559.5,47981,51024,7235206620,0,0,0
jm2205,20220218,20220218,112744500,11:27:45,2560,47982,51024,7235360220,1,0,153600
jm2205,20220218,20220218,112745000,11:27:45,2560,47983,51023,7235513820,1,-1,153600
jm2205,20220218,20220218,112747000,11:27:47,2560,47984,51022,7235667420,1,-1,153600
jm2205,20220218,20220218,112747500,11:27:47,2560.5,47988,51019,7236281910,4,-3,614490
jm2205,20220218,20220218,112748000,11:27:52,2561,47989,51020,7236435570,1,1,153660
jm2205,20220218,20220218,112748500,11:27:54,2561,47991,51019,7236742890,2,-1,307320
jm2205,20220218,20220218,112749000,11:27:54,2561,47995,51022,7237357530,4,3,614640
jm2205,20220218,20220218,112749500,11:27:54,2561.5,47997,51024,7237664880,2,2,307350
jm2205,20220218,20220218,112754000,11:27:54,2562.5,48031,51033,7242891360,34,9,5226480
jm2205,20220218,20220218,112754500,11:27:54,2561.5,48037,51035,7243813650,6,2,922290
jm2205,20220218,20220218,112755000,11:27:55,2562,48039,51036,7244121120,2,1,307470
jm2205,20220218,20220218,112755500,11:27:55,2562,48044,51035,7244889750,5,-1,768630
jm2205,20220218,20220218,112756000,11:27:56,2562.5,48046,51035,7245197250,2,0,307500
jm2205,20220218,20220218,112756500,11:27:56,2562.5,48046,51035,7245197250,0,0,0
jm2205,20220218,20220218,112757000,11:27:57,2562.5,48050,51035,7245812250,4,0,615000
jm2205,20220218,20220218,112758000,11:27:58,2562,48051,51035,7245965970,1,0,153720
jm2205,20220218,20220218,112758500,11:27:59,2562.5,48052,51034,7246119720,1,-1,153750
jm2205,20220218,20220218,112759000,11:27:59,2562.5,48054,51034,7246427190,2,0,307470
jm2205,20220218,20220218,112759500,11:27:59,2563,48055,51034,7246580970,1,0,153780
jm2205,20220218,20220218,112800000,11:28:00,2563,48059,51033,7247195970,4,-1,615000
jm2205,20220218,20220218,112800500,11:28:01,2563,48060,51033,7247349750,1,0,153780
jm2205,20220218,20220218,112801000,11:28:01,2563,48062,51033,7247657250,2,0,307500
jm2205,20220218,20220218,112801500,11:28:02,2563,48062,51033,7247657250,0,0,0
jm2205,20220218,20220218,112803000,11:28:04,2562,48065,51031,7248118440,3,-2,461190
jm2205,20220218,20220218,112804000,11:28:04,2562,48066,51031,7248272160,1,0,153720
jm2205,20220218,20220218,112804500,11:28:05,2562,48066,51031,7248272160,0,0,0
jm2205,20220218,20220218,112805000,11:28:06,2562,48066,51031,7248272160,0,0,0
jm2205,20220218,20220218,112805500,11:28:06,2562,48067,51031,7248425880,1,0,153720
jm2205,20220218,20220218,112806000,11:28:10,2562.5,48068,51032,7248579630,1,1,153750
jm2205,20220218,20220218,112806500,11:28:10,2562,48069,51032,7248733350,1,0,153720
jm2205,20220218,20220218,112807000,11:28:10,2562,48069,51032,7248733350,0,0,0
jm2205,20220218,20220218,112807500,11:28:11,2563,48071,51031,7249040910,2,-1,307560
jm2205,20220218,20220218,112810000,11:28:11,2560.5,48087,51034,7251499680,16,3,2458770
jm2205,20220218,20220218,112810500,11:28:12,2561.5,48088,51034,7251653370,1,0,153690
jm2205,20220218,20220218,112811500,11:28:12,2560.5,48089,51034,7251807000,1,0,153630
jm2205,20220218,20220218,112812500,11:28:13,2560.5,48089,51034,7251807000,0,0,0
jm2205,20220218,20220218,112814000,11:28:14,2561.5,48092,51034,7252268070,3,0,461070
jm2205,20220218,20220218,112814500,11:28:14,2562,48093,51035,7252421790,1,1,153720
jm2205,20220218,20220218,112815000,11:28:15,2561.5,48095,51036,7252729170,2,1,307380
jm2205,20220218,20220218,112815500,11:28:15,2561.5,48095,51036,7252729170,0,0,0
jm2205,20220218,20220218,112816500,11:28:16,2561.5,48096,51036,7252882860,1,0,153690
jm2205,20220218,20220218,112817000,11:28:17,2561.5,48100,51035,7253497620,4,-1,614760
jm2205,20220218,20220218,112817500,11:28:17,2561.5,48100,51035,7253497620,0,0,0
jm2205,20220218,20220218,112818000,11:28:18,2561,48103,51035,7253958660,3,0,461040
jm2205,20220218,20220218,112818500,11:28:18,2561.5,48105,51036,7254266040,2,1,307380
jm2205,20220218,20220218,112819000,11:28:19,2561.5,48105,51036,7254266040,0,0,0
jm2205,20220218,20220218,112819500,11:28:19,2561.5,48106,51036,7254419730,1,0,153690
jm2205,20220218,20220218,112820500,11:28:20,2561.5,48106,51036,7254419730,0,0,0
jm2205,20220218,20220218,112821000,11:28:21,2561,48109,51036,7254880800,3,0,461070
jm2205,20220218,20220218,112821500,11:28:22,2562,48115,51033,7255803120,6,-3,922320
jm2205,20220218,20220218,112822000,11:28:22,2562,48117,51033,7256110560,2,0,307440
jm2205,20220218,20220218,112822500,11:28:22,2562,48120,51034,7256571750,3,1,461190
jm2205,20220218,20220218,112823000,11:28:23,2562,48125,51032,7257340410,5,-2,768660
jm2205,20220218,20220218,112823500,11:28:24,2562,48127,51033,7257647880,2,1,307470
jm2205,20220218,20220218,112824000,11:28:24,2562.5,48128,51033,7257801630,1,0,153750
jm2205,20220218,20220218,112824500,11:28:25,2562.5,48128,51033,7257801630,0,0,0
jm2205,20220218,20220218,112825000,11:28:25,2562,48130,51034,7258109100,2,1,307470
jm2205,20220218,20220218,112825500,11:28:25,2562,48130,51034,7258109100,0,0,0
jm2205,20220218,20220218,112826000,11:28:26,2562,48130,51034,7258109100,0,0,0
jm2205,20220218,20220218,112826500,11:28:27,2563,48159,51024,7262568720,29,-10,4459620
jm2205,20220218,20220218,112827000,11:28:27,2563,48161,51023,7262876280,2,-1,307560
jm2205,20220218,20220218,112827500,11:28:27,2563,48163,51025,7263183840,2,2,307560
jm2205,20220218,20220218,112828000,11:28:28,2563,48163,51025,7263183840,0,0,0
jm2205,20220218,20220218,112828500,11:28:28,2563,48164,51026,7263337620,1,1,153780
jm2205,20220218,20220218,112829000,11:28:29,2562.5,48173,51024,7264721400,9,-2,1383780
jm2205,20220218,20220218,112829500,11:28:29,2562.5,48177,51022,7265336400,4,-2,615000
jm2205,20220218,20220218,112830000,11:28:30,2562,48180,51021,7265797560,3,-1,461160
jm2205,20220218,20220218,112830500,11:28:31,2562,48191,51011,7267488480,11,-10,1690920
jm2205,20220218,20220218,112831000,11:28:31,2560.5,48194,51010,7267949550,3,-1,461070
jm2205,20220218,20220218,112831500,11:28:31,2560.5,48195,51010,7268103180,1,0,153630
jm2205,20220218,20220218,112832000,11:28:32,2560.5,48195,51010,7268103180,0,0,0
jm2205,20220218,20220218,112832500,11:28:33,2560.5,48195,51010,7268103180,0,0,0
jm2205,20220218,20220218,112833000,11:28:33,2560.5,48195,51010,7268103180,0,0,0
jm2205,20220218,20220218,112833500,11:28:33,2560.5,48195,51010,7268103180,0,0,0
jm2205,20220218,20220218,112834500,11:28:34,2560.5,48195,51010,7268103180,0,0,0
jm2205,20220218,20220218,112836500,11:28:37,2560.5,48195,51010,7268103180,0,0,0
jm2205,20220218,20220218,112837500,11:28:38,2560.5,48196,51011,7268256810,1,1,153630
jm2205,20220218,20220218,112839000,11:28:40,2561.5,48206,51014,7269793530,10,3,1536720
jm2205,20220218,20220218,112840000,11:28:40,2561.5,48206,51014,7269793530,0,0,0
jm2205,20220218,20220218,112840500,11:28:40,2561.5,48206,51014,7269793530,0,0,0
jm2205,20220218,20220218,112841000,11:28:41,2561.5,48206,51014,7269793530,0,0,0
jm2205,20220218,20220218,112841500,11:28:41,2561.5,48207,51015,7269947220,1,1,153690
jm2205,20220218,20220218,112842000,11:28:42,2561.5,48209,51017,7270254600,2,2,307380
jm2205,20220218,20220218,112842500,11:28:43,2560.5,48210,51018,7270408230,1,1,153630
jm2205,20220218,20220218,112843000,11:28:43,2560.5,48211,51019,7270561860,1,1,153630
jm2205,20220218,20220218,112843500,11:28:44,2560.5,48212,51020,7270715490,1,1,153630
jm2205,20220218,20220218,112844000,11:28:44,2560.5,48212,51020,7270715490,0,0,0
jm2205,20220218,20220218,112845000,11:28:45,2561.5,48218,51020,7271637330,6,0,921840
jm2205,20220218,20220218,112845500,11:28:45,2561.5,48218,51020,7271637330,0,0,0
jm2205,20220218,20220218,112847500,11:28:48,2561.5,48219,51020,7271791020,1,0,153690
jm2205,20220218,20220218,112848000,11:28:48,2561.5,48219,51020,7271791020,0,0,0
jm2205,20220218,20220218,112849000,11:28:49,2561.5,48224,51024,7272559470,5,4,768450
jm2205,20220218,20220218,112850000,11:28:50,2561.5,48226,51024,7272866850,2,0,307380
jm2205,20220218,20220218,112850500,11:28:50,2562,48231,51027,7273635450,5,3,768600
jm2205,20220218,20220218,112851000,11:28:51,2561.5,48232,51027,7273789140,1,0,153690
jm2205,20220218,20220218,112851500,11:28:52,2561.5,48232,51027,7273789140,0,0,0
jm2205,20220218,20220218,112852000,11:28:53,2561.5,48233,51027,7273942830,1,0,153690
jm2205,20220218,20220218,112852500,11:28:54,2561.5,48234,51027,7274096520,1,0,153690
jm2205,20220218,20220218,112853000,11:28:54,2562,48235,51026,7274250240,1,-1,153720
jm2205,20220218,20220218,112853500,11:28:54,2561.5,48236,51026,7274403930,1,0,153690
jm2205,20220218,20220218,112854000,11:28:54,2561.5,48237,51025,7274557620,1,-1,153690
jm2205,20220218,20220218,112855500,11:28:56,2561.5,48237,51025,7274557620,0,0,0
jm2205,20220218,20220218,112857000,11:28:57,2561.5,48241,51028,7275172380,4,3,614760
jm2205,20220218,20220218,112857500,11:28:58,2561.5,48241,51028,7275172380,0,0,0
jm2205,20220218,20220218,112858000,11:28:58,2562,48243,51028,7275479790,2,0,307410
jm2205,20220218,20220218,112858500,11:28:59,2561,48245,51030,7275787170,2,2,307380
jm2205,20220218,20220218,112859000,11:28:59,2562,48246,51030,7275940890,1,0,153720
jm2205,20220218,20220218,112900000,11:29:00,2562,48247,51030,7276094610,1,0,153720
jm2205,20220218,20220218,112901000,11:29:01,2562,48248,51030,7276248330,1,0,153720
jm2205,20220218,20220218,112901500,11:29:01,2560.5,48250,51032,7276555620,2,2,307290
jm2205,20220218,20220218,112902000,11:29:02,2560.5,48250,51032,7276555620,0,0,0
jm2205,20220218,20220218,112902500,11:29:03,2562,48253,51030,7277016750,3,-2,461130
jm2205,20220218,20220218,112903500,11:29:04,2561,48254,51031,7277170410,1,1,153660
jm2205,20220218,20220218,112904000,11:29:04,2562.5,48256,51030,7277477910,2,-1,307500
jm2205,20220218,20220218,112904500,11:29:04,2561,48257,51030,7277631570,1,0,153660
jm2205,20220218,20220218,112905000,11:29:05,2561,48257,51030,7277631570,0,0,0
jm2205,20220218,20220218,112905500,11:29:06,2561,48257,51030,7277631570,0,0,0
jm2205,20220218,20220218,112906500,11:29:06,2562,48258,51030,7277785290,1,0,153720
jm2205,20220218,20220218,112907000,11:29:07,2561,48259,51030,7277938950,1,0,153660
jm2205,20220218,20220218,112907500,11:29:08,2561,48261,51031,7278246270,2,1,307320
jm2205,20220218,20220218,112908500,11:29:08,2561,48261,51031,7278246270,0,0,0
jm2205,20220218,20220218,112909000,11:29:09,2561,48263,51031,7278553590,2,0,307320
jm2205,20220218,20220218,112909500,11:29:09,2561,48264,51032,7278707250,1,1,153660
jm2205,20220218,20220218,112910000,11:29:10,2560.5,48265,51032,7278860880,1,0,153630
jm2205,20220218,20220218,112911000,11:29:11,2560.5,48265,51032,7278860880,0,0,0
jm2205,20220218,20220218,112911500,11:29:12,2560.5,48265,51032,7278860880,0,0,0
jm2205,20220218,20220218,112912000,11:29:12,2560.5,48265,51032,7278860880,0,0,0
jm2205,20220218,20220218,112912500,11:29:12,2560.5,48267,51031,7279168140,2,-1,307260
jm2205,20220218,20220218,112914500,11:29:15,2560.5,48267,51031,7279168140,0,0,0
jm2205,20220218,20220218,112915000,11:29:15,2560.5,48267,51031,7279168140,0,0,0
jm2205,20220218,20220218,112915500,11:29:16,2560.5,48268,51031,7279321770,1,0,153630
jm2205,20220218,20220218,112916000,11:29:16,2560.5,48268,51031,7279321770,0,0,0
jm2205,20220218,20220218,112917000,11:29:20,2561,48271,51031,7279782720,3,0,460950
jm2205,20220218,20220218,112917500,11:29:21,2561,48273,51032,7280090010,2,1,307290
jm2205,20220218,20220218,112920500,11:29:21,2560,48312,51002,7286080800,39,-30,5990790
jm2205,20220218,20220218,112921000,11:29:22,2559.5,48333,50997,7289306310,21,-5,3225510
jm2205,20220218,20220218,112921500,11:29:24,2559,48339,50994,7290227610,6,-3,921300
jm2205,20220218,20220218,112922000,11:29:24,2558.5,48341,50994,7290534660,2,0,307050
jm2205,20220218,20220218,112922500,11:29:24,2559.5,48344,50994,7290995280,3,0,460620
jm2205,20220218,20220218,112923000,11:29:24,2558,48345,50993,7291148760,1,-1,153480
jm2205,20220218,20220218,112924000,11:29:24,2558,48345,50993,7291148760,0,0,0
jm2205,20220218,20220218,112924500,11:29:25,2557.5,48352,50990,7292223120,7,-3,1074360
jm2205,20220218,20220218,112925000,11:29:25,2555,48360,50988,7293449970,8,-2,1226850
jm2205,20220218,20220218,112925500,11:29:25,2555,48360,50988,7293449970,0,0,0
jm2205,20220218,20220218,112926000,11:29:26,2555,48362,50986,7293756570,2,-2,306600
jm2205,20220218,20220218,112926500,11:29:26,2555,48368,50981,7294676100,6,-5,919530
jm2205,20220218,20220218,112927000,11:29:27,2554,48369,50982,7294829340,1,1,153240
jm2205,20220218,20220218,112927500,11:29:27,2553,48371,50980,7295135760,2,-2,306420
jm2205,20220218,20220218,112928000,11:29:28,2553,48371,50980,7295135760,0,0,0
jm2205,20220218,20220218,112929000,11:29:29,2553,48375,50977,7295748660,4,-3,612900
jm2205,20220218,20220218,112929500,11:29:29,2553,48376,50976,7295901840,1,-1,153180
jm2205,20220218,20220218,112930000,11:29:30,2553,48391,50962,7298200380,15,-14,2298540
jm2205,20220218,20220218,112930500,11:29:31,2553,48393,50963,7298506740,2,1,306360
jm2205,20220218,20220218,112931000,11:29:32,2552,48409,50952,7300957500,16,-11,2450760
jm2205,20220218,20220218,112931500,11:29:32,2553,48412,50950,7301417040,3,-2,459540
jm2205,20220218,20220218,112932000,11:29:32,2553.5,48414,50949,7301723460,2,-1,306420
jm2205,20220218,20220218,112932500,11:29:37,2553.5,48415,50949,7301876670,1,0,153210
jm2205,20220218,20220218,112933000,11:29:37,2555,48417,50948,7302183210,2,-1,306540
jm2205,20220218,20220218,112933500,11:29:38,2556.5,48418,50948,7302336600,1,0,153390
jm2205,20220218,20220218,112936500,11:29:38,2555.5,48430,50948,7304176260,12,0,1839660
jm2205,20220218,20220218,112937500,11:29:38,2557,48434,50949,7304789910,4,1,613650
jm2205,20220218,20220218,112938000,11:29:38,2556,48435,50949,7304943270,1,0,153360
jm2205,20220218,20220218,112938500,11:29:39,2556,48435,50949,7304943270,0,0,0
jm2205,20220218,20220218,112939000,11:29:39,2556,48436,50949,7305096630,1,0,153360
jm2205,20220218,20220218,112939500,11:29:40,2556,48436,50949,7305096630,0,0,0
jm2205,20220218,20220218,112940000,11:29:40,2557,48437,50948,7305250050,1,-1,153420
jm2205,20220218,20220218,112940500,11:29:40,2556,48441,50948,7305863490,4,0,613440
jm2205,20220218,20220218,112941000,11:29:41,2556,48441,50948,7305863490,0,0,0
jm2205,20220218,20220218,112941500,11:29:42,2556,48443,50948,7306170210,2,0,306720
jm2205,20220218,20220218,112942000,11:29:42,2556,48443,50948,7306170210,0,0,0
jm2205,20220218,20220218,112942500,11:29:44,2556,48443,50948,7306170210,0,0,0
jm2205,20220218,20220218,112943000,11:29:45,2557,48444,50948,7306323630,1,0,153420
jm2205,20220218,20220218,112943500,11:29:45,2556,48445,50948,7306476990,1,0,153360
jm2205,20220218,20220218,112944000,11:29:45,2555.5,48454,50940,7307857050,9,-8,1380060
jm2205,20220218,20220218,112944500,11:29:45,2554.5,48455,50939,7308010320,1,-1,153270
jm2205,20220218,20220218,112945000,11:29:46,2554.5,48458,50938,7308470130,3,-1,459810
jm2205,20220218,20220218,112945500,11:29:46,2553.5,48463,50937,7309236210,5,-1,766080
jm2205,20220218,20220218,112946000,11:29:46,2553.5,48468,50932,7310002260,5,-5,766050
jm2205,20220218,20220218,112946500,11:29:47,2553.5,48468,50932,7310002260,0,0,0
jm2205,20220218,20220218,112947000,11:29:47,2555.5,48472,50929,7310615370,4,-3,613110
jm2205,20220218,20220218,112947500,11:29:48,2554.5,48481,50931,7311994500,9,2,1379130
jm2205,20220218,20220218,112948000,11:29:48,2554.5,48487,50928,7312914120,6,-3,919620
jm2205,20220218,20220218,112948500,11:29:49,2554.5,48488,50928,7313067390,1,0,153270
jm2205,20220218,20220218,112949000,11:29:50,2555,48489,50927,7313220690,1,-1,153300
jm2205,20220218,20220218,112949500,11:29:50,2554.5,48491,50927,7313527230,2,0,306540
jm2205,20220218,20220218,112950000,11:29:51,2554.5,48491,50927,7313527230,0,0,0
jm2205,20220218,20220218,112950500,11:29:52,2555,48492,50927,7313680530,1,0,153300
jm2205,20220218,20220218,112951500,11:29:52,2554.5,48494,50927,7313987070,2,0,306540
jm2205,20220218,20220218,112952000,11:29:52,2555,48495,50927,7314140370,1,0,153300
jm2205,20220218,20220218,112952500,11:29:53,2555,48495,50927,7314140370,0,0,0
jm2205,20220218,20220218,112953000,11:29:53,2555.5,48498,50924,7314600240,3,-3,459870
jm2205,20220218,20220218,112953500,11:29:54,2553.5,48499,50924,7314753450,1,0,153210
jm2205,20220218,20220218,112954000,11:29:54,2553.5,48501,50924,7315059930,2,0,306480
jm2205,20220218,20220218,112954500,11:29:54,2553.5,48501,50924,7315059930,0,0,0
jm2205,20220218,20220218,112955000,11:29:55,2554.5,48502,50925,7315213200,1,1,153270
jm2205,20220218,20220218,112955500,11:29:56,2554.5,48503,50925,7315366470,1,0,153270
jm2205,20220218,20220218,112956000,11:30:00,2554.5,48503,50925,7315366470,0,0,0
jm2205,20220218,20220218,112956500,11:30:00,2554.5,48504,50924,7315519740,1,-1,153270
jm2205,20220218,20220218,112957000,11:30:00,2553.5,48506,50922,7315826160,2,-2,306420
jm2205,20220218,20220218,112957500,11:30:02,2553.5,48507,50921,7315979370,1,-1,153210
jm2205,20220218,20220218,112959500,11:30:02,2554.5,48513,50920,7316898990,6,-1,919620
jm2205,20220218,20220218,113000000,11:30:03,2554.5,48514,50919,7317052260,1,-1,153270
jm2205,20220218,20220218,113001000,11:30:03,2554.5,48517,50917,7317512100,3,-2,459840
jm2205,20220218,20220218,113001500,11:30:03,2554.5,48522,50916,7318278450,5,-1,766350
jm2205,20220218,20220218,133001500,13:30:02,2554,48540,50923,7321037250,18,7,2758800
jm2205,20220218,20220218,133002000,13:30:08,2555.5,48549,50923,7322417280,9,0,1380030
jm2205,20220218,20220218,133002500,13:30:09,2555.5,48562,50923,7324410750,13,0,1993470
jm2205,20220218,20220218,133008000,13:30:10,2553.5,48591,50927,7328856570,29,4,4445820
jm2205,20220218,20220218,133008500,13:30:10,2553.5,48595,50923,7329469410,4,-4,612840
jm2205,20220218,20220218,133009500,13:30:10,2553,48601,50920,7330388670,6,-3,919260
jm2205,20220218,20220218,133010000,13:30:11,2554.5,48617,50927,7332839970,16,7,2451300
jm2205,20220218,20220218,133010500,13:30:12,2554.5,48619,50929,7333146510,2,2,306540
jm2205,20220218,20220218,133011000,13:30:13,2554.5,48621,50930,7333453050,2,1,306540
jm2205,20220218,20220218,133011500,13:30:13,2554.5,48624,50932,7333912860,3,2,459810
jm2205,20220218,20220218,133012500,13:30:13,2554.5,48624,50932,7333912860,0,0,0
jm2205,20220218,20220218,133013000,13:30:13,2554.5,48624,50932,7333912860,0,0,0
jm2205,20220218,20220218,133013500,13:30:14,2554.5,48628,50935,7334526000,4,3,613140
jm2205,20220218,20220218,133014000,13:30:16,2554.5,48629,50936,7334679270,1,1,153270
jm2205,20220218,20220218,133014500,13:30:17,2556,48632,50936,7335139290,3,0,460020
jm2205,20220218,20220218,133015000,13:30:18,2556,48633,50936,7335292650,1,0,153360
jm2205,20220218,20220218,133016500,13:30:18,2556,48637,50933,7335906060,4,-3,613410
jm2205,20220218,20220218,133017500,13:30:19,2556,48653,50932,7338360060,16,-1,2454000
jm2205,20220218,20220218,133018000,13:30:19,2557,48665,50933,7340200530,12,1,1840470
jm2205,20220218,20220218,133018500,13:30:20,2557.5,48669,50937,7340814300,4,4,613770
jm2205,20220218,20220218,133019000,13:30:20,2557.5,48671,50937,7341121200,2,0,306900
jm2205,20220218,20220218,133019500,13:30:21,2558,48675,50938,7341735090,4,1,613890
jm2205,20220218,20220218,133020000,13:30:21,2558.5,48676,50938,7341888600,1,0,153510
jm2205,20220218,20220218,133020500,13:30:21,2559.5,48678,50939,7342195710,2,1,307110
jm2205,20220218,20220218,133021000,13:30:21,2559.5,48678,50939,7342195710,0,0,0
jm2205,20220218,20220218,133021500,13:30:22,2559,48679,50939,7342349250,1,0,153540
jm2205,20220218,20220218,133022000,13:30:38,2560,48686,50943,7343424450,7,4,1075200
jm2205,20220218,20220218,133022500,13:30:38,2560,48694,50941,7344653640,8,-2,1229190
jm2205,20220218,20220218,133023000,13:30:38,2561,48695,50941,7344807300,1,0,153660
jm2205,20220218,20220218,133038000,13:30:40,2566,48815,50967,7363260120,120,26,18452820
jm2205,20220218,20220218,133038500,13:30:42,2564.5,48846,50970,7368032280,31,3,4772160
jm2205,20220218,20220218,133040500,13:30:42,2564,48858,50975,7369878690,12,5,1846410
jm2205,20220218,20220218,133041000,13:30:43,2564,48861,50977,7370340450,3,2,461760
jm2205,20220218,20220218,133042500,13:30:44,2564,48872,50978,7372033230,11,1,1692780
jm2205,20220218,20220218,133043000,13:30:44,2564,48873,50979,7372187070,1,1,153840
jm2205,20220218,20220218,133043500,13:30:45,2563.5,48878,50979,7372956600,5,0,769530
jm2205,20220218,20220218,133044000,13:30:46,2566,48885,50982,7374034140,7,3,1077540
jm2205,20220218,20220218,133044500,13:30:46,2563.5,48886,50983,7374187950,1,1,153810
jm2205,20220218,20220218,133045000,13:30:46,2565,48890,50982,7374803640,4,-1,615690
jm2205,20220218,20220218,133045500,13:30:46,2563.5,48894,50980,7375419060,4,-2,615420
jm2205,20220218,20220218,133046000,13:30:47,2566,48902,50977,7376650560,8,-3,1231500
jm2205,20220218,20220218,133046500,13:30:47,2565,48905,50976,7377112290,3,-1,461730
jm2205,20220218,20220218,133047000,13:30:48,2565,48907,50978,7377420090,2,2,307800
jm2205,20220218,20220218,133047500,13:30:48,2566,48909,50978,7377728010,2,0,307920
jm2205,20220218,20220218,133048000,13:30:48,2566,48909,50978,7377728010,0,0,0
jm2205,20220218,20220218,133048500,13:30:49,2566,48910,50979,7377881970,1,1,153960
jm2205,20220218,20220218,133049000,13:30:49,2564.5,48915,50982,7378651770,5,3,769800
jm2205,20220218,20220218,133049500,13:30:50,2566,48919,50985,7379267670,4,3,615900
jm2205,20220218,20220218,133050000,13:30:51,2566,48919,50985,7379267670,0,0,0
jm2205,20220218,20220218,133050500,13:30:52,2566,48924,50983,7380037260,5,-2,769590
jm2205,20220218,20220218,133051500,13:30:52,2566,48924,50983,7380037260,0,0,0
jm2205,20220218,20220218,133052500,13:30:54,2566,48925,50984,7380191220,1,1,153960
jm2205,20220218,20220218,133053000,13:30:54,2565,48926,50984,7380345120,1,0,153900
jm2205,20220218,20220218,133054000,13:30:55,2565,48927,50984,7380499020,1,0,153900
jm2205,20220218,20220218,133054500,13:30:55,2565,48930,50984,7380960720,3,0,461700
jm2205,20220218,20220218,133055000,13:30:55,2565,48931,50985,7381114620,1,1,153900
jm2205,20220218,20220218,133055500,13:30:56,2564.5,48934,50985,7381576230,3,0,461610
jm2205,20220218,20220218,133056000,13:30:57,2565,48936,50986,7381884000,2,1,307770
jm2205,20220218,20220218,133056500,13:30:57,2565.5,48939,50988,7382345700,3,2,461700
jm2205,20220218,20220218,133057000,13:30:58,2565.5,48940,50988,7382499630,1,0,153930
jm2205,20220218,20220218,133057500,13:30:58,2565.5,48940,50988,7382499630,0,0,0
jm2205,20220218,20220218,133058000,13:30:58,2564,48941,50988,7382653470,1,0,153840
jm2205,20220218,20220218,133058500,13:30:59,2564,48941,50988,7382653470,0,0,0
jm2205,20220218,20220218,133059000,13:30:59,2564,48942,50989,7382807310,1,1,153840
jm2205,20220218,20220218,133059500,13:31:00,2564,48943,50989,7382961150,1,0,153840
jm2205,20220218,20220218,133100000,13:31:00,2564.5,48947,50991,7383576630,4,2,615480
jm2205,20220218,20220218,133100500,13:31:00,2565,48948,50992,7383730530,1,1,153900
jm2205,20220218,20220218,133101000,13:31:01,2565,48948,50992,7383730530,0,0,0
jm2205,20220218,20220218,133101500,13:31:01,2565,48950,50994,7384038270,2,2,307740
jm2205,20220218,20220218,133102000,13:31:02,2564,48952,50994,7384346010,2,0,307740
jm2205,20220218,20220218,133102500,13:31:03,2565,48954,50996,7384653780,2,2,307770
jm2205,20220218,20220218,133103000,13:31:03,2564,48955,50997,7384807620,1,1,153840
jm2205,20220218,20220218,133103500,13:31:05,2565,48963,51004,7386038760,8,7,1231140
jm2205,20220218,20220218,133104000,13:31:06,2565,48964,51004,7386192660,1,0,153900
jm2205,20220218,20220218,133104500,13:31:07,2565,48964,51004,7386192660,0,0,0
jm2205,20220218,20220218,133105500,13:31:08,2565.5,48970,51010,7387116150,6,6,923490
jm2205,20220218,20220218,133106000,13:31:08,2565,48973,51011,7387577880,3,1,461730
jm2205,20220218,20220218,133107000,13:31:08,2564.5,48977,51011,7388193390,4,0,615510
jm2205,20220218,20220218,133107500,13:31:09,2564.5,48979,51011,7388501130,2,0,307740
jm2205,20220218,20220218,133108500,13:31:09,2564.5,48979,51011,7388501130,0,0,0
jm2205,20220218,20220218,133109000,13:31:09,2565,48981,51011,7388808930,2,0,307800
jm2205,20220218,20220218,133109500,13:31:10,2564.5,48982,51011,7388962800,1,0,153870
jm2205,20220218,20220218,133110000,13:31:11,2564.5,48987,51008,7389732150,5,-3,769350
jm2205,20220218,20220218,133110500,13:31:11,2564,48990,51008,7390193670,3,0,461520
jm2205,20220218,20220218,133111000,13:31:11,2564,48991,51009,7390347510,1,1,153840
jm2205,20220218,20220218,133111500,13:31:12,2564,48991,51009,7390347510,0,0,0
jm2205,20220218,20220218,133112000,13:31:12,2564,48991,51009,7390347510,0,0,0
jm2205,20220218,20220218,133112500,13:31:13,2563,48992,51010,7390501290,1,1,153780
jm2205,20220218,20220218,133113000,13:31:13,2563,48993,51011,7390655070,1,1,153780
jm2205,20220218,20220218,133113500,13:31:14,2563,48993,51011,7390655070,0,0,0
jm2205,20220218,20220218,133114000,13:31:15,2563,48994,51012,7390808850,1,1,153780
jm2205,20220218,20220218,133114500,13:31:15,2563,48994,51012,7390808850,0,0,0
jm2205,20220218,20220218,133115000,13:31:15,2563,48994,51012,7390808850,0,0,0
jm2205,20220218,20220218,133116000,13:31:16,2563.5,48996,51012,7391116500,2,0,307650
jm2205,20220218,20220218,133116500,13:31:17,2563.5,48996,51012,7391116500,0,0,0
jm2205,20220218,20220218,133117500,13:31:18,2563.5,48998,51014,7391424120,2,2,307620
jm2205,20220218,20220218,133118000,13:31:19,2563.5,48998,51014,7391424120,0,0,0
jm2205,20220218,20220218,133118500,13:31:19,2563.5,48999,51015,7391577930,1,1,153810
jm2205,20220218,20220218,133119000,13:31:19,2564,49003,51019,7392193290,4,4,615360
jm2205,20220218,20220218,133119500,13:31:20,2564,49004,51020,7392347130,1,1,153840
jm2205,20220218,20220218,133120000,13:31:20,2564.5,49005,51020,7392501000,1,0,153870
jm2205,20220218,20220218,133120500,13:31:21,2564,49006,51020,7392654840,1,0,153840
jm2205,20220218,20220218,133121000,13:31:21,2564,49010,51023,7393270230,4,3,615390
jm2205,20220218,20220218,133121500,13:31:22,2564.5,49011,51023,7393424100,1,0,153870
jm2205,20220218,20220218,133122000,13:31:23,2564.5,49011,51023,7393424100,0,0,0
jm2205,20220218,20220218,133123000,13:31:25,2564,49012,51024,7393577940,1,1,153840
jm2205,20220218,20220218,133124500,13:31:25,2564.5,49017,51028,7394347230,5,4,769290
jm2205,20220218,20220218,133157500,13:31:57,2564.5,49018,51029,7394501100,1,1,153870
jm2205,20220218,20220218,133158500,13:31:58,2564,49043,51053,7398347580,25,24,3846480
jm2205,20220218,20220218,133159000,13:31:59,2564,49046,51055,7398809040,3,2,461460
jm2205,20220218,20220218,133159500,13:32:00,2564,49046,51055,7398809040,0,0,0
jm2205,20220218,20220218,133200500,13:32:01,2564.5,49134,51103,7412345220,88,48,13536180
jm2205,20220218,20220218,133201000,13:32:01,2563,49139,51104,7413114240,5,1,769020
jm2205,20220218,20220218,133201500,13:32:01,2563,49139,51104,7413114240,0,0,0
jm2205,20220218,20220218,133202500,13:32:03,2563,49140,51105,7413268020,1,1,153780
jm2205,20220218,20220218,133203000,13:32:04,2563,49141,51106,7413421800,1,1,153780
jm2205,20220218,20220218,133204000,13:32:05,2563.5,49142,51105,7413575610,1,-1,153810
jm2205,20220218,20220218,133205500,13:32:06,2563.5,49142,51105,7413575610,0,0,0
jm2205,20220218,20220218,133207500,13:32:07,2562.5,49143,51104,7413729360,1,-1,153750
jm2205,20220218,20220218,133208000,13:32:09,2562.5,49144,51103,7413883110,1,-1,153750
jm2205,20220218,20220218,133209000,13:32:10,2562.5,49144,51103,7413883110,0,0,0
jm2205,20220218,20220218,133210000,13:32:10,2562.5,49144,51103,7413883110,0,0,0
jm2205,20220218,20220218,133210500,13:32:13,2562.5,49144,51103,7413883110,0,0,0
jm2205,20220218,20220218,133211000,13:32:14,2563.5,49145,51102,7414036920,1,-1,153810
jm2205,20220218,20220218,133212500,13:32:15,2562,49152,51104,7415113110,7,2,1076190
jm2205,20220218,20220218,133213500,13:32:15,2562,49153,51105,7415266830,1,1,153720
jm2205,20220218,20220218,133215000,13:32:16,2562,49155,51104,7415574240,2,-1,307410
jm2205,20220218,20220218,133215500,13:32:16,2562,49156,51104,7415727960,1,0,153720
jm2205,20220218,20220218,133216000,13:32:17,2561.5,49157,51104,7415881650,1,0,153690
jm2205,20220218,20220218,133216500,13:32:17,2560.5,49158,51103,7416035280,1,-1,153630
jm2205,20220218,20220218,133217000,13:32:17,2560,49159,51102,7416188880,1,-1,153600
jm2205,20220218,20220218,133217500,13:32:18,2560,49162,51099,7416649680,3,-3,460800
jm2205,20220218,20220218,133218500,13:32:19,2561.5,49163,51100,7416803370,1,1,153690
jm2205,20220218,20220218,133219000,13:32:20,2561.5,49163,51100,7416803370,0,0,0
jm2205,20220218,20220218,133219500,13:32:20,2561.5,49163,51100,7416803370,0,0,0
jm2205,20220218,20220218,133220000,13:32:21,2561.5,49164,51099,7416957060,1,-1,153690
jm2205,20220218,20220218,133221000,13:32:21,2560,49165,51098,7417110660,1,-1,153600
jm2205,20220218,20220218,133221500,13:32:22,2560,49165,51098,7417110660,0,0,0
jm2205,20220218,20220218,133222000,13:32:23,2560,49166,51098,7417264260,1,0,153600
jm2205,20220218,20220218,133223000,13:32:24,2560,49168,51099,7417571460,2,1,307200
jm2205,20220218,20220218,133223500,13:32:24,2560,49168,51099,7417571460,0,0,0
jm2205,20220218,20220218,133224000,13:32:24,2560,49168,51099,7417571460,0,0,0
jm2205,20220218,20220218,133224500,13:32:25,2560,49168,51099,7417571460,0,0,0
jm2205,20220218,20220218,133225000,13:32:25,2560,49170,51100,7417878720,2,1,307260
jm2205,20220218,20220218,133225500,13:32:26,2559.5,49174,51099,7418493000,4,-1,614280
jm2205,20220218,20220218,133226000,13:32:27,2559.5,49175,51099,7418646570,1,0,153570
jm2205,20220218,20220218,133227000,13:32:27,2559.5,49175,51099,7418646570,0,0,0
jm2205,20220218,20220218,133227500,13:32:28,2560,49176,51099,7418800170,1,0,153600
jm2205,20220218,20220218,133228500,13:32:32,2560,49180,51098,7419414600,4,-1,614430
jm2205,20220218,20220218,133229000,13:32:33,2560.5,49182,51098,7419721830,2,0,307230
jm2205,20220218,20220218,133232000,13:32:35,2560.5,49182,51098,7419721830,0,0,0
jm2205,20220218,20220218,133232500,13:32:35,2561,49188,51101,7420643610,6,3,921780
jm2205,20220218,20220218,133234000,13:32:35,2561,49192,51103,7421258220,4,2,614610
jm2205,20220218,20220218,133235000,13:32:36,2561,49192,51103,7421258220,0,0,0
jm2205,20220218,20220218,133235500,13:32:36,2561,49193,51103,7421411880,1,0,153660
jm2205,20220218,20220218,133236000,13:32:36,2560,49199,51104,7422333510,6,1,921630
jm2205,20220218,20220218,133236500,13:32:37,2560,49204,51106,7423101510,5,2,768000
jm2205,20220218,20220218,133237000,13:32:37,2560,49207,51107,7423562310,3,1,460800
jm2205,20220218,20220218,133237500,13:32:38,2560,49209,51106,7423869510,2,-1,307200
jm2205,20220218,20220218,133238500,13:32:39,2560,49209,51106,7423869510,0,0,0
jm2205,20220218,20220218,133240000,13:32:40,2560,49209,51106,7423869510,0,0,0
jm2205,20220218,20220218,133240500,13:32:40,2560,49210,51106,7424023110,1,0,153600
jm2205,20220218,20220218,133241000,13:32:41,2560,49211,51106,7424176710,1,0,153600
jm2205,20220218,20220218,133241500,13:32:42,2560,49211,51106,7424176710,0,0,0
jm2205,20220218,20220218,133242000,13:32:42,2560,49213,51105,7424483970,2,-1,307260
jm2205,20220218,20220218,133242500,13:32:42,2560,49214,51106,7424637570,1,1,153600
jm2205,20220218,20220218,133243000,13:32:43,2560,49215,51106,7424791170,1,0,153600
jm2205,20220218,20220218,133243500,13:32:43,2560,49217,51108,7425098370,2,2,307200
jm2205,20220218,20220218,133244000,13:32:44,2560,49217,51108,7425098370,0,0,0
jm2205,20220218,20220218,133244500,13:32:45,2560,49220,51107,7425559170,3,-1,460800
jm2205,20220218,20220218,133245000,13:32:45,2560,49221,51108,7425712770,1,1,153600
jm2205,20220218,20220218,133245500,13:32:45,2559.5,49224,51107,7426173480,3,-1,460710
jm2205,20220218,20220218,133246000,13:32:47,2559,49226,51105,7426480560,2,-2,307080
jm2205,20220218,20220218,133246500,13:32:47,2558.5,49228,51105,7426787580,2,0,307020
jm2205,20220218,20220218,133247000,13:32:47,2559,49229,51105,7426941120,1,0,153540
jm2205,20220218,20220218,133247500,13:32:48,2559,49230,51105,7427094660,1,0,153540
jm2205,20220218,20220218,133248000,13:32:48,2559,49230,51105,7427094660,0,0,0
jm2205,20220218,20220218,133248500,13:32:49,2559,49232,51105,7427401710,2,0,307050
jm2205,20220218,20220218,133249000,13:32:49,2559,49232,51105,7427401710,0,0,0
jm2205,20220218,20220218,133249500,13:32:50,2559,49232,51105,7427401710,0,0,0
jm2205,20220218,20220218,133250500,13:32:52,2558.5,49234,51105,7427708700,2,0,306990
jm2205,20220218,20220218,133251000,13:32:52,2558.5,49235,51105,7427862210,1,0,153510
jm2205,20220218,20220218,133252500,13:32:53,2558,49238,51105,7428322680,3,0,460470
jm2205,20220218,20220218,133253000,13:32:53,2558.5,49239,51104,7428476190,1,-1,153510
jm2205,20220218,20220218,133253500,13:32:54,2558,49240,51104,7428629670,1,0,153480
jm2205,20220218,20220218,133254000,13:32:54,2558,49240,51104,7428629670,0,0,0
jm2205,20220218,20220218,133254500,13:32:55,2558,49240,51104,7428629670,0,0,0
jm2205,20220218,20220218,133255500,13:32:55,2558,49240,51104,7428629670,0,0,0
jm2205,20220218,20220218,133256000,13:32:56,2558.5,49241,51104,7428783180,1,0,153510
jm2205,20220218,20220218,133257000,13:32:59,2558.5,49241,51104,7428783180,0,0,0
jm2205,20220218,20220218,133258000,13:33:00,2558.5,49242,51104,7428936690,1,0,153510
jm2205,20220218,20220218,133258500,13:33:00,2559,49245,51105,7429397250,3,1,460560
jm2205,20220218,20220218,133259500,13:33:01,2558.5,49248,51102,7429857780,3,-3,460530
jm2205,20220218,20220218,133300000,13:33:01,2559,49249,51102,7430011320,1,0,153540
jm2205,20220218,20220218,133300500,13:33:01,2559,49249,51102,7430011320,0,0,0
jm2205,20220218,20220218,133301000,13:33:02,2559,49249,51102,7430011320,0,0,0
jm2205,20220218,20220218,133301500,13:33:02,2559,49249,51102,7430011320,0,0,0
jm2205,20220218,20220218,133302500,13:33:03,2560,49252,51101,7430472120,3,-1,460800
jm2205,20220218,20220218,133303000,13:33:03,2559.5,49254,51101,7430779260,2,0,307140
jm2205,20220218,20220218,133303500,13:33:04,2559.5,49254,51101,7430779260,0,0,0
jm2205,20220218,20220218,133304000,13:33:04,2559.5,49254,51101,7430779260,0,0,0
jm2205,20220218,20220218,133305000,13:33:05,2559.5,49254,51101,7430779260,0,0,0
jm2205,20220218,20220218,133306000,13:33:06,2559,49256,51103,7431086340,2,2,307080
jm2205,20220218,20220218,133306500,13:33:06,2559,49256,51103,7431086340,0,0,0
jm2205,20220218,20220218,133307000,13:33:07,2559,49256,51103,7431086340,0,0,0
jm2205,20220218,20220218,133307500,13:33:08,2561,49258,51102,7431393630,2,-1,307290
jm2205,20220218,20220218,133308000,13:33:08,2561,49259,51102,7431547290,1,0,153660
jm2205,20220218,20220218,133308500,13:33:09,2561,49259,51102,7431547290,0,0,0
jm2205,20220218,20220218,133309500,13:33:11,2561,49259,51102,7431547290,0,0,0
jm2205,20220218,20220218,133310000,13:33:11,2561,49259,51102,7431547290,0,0,0
jm2205,20220218,20220218,133310500,13:33:12,2561,49259,51102,7431547290,0,0,0
jm2205,20220218,20220218,133311500,13:33:14,2561,49259,51102,7431547290,0,0,0
jm2205,20220218,20220218,133312000,13:33:14,2561,49259,51102,7431547290,0,0,0
jm2205,20220218,20220218,133313500,13:33:15,2561,49259,51102,7431547290,0,0,0
jm2205,20220218,20220218,133314000,13:33:17,2559,49265,51101,7432468560,6,-1,921270
jm2205,20220218,20220218,133315000,13:33:18,2559,49265,51101,7432468560,0,0,0
jm2205,20220218,20220218,133317000,13:33:18,2558.5,49266,51101,7432622070,1,0,153510
jm2205,20220218,20220218,133317500,13:33:19,2558.5,49266,51101,7432622070,0,0,0
jm2205,20220218,20220218,133319000,13:33:20,2558.5,49266,51101,7432622070,0,0,0
jm2205,20220218,20220218,133319500,13:33:20,2559,49267,51100,7432775610,1,-1,153540
jm2205,20220218,20220218,133320000,13:33:21,2559,49269,51099,7433082690,2,-1,307080
jm2205,20220218,20220218,133320500,13:33:22,2559,49270,51099,7433236230,1,0,153540
jm2205,20220218,20220218,133321500,13:33:22,2559.5,49271,51099,7433389800,1,0,153570
jm2205,20220218,20220218,133322000,13:33:22,2559.5,49271,51099,7433389800,0,0,0
jm2205,20220218,20220218,133322500,13:33:22,2559.5,49272,51099,7433543370,1,0,153570
jm2205,20220218,20220218,133323000,13:33:23,2559.5,49272,51099,7433543370,0,0,0
jm2205,20220218,20220218,133324500,13:33:25,2559.5,49276,51102,7434157680,4,3,614310
jm2205,20220218,20220218,133325000,13:33:26,2559.5,49276,51102,7434157680,0,0,0
jm2205,20220218,20220218,133325500,13:33:26,2559.5,49276,51102,7434157680,0,0,0
jm2205,20220218,20220218,133326000,13:33:28,2559,49278,51102,7434464760,2,0,307080
jm2205,20220218,20220218,133328500,13:33:30,2559.5,49283,51107,7435232610,5,5,767850
jm2205,20220218,20220218,133329000,13:33:30,2559.5,49283,51107,7435232610,0,0,0
jm2205,20220218,20220218,133329500,13:33:30,2559,49284,51107,7435386150,1,0,153540
jm2205,20220218,20220218,133330000,13:33:30,2559,49285,51108,7435539690,1,1,153540
jm2205,20220218,20220218,133331000,13:33:32,2559,49285,51108,7435539690,0,0,0
jm2205,20220218,20220218,133331500,13:33:32,2559,49286,51108,7435693230,1,0,153540
jm2205,20220218,20220218,133332000,13:33:32,2558.5,49287,51107,7435846740,1,-1,153510
jm2205,20220218,20220218,133332500,13:33:33,2558.5,49287,51107,7435846740,0,0,0
jm2205,20220218,20220218,133333500,13:33:33,2558.5,49288,51107,7436000250,1,0,153510
jm2205,20220218,20220218,133334500,13:33:34,2558.5,49290,51108,7436307270,2,1,307020
jm2205,20220218,20220218,133335000,13:33:35,2558.5,49290,51108,7436307270,0,0,0
jm2205,20220218,20220218,133336000,13:33:36,2558.5,49291,51109,7436460780,1,1,153510
jm2205,20220218,20220218,133337000,13:33:37,2558,49292,51109,7436614260,1,0,153480
jm2205,20220218,20220218,133337500,13:33:37,2558.5,49293,51110,7436767770,1,1,153510
jm2205,20220218,20220218,133338000,13:33:38,2558.5,49294,51110,7436921280,1,0,153510
jm2205,20220218,20220218,133338500,13:33:39,2558,49296,51110,7437228240,2,0,306960
jm2205,20220218,20220218,133339000,13:33:39,2558,49297,51110,7437381720,1,0,153480
jm2205,20220218,20220218,133339500,13:33:40,2558,49297,51110,7437381720,0,0,0
jm2205,20220218,20220218,133340000,13:33:40,2558,49297,51110,7437381720,0,0,0
jm2205,20220218,20220218,133340500,13:33:41,2558,49298,51110,7437535200,1,0,153480
jm2205,20220218,20220218,133341000,13:33:41,2558,49298,51110,7437535200,0,0,0
jm2205,20220218,20220218,133341500,13:33:42,2557.5,49299,51109,7437688650,1,-1,153450
jm2205,20220218,20220218,133342500,13:33:42,2557.5,49299,51109,7437688650,0,0,0
jm2205,20220218,20220218,133343000,13:33:43,2557.5,49299,51109,7437688650,0,0,0
jm2205,20220218,20220218,133344000,13:33:45,2558,49301,51107,7437995610,2,-2,306960
jm2205,20220218,20220218,133344500,13:33:45,2558,49301,51107,7437995610,0,0,0
jm2205,20220218,20220218,133345000,13:33:45,2558,49301,51107,7437995610,0,0,0
jm2205,20220218,20220218,133345500,13:33:46,2558,49302,51107,7438149090,1,0,153480
jm2205,20220218,20220218,133346000,13:33:47,2557.5,49304,51109,7438455990,2,2,306900
jm2205,20220218,20220218,133347000,13:33:48,2557.5,49304,51109,7438455990,0,0,0
jm2205,20220218,20220218,133347500,13:33:49,2558,49306,51110,7438762950,2,1,306960
jm2205,20220218,20220218,133348000,13:33:49,2558,49306,51110,7438762950,0,0,0
jm2205,20220218,20220218,133348500,13:33:49,2558,49306,51110,7438762950,0,0,0
jm2205,20220218,20220218,133349500,13:33:50,2557.5,49307,51111,7438916400,1,1,153450
jm2205,20220218,20220218,133350000,13:33:50,2557.5,49307,51111,7438916400,0,0,0
jm2205,20220218,20220218,133350500,13:33:50,2557.5,49307,51111,7438916400,0,0,0
jm2205,20220218,20220218,133351000,13:33:51,2557.5,49310,51111,7439376840,3,0,460440
jm2205,20220218,20220218,133351500,13:33:52,2557,49311,51112,7439530260,1,1,153420
jm2205,20220218,20220218,133352000,13:33:52,2557,49311,51112,7439530260,0,0,0
jm2205,20220218,20220218,133352500,13:33:52,2557,49311,51112,7439530260,0,0,0
jm2205,20220218,20220218,133353000,13:33:53,2557,49311,51112,7439530260,0,0,0
jm2205,20220218,20220218,133353500,13:33:53,2557,49319,51106,7440757620,8,-6,1227360
jm2205,20220218,20220218,133354000,13:33:54,2556,49321,51104,7441064340,2,-2,306720
jm2205,20220218,20220218,133354500,13:33:55,2556,49321,51104,7441064340,0,0,0
jm2205,20220218,20220218,133356000,13:33:56,2556.5,49322,51104,7441217730,1,0,153390
jm2205,20220218,20220218,133356500,13:33:57,2556.5,49323,51103,7441371120,1,-1,153390
jm2205,20220218,20220218,133357000,13:33:58,2555.5,49327,51101,7441984500,4,-2,613380
jm2205,20220218,20220218,133357500,13:33:58,2556,49330,51100,7442444460,3,-1,459960
jm2205,20220218,20220218,133358000,13:33:58,2556,49330,51100,7442444460,0,0,0
jm2205,20220218,20220218,133358500,13:33:58,2556,49330,51100,7442444460,0,0,0
jm2205,20220218,20220218,133359000,13:33:59,2554.5,49331,51100,7442597730,1,0,153270
jm2205,20220218,20220218,133359500,13:33:59,2553,49336,51098,7443363780,5,-2,766050
jm2205,20220218,20220218,133400000,13:34:00,2553,49337,51097,7443516960,1,-1,153180
jm2205,20220218,20220218,133401000,13:34:01,2552.5,49340,51098,7443976500,3,1,459540
jm2205,20220218,20220218,133401500,13:34:02,2551.5,49345,51093,7444742010,5,-5,765510
jm2205,20220218,20220218,133402000,13:34:04,2551,49350,51090,7445507490,5,-3,765480
jm2205,20220218,20220218,133402500,13:34:10,2550.5,49358,51086,7446731850,8,-4,1224360
jm2205,20220218,20220218,133403000,13:34:10,2550.5,49363,51081,7447497000,5,-5,765150
jm2205,20220218,20220218,133403500,13:34:11,2551.5,49366,51078,7447956210,3,-3,459210
jm2205,20220218,20220218,133410000,13:34:12,2552.5,49402,51065,7453467750,36,-13,5511540
jm2205,20220218,20220218,133410500,13:34:12,2552.5,49402,51065,7453467750,0,0,0
jm2205,20220218,20220218,133411500,13:34:12,2553,49403,51066,7453620930,1,1,153180
jm2205,20220218,20220218,133412000,13:34:13,2552.5,49405,51065,7453927260,2,-1,306330
jm2205,20220218,20220218,133412500,13:34:13,2552.5,49406,51065,7454080410,1,0,153150
jm2205,20220218,20220218,133413000,13:34:13,2552.5,49407,51065,7454233560,1,0,153150
jm2205,20220218,20220218,133414500,13:34:15,2552,49409,51065,7454539830,2,0,306270
jm2205,20220218,20220218,133415500,13:34:16,2552.5,49410,51066,7454692980,1,1,153150
jm2205,20220218,20220218,133416000,13:34:16,2553.5,49416,51067,7455612000,6,1,919020
jm2205,20220218,20220218,133416500,13:34:17,2552,49417,51067,7455765120,1,0,153120
jm2205,20220218,20220218,133418000,13:34:18,2553.5,49418,51066,7455918330,1,-1,153210
jm2205,20220218,20220218,133418500,13:34:19,2552,49420,51065,7456224570,2,-1,306240
jm2205,20220218,20220218,133420000,13:34:20,2553.5,49425,51060,7456990590,5,-5,766020
jm2205,20220218,20220218,133420500,13:34:23,2552,49426,51061,7457143710,1,1,153120
jm2205,20220218,20220218,133421000,13:34:23,2553,49427,51061,7457296890,1,0,153180
jm2205,20220218,20220218,133421500,13:34:23,2553,49427,51061,7457296890,0,0,0
jm2205,20220218,20220218,133423000,13:34:24,2552.5,49428,51061,7457450040,1,0,153150
jm2205,20220218,20220218,133423500,13:34:24,2552.5,49428,51061,7457450040,0,0,0
jm2205,20220218,20220218,133425000,13:34:25,2553,49429,51060,7457603220,1,-1,153180
jm2205,20220218,20220218,133425500,13:34:26,2553,49429,51060,7457603220,0,0,0
jm2205,20220218,20220218,133426000,13:34:26,2553,49431,51060,7457909580,2,0,306360
jm2205,20220218,20220218,133427500,13:34:27,2553,49431,51060,7457909580,0,0,0
jm2205,20220218,20220218,133429000,13:34:29,2552,49433,51059,7458215820,2,-1,306240
jm2205,20220218,20220218,133430000,13:34:30,2552,49433,51059,7458215820,0,0,0
jm2205,20220218,20220218,133431000,13:34:31,2552,49433,51059,7458215820,0,0,0
jm2205,20220218,20220218,133432000,13:34:32,2553,49434,51058,7458369000,1,-1,153180
jm2205,20220218,20220218,133432500,13:34:32,2553,49435,51057,7458522180,1,-1,153180
jm2205,20220218,20220218,133433000,13:34:33,2553,49435,51057,7458522180,0,0,0
jm2205,20220218,20220218,133433500,13:34:34,2553,49436,51057,7458675360,1,0,153180
jm2205,20220218,20220218,133434000,13:34:34,2553,49438,51056,7458981720,2,-1,306360
jm2205,20220218,20220218,133434500,13:34:35,2552.5,49440,51056,7459288020,2,0,306300
jm2205,20220218,20220218,133435000,13:34:35,2552.5,49440,51056,7459288020,0,0,0
jm2205,20220218,20220218,133435500,13:34:36,2552.5,49440,51056,7459288020,0,0,0
jm2205,20220218,20220218,133436000,13:34:36,2552,49444,51054,7459900500,4,-2,612480
jm2205,20220218,20220218,133436500,13:34:36,2552.5,49445,51054,7460053650,1,0,153150
jm2205,20220218,20220218,133437000,13:34:37,2552,49447,51053,7460359890,2,-1,306240
jm2205,20220218,20220218,133437500,13:34:38,2552,49447,51053,7460359890,0,0,0
jm2205,20220218,20220218,133438000,13:34:38,2552,49447,51053,7460359890,0,0,0
jm2205,20220218,20220218,133438500,13:34:38,2552,49448,51052,7460513010,1,-1,153120
jm2205,20220218,20220218,133439500,13:34:39,2552.5,49449,51053,7460666160,1,1,153150
jm2205,20220218,20220218,133440500,13:34:41,2552,49450,51054,7460819280,1,1,153120
jm2205,20220218,20220218,133441000,13:34:41,2552,49450,51054,7460819280,0,0,0
jm2205,20220218,20220218,133441500,13:34:43,2552,49451,51055,7460972400,1,1,153120
jm2205,20220218,20220218,133442000,13:34:44,2552.5,49452,51054,7461125550,1,-1,153150
jm2205,20220218,20220218,133442500,13:34:44,2552,49455,51052,7461584970,3,-2,459420
jm2205,20220218,20220218,133444000,13:34:45,2552,49455,51052,7461584970,0,0,0
jm2205,20220218,20220218,133445000,13:34:46,2551.5,49456,51051,7461738060,1,-1,153090
jm2205,20220218,20220218,133445500,13:34:46,2552,49458,51049,7462044300,2,-2,306240
jm2205,20220218,20220218,133447500,13:34:47,2552,49462,51052,7462656780,4,3,612480
jm2205,20220218,20220218,133448000,13:34:48,2552,49462,51052,7462656780,0,0,0
jm2205,20220218,20220218,133448500,13:34:49,2552,49462,51052,7462656780,0,0,0
jm2205,20220218,20220218,133449000,13:34:49,2552,49462,51052,7462656780,0,0,0
jm2205,20220218,20220218,133449500,13:34:49,2553,49464,51053,7462963140,2,1,306360
jm2205,20220218,20220218,133450000,13:34:51,2553,49464,51053,7462963140,0,0,0
jm2205,20220218,20220218,133452500,13:34:53,2554,49466,51053,7463269620,2,0,306480
jm2205,20220218,20220218,133453000,13:34:53,2554,49466,51053,7463269620,0,0,0
jm2205,20220218,20220218,133453500,13:34:56,2554,49466,51053,7463269620,0,0,0
jm2205,20220218,20220218,133454000,13:34:56,2554,49466,51053,7463269620,0,0,0
jm2205,20220218,20220218,133454500,13:34:56,2554,49467,51052,7463422860,1,-1,153240
jm2205,20220218,20220218,133455000,13:34:56,2554,49468,51052,7463576100,1,0,153240
jm2205,20220218,20220218,133456000,13:34:57,2554,49469,51053,7463729340,1,1,153240
jm2205,20220218,20220218,133456500,13:34:57,2554,49469,51053,7463729340,0,0,0
jm2205,20220218,20220218,133457000,13:34:57,2553,49471,51053,7464035700,2,0,306360
jm2205,20220218,20220218,133458000,13:34:58,2554,49472,51054,7464188940,1,1,153240
jm2205,20220218,20220218,133458500,13:34:59,2554,49476,51054,7464801900,4,0,612960
jm2205,20220218,20220218,133459500,13:35:00,2554,49476,51054,7464801900,0,0,0
jm2205,20220218,20220218,133500000,13:35:00,2554,49476,51054,7464801900,0,0,0
jm2205,20220218,20220218,133500500,13:35:00,2554,49477,51054,7464955140,1,0,153240
jm2205,20220218,20220218,133501000,13:35:04,2554,49478,51055,7465108380,1,1,153240
jm2205,20220218,20220218,133504500,13:35:10,2554,49478,51055,7465108380,0,0,0
jm2205,20220218,20220218,133510000,13:35:10,2554,49478,51055,7465108380,0,0,0
jm2205,20220218,20220218,133510500,13:35:11,2554,49478,51055,7465108380,0,0,0
jm2205,20220218,20220218,133511000,13:35:11,2554,49490,51057,7466947020,12,2,1838640
jm2205,20220218,20220218,133511500,13:35:12,2554,49490,51057,7466947020,0,0,0
jm2205,20220218,20220218,133512000,13:35:13,2554,49490,51057,7466947020,0,0,0
jm2205,20220218,20220218,133513000,13:35:13,2554,49491,51058,7467100260,1,1,153240
jm2205,20220218,20220218,133514000,13:35:14,2554,49491,51058,7467100260,0,0,0
jm2205,20220218,20220218,133514500,13:35:15,2553.5,49492,51058,7467253470,1,0,153210
jm2205,20220218,20220218,133516000,13:35:16,2554.5,49497,51061,7468019700,5,3,766230
jm2205,20220218,20220218,133516500,13:35:16,2554.5,49497,51061,7468019700,0,0,0
jm2205,20220218,20220218,133517000,13:35:17,2554,49498,51062,7468172940,1,1,153240
jm2205,20220218,20220218,133519000,13:35:19,2554.5,49499,51062,7468326210,1,0,153270
jm2205,20220218,20220218,133519500,13:35:20,2554.5,49499,51062,7468326210,0,0,0
jm2205,20220218,20220218,133520000,13:35:20,2555,49501,51062,7468632810,2,0,306600
jm2205,20220218,20220218,133520500,13:35:21,2555,49504,51059,7469092710,3,-3,459900
jm2205,20220218,20220218,133524500,13:35:25,2555,49509,51057,7469859210,5,-2,766500
jm2205,20220218,20220218,133525000,13:35:25,2555,49512,51057,7470319110,3,0,459900
jm2205,20220218,20220218,133525500,13:35:26,2555,49514,51055,7470625710,2,-2,306600
jm2205,20220218,20220218,133526000,13:35:26,2555,49526,51053,7472465310,12,-2,1839600
jm2205,20220218,20220218,133526500,13:35:27,2555.5,49539,51054,7474458240,13,1,1992930
jm2205,20220218,20220218,133527000,13:35:27,2555.5,49539,51054,7474458240,0,0,0
jm2205,20220218,20220218,133527500,13:35:31,2555,49541,51055,7474764870,2,1,306630
jm2205,20220218,20220218,133528000,13:35:32,2555,49541,51055,7474764870,0,0,0
jm2205,20220218,20220218,133530500,13:35:33,2556,49545,51056,7475378220,4,1,613350
jm2205,20220218,20220218,133540000,13:35:43,2556,49545,51056,7475378220,0,0,0
jm2205,20220218,20220218,133542000,13:35:44,2556,49545,51056,7475378220,0,0,0
jm2205,20220218,20220218,133542500,13:35:44,2556.5,49552,51058,7476451530,7,2,1073310
jm2205,20220218,20220218,133543000,13:35:44,2556.5,49553,51058,7476604920,1,0,153390
jm2205,20220218,20220218,133544500,13:35:45,2556.5,49554,51057,7476758310,1,-1,153390
jm2205,20220218,20220218,133545000,13:35:46,2556,49556,51058,7477064970,2,1,306660
jm2205,20220218,20220218,133546500,13:35:46,2556,49557,51059,7477218330,1,1,153360
jm2205,20220218,20220218,133547000,13:35:47,2556,49558,51058,7477371690,1,-1,153360
jm2205,20220218,20220218,133547500,13:35:48,2556,49558,51058,7477371690,0,0,0
jm2205,20220218,20220218,133548000,13:35:48,2556,49559,51059,7477525050,1,1,153360
jm2205,20220218,20220218,133548500,13:35:48,2556,49560,51059,7477678410,1,0,153360
jm2205,20220218,20220218,133549000,13:35:49,2556,49560,51059,7477678410,0,0,0
jm2205,20220218,20220218,133551000,13:35:51,2556.5,49561,51060,7477831800,1,1,153390
jm2205,20220218,20220218,133551500,13:35:51,2556,49562,51060,7477985160,1,0,153360
jm2205,20220218,20220218,133552500,13:35:52,2556,49563,51060,7478138520,1,0,153360
jm2205,20220218,20220218,133553000,13:35:53,2556.5,49564,51060,7478291910,1,0,153390
jm2205,20220218,20220218,133555000,13:35:56,2556,49567,51058,7478752020,3,-2,460110
jm2205,20220218,20220218,133555500,13:35:56,2556,49568,51058,7478905380,1,0,153360
jm2205,20220218,20220218,133556500,13:35:57,2555.5,49569,51058,7479058710,1,0,153330
jm2205,20220218,20220218,133557000,13:35:59,2555,49570,51057,7479212010,1,-1,153300
jm2205,20220218,20220218,133557500,13:35:59,2555,49570,51057,7479212010,0,0,0
jm2205,20220218,20220218,133558500,13:36:03,2555,49570,51057,7479212010,0,0,0
jm2205,20220218,20220218,133559500,13:36:03,2555,49570,51057,7479212010,0,0,0
jm2205,20220218,20220218,133601000,13:36:03,2555,49571,51057,7479365310,1,0,153300
jm2205,20220218,20220218,133602500,13:36:04,2555.5,49572,51057,7479518640,1,0,153330
jm2205,20220218,20220218,133603000,13:36:05,2555.5,49572,51057,7479518640,0,0,0
jm2205,20220218,20220218,133604000,13:36:06,2555.5,49572,51057,7479518640,0,0,0
jm2205,20220218,20220218,133605000,13:36:06,2555.5,49573,51058,7479671970,1,1,153330
jm2205,20220218,20220218,133606000,13:36:07,2555.5,49574,51059,7479825300,1,1,153330
jm2205,20220218,20220218,133607000,13:36:08,2555.5,49574,51059,7479825300,0,0,0
jm2205,20220218,20220218,133607500,13:36:08,2555.5,49575,51060,7479978630,1,1,153330
jm2205,20220218,20220218,133608000,13:36:08,2555.5,49575,51060,7479978630,0,0,0
jm2205,20220218,20220218,133608500,13:36:09,2554.5,49578,51060,7480438440,3,0,459810
jm2205,20220218,20220218,133609000,13:36:09,2555,49583,51060,7481204730,5,0,766290
jm2205,20220218,20220218,133610500,13:36:11,2555,49583,51060,7481204730,0,0,0
jm2205,20220218,20220218,133611500,13:36:12,2553.5,49584,51060,7481357940,1,0,153210
jm2205,20220218,20220218,133612000,13:36:12,2555,49585,51060,7481511240,1,0,153300
jm2205,20220218,20220218,133613000,13:36:13,2553.5,49587,51060,7481817750,2,0,306510
jm2205,20220218,20220218,133613500,13:36:14,2553.5,49587,51060,7481817750,0,0,0
jm2205,20220218,20220218,133614500,13:36:14,2553.5,49587,51060,7481817750,0,0,0
jm2205,20220218,20220218,133615500,13:36:15,2553.5,49589,51060,7482124260,2,0,306510
jm2205,20220218,20220218,133616000,13:36:16,2553.5,49589,51060,7482124260,0,0,0
jm2205,20220218,20220218,133616500,13:36:17,2553.5,49590,51060,7482277470,1,0,153210
jm2205,20220218,20220218,133617000,13:36:17,2553,49591,51061,7482430650,1,1,153180
jm2205,20220218,20220218,133617500,13:36:19,2553.5,49592,51060,7482583860,1,-1,153210
jm2205,20220218,20220218,133618000,13:36:19,2553.5,49592,51060,7482583860,0,0,0
jm2205,20220218,20220218,133618500,13:36:19,2553.5,49592,51060,7482583860,0,0,0
jm2205,20220218,20220218,133619000,13:36:19,2553,49595,51063,7483043460,3,3,459600
jm2205,20220218,20220218,133619500,13:36:19,2553,49595,51063,7483043460,0,0,0
jm2205,20220218,20220218,133620000,13:36:20,2553,49596,51063,7483196640,1,0,153180
jm2205,20220218,20220218,133621000,13:36:21,2553,49596,51063,7483196640,0,0,0
jm2205,20220218,20220218,133621500,13:36:21,2553,49596,51063,7483196640,0,0,0
jm2205,20220218,20220218,133622000,13:36:22,2553,49596,51063,7483196640,0,0,0
jm2205,20220218,20220218,133623000,13:36:23,2554,49597,51063,7483349880,1,0,153240
jm2205,20220218,20220218,133623500,13:36:23,2554,49598,51063,7483503120,1,0,153240
jm2205,20220218,20220218,133624000,13:36:24,2554,49599,51064,7483656360,1,1,153240
jm2205,20220218,20220218,133624500,13:36:24,2554,49600,51065,7483809600,1,1,153240
jm2205,20220218,20220218,133625000,13:36:25,2554,49602,51067,7484116080,2,2,306480
jm2205,20220218,20220218,133625500,13:36:26,2553.5,49603,51066,7484269290,1,-1,153210
jm2205,20220218,20220218,133627500,13:36:28,2554,49604,51066,7484422530,1,0,153240
jm2205,20220218,20220218,133628500,13:36:29,2554,49604,51066,7484422530,0,0,0
jm2205,20220218,20220218,133629000,13:36:29,2554,49604,51066,7484422530,0,0,0
jm2205,20220218,20220218,133629500,13:36:30,2553,49605,51066,7484575710,1,0,153180
jm2205,20220218,20220218,133630000,13:36:30,2553.5,49606,51066,7484728920,1,0,153210
jm2205,20220218,20220218,133630500,13:36:31,2553,49607,51066,7484882100,1,0,153180
jm2205,20220218,20220218,133631000,13:36:31,2553,49608,51066,7485035280,1,0,153180
jm2205,20220218,20220218,133631500,13:36:31,2554,49609,51067,7485188520,1,1,153240
jm2205,20220218,20220218,133632000,13:36:32,2553,49610,51068,7485341700,1,1,153180
jm2205,20220218,20220218,133632500,13:36:32,2553,49611,51068,7485494880,1,0,153180
jm2205,20220218,20220218,133633000,13:36:33,2552.5,49613,51067,7485801180,2,-1,306300
jm2205,20220218,20220218,133633500,13:36:34,2553,49614,51067,7485954360,1,0,153180
jm2205,20220218,20220218,133634000,13:36:34,2553,49614,51067,7485954360,0,0,0
jm2205,20220218,20220218,133635000,13:36:35,2553,49614,51067,7485954360,0,0,0
jm2205,20220218,20220218,133635500,13:36:36,2553,49614,51067,7485954360,0,0,0
jm2205,20220218,20220218,133637000,13:36:38,2552.5,49615,51067,7486107510,1,0,153150
jm2205,20220218,20220218,133637500,13:36:38,2552,49623,51059,7487332470,8,-8,1224960
jm2205,20220218,20220218,133638000,13:36:38,2551.5,49626,51057,7487791800,3,-2,459330
jm2205,20220218,20220218,133638500,13:36:39,2551.5,49627,51057,7487944890,1,0,153090
jm2205,20220218,20220218,133639000,13:36:39,2551.5,49627,51057,7487944890,0,0,0
jm2205,20220218,20220218,133639500,13:36:39,2551.5,49627,51057,7487944890,0,0,0
jm2205,20220218,20220218,133640000,13:36:40,2551.5,49628,51056,7488097980,1,-1,153090
jm2205,20220218,20220218,133640500,13:36:40,2550.5,49629,51056,7488251010,1,0,153030
jm2205,20220218,20220218,133641000,13:36:41,2551.5,49630,51056,7488404100,1,0,153090
jm2205,20220218,20220218,133641500,13:36:42,2551.5,49631,51056,7488557190,1,0,153090
jm2205,20220218,20220218,133642000,13:36:42,2551.5,49632,51056,7488710280,1,0,153090
jm2205,20220218,20220218,133642500,13:36:42,2551.5,49633,51056,7488863370,1,0,153090
jm2205,20220218,20220218,133644500,13:36:44,2551.5,49637,51056,7489475640,4,0,612270
jm2205,20220218,20220218,133645000,13:36:45,2551.5,49640,51058,7489934910,3,2,459270
jm2205,20220218,20220218,133645500,13:36:46,2551.5,49640,51058,7489934910,0,0,0
jm2205,20220218,20220218,133646000,13:36:46,2551.5,49642,51060,7490241090,2,2,306180
jm2205,20220218,20220218,133647500,13:36:48,2551.5,49645,51058,7490700360,3,-2,459270
jm2205,20220218,20220218,133648000,13:36:48,2551.5,49647,51056,7491006540,2,-2,306180
jm2205,20220218,20220218,133648500,13:36:48,2551.5,49648,51057,7491159630,1,1,153090
jm2205,20220218,20220218,133649000,13:36:49,2551.5,49648,51057,7491159630,0,0,0
jm2205,20220218,20220218,133650000,13:36:50,2551.5,49649,51057,7491312720,1,0,153090
jm2205,20220218,20220218,133650500,13:36:50,2551,49650,51057,7491465780,1,0,153060
jm2205,20220218,20220218,133651000,13:36:51,2551,49650,51057,7491465780,0,0,0
jm2205,20220218,20220218,133652000,13:36:52,2552,49652,51056,7491772020,2,-1,306240
jm2205,20220218,20220218,133652500,13:36:53,2552,49658,51056,7492690650,6,0,918630
jm2205,20220218,20220218,133653000,13:36:53,2551.5,49659,51057,7492843740,1,1,153090
jm2205,20220218,20220218,133653500,13:36:54,2551.5,49659,51057,7492843740,0,0,0
jm2205,20220218,20220218,133654500,13:36:54,2551,49660,51057,7492996800,1,0,153060
jm2205,20220218,20220218,133655500,13:36:56,2551.5,49662,51058,7493302950,2,1,306150
jm2205,20220218,20220218,133656000,13:36:56,2551,49663,51058,7493456010,1,0,153060
jm2205,20220218,20220218,133656500,13:36:57,2551,49664,51058,7493609070,1,0,153060
jm2205,20220218,20220218,133658000,13:36:58,2551,49664,51058,7493609070,0,0,0
jm2205,20220218,20220218,133658500,13:36:59,2551,49664,51058,7493609070,0,0,0
jm2205,20220218,20220218,133659000,13:36:59,2551,49664,51058,7493609070,0,0,0
jm2205,20220218,20220218,133659500,13:37:00,2550.5,49665,51058,7493762100,1,0,153030
jm2205,20220218,20220218,133700000,13:37:00,2551,49667,51056,7494068190,2,-2,306090
jm2205,20220218,20220218,133700500,13:37:00,2551,49667,51056,7494068190,0,0,0
jm2205,20220218,20220218,133701000,13:37:01,2550.5,49671,51057,7494680250,4,1,612060
jm2205,20220218,20220218,133702000,13:37:02,2550,49674,51056,7495139250,3,-1,459000
jm2205,20220218,20220218,133702500,13:37:03,2551.5,49676,51056,7495445430,2,0,306180
jm2205,20220218,20220218,133703000,13:37:03,2550.5,49677,51055,7495598460,1,-1,153030
jm2205,20220218,20220218,133704000,13:37:04,2550.5,49677,51055,7495598460,0,0,0
jm2205,20220218,20220218,133705500,13:37:07,2550.5,49678,51055,7495751490,1,0,153030
jm2205,20220218,20220218,133706000,13:37:08,2550.5,49680,51053,7496057550,2,-2,306060
jm2205,20220218,20220218,133706500,13:37:08,2550.5,49680,51053,7496057550,0,0,0
jm2205,20220218,20220218,133707500,13:37:08,2550.5,49680,51053,7496057550,0,0,0
jm2205,20220218,20220218,133708000,13:37:08,2550.5,49681,51053,7496210580,1,0,153030
jm2205,20220218,20220218,133708500,13:37:08,2551.5,49682,51052,7496363670,1,-1,153090
jm2205,20220218,20220218,133709000,13:37:09,2551,49683,51052,7496516730,1,0,153060
jm2205,20220218,20220218,133709500,13:37:11,2551,49683,51052,7496516730,0,0,0
jm2205,20220218,20220218,133710000,13:37:11,2551.5,49687,51051,7497129090,4,-1,612360
jm2205,20220218,20220218,133710500,13:37:11,2551,49688,51052,7497282150,1,1,153060
jm2205,20220218,20220218,133711500,13:37:13,2551,49688,51052,7497282150,0,0,0
jm2205,20220218,20220218,133712000,13:37:13,2551,49693,51052,7498047450,5,0,765300
jm2205,20220218,20220218,133712500,13:37:13,2551.5,49695,51052,7498353570,2,0,306120
jm2205,20220218,20220218,133713000,13:37:14,2551.5,49695,51052,7498353570,0,0,0
jm2205,20220218,20220218,133714000,13:37:14,2551.5,49697,51050,7498659720,2,-2,306150
jm2205,20220218,20220218,133714500,13:37:15,2551,49699,51049,7498965870,2,-1,306150
jm2205,20220218,20220218,133715000,13:37:15,2551,49700,51049,7499118930,1,0,153060
jm2205,20220218,20220218,133716000,13:37:16,2552,49702,51049,7499425110,2,0,306180
jm2205,20220218,20220218,133716500,13:37:17,2551,49704,51048,7499731230,2,-1,306120
jm2205,20220218,20220218,133717000,13:37:18,2552,49705,51047,7499884350,1,-1,153120
jm2205,20220218,20220218,133718000,13:37:18,2551,49707,51047,7500190470,2,0,306120
jm2205,20220218,20220218,133719000,13:37:19,2551,49707,51047,7500190470,0,0,0
jm2205,20220218,20220218,133719500,13:37:20,2551.5,49708,51048,7500343560,1,1,153090
jm2205,20220218,20220218,133720000,13:37:21,2550.5,49710,51048,7500649680,2,0,306120
jm2205,20220218,20220218,133720500,13:37:21,2550.5,49711,51048,7500802710,1,0,153030
jm2205,20220218,20220218,133721500,13:37:21,2551.5,49712,51047,7500955800,1,-1,153090
jm2205,20220218,20220218,133722000,13:37:22,2550.5,49713,51047,7501108830,1,0,153030
jm2205,20220218,20220218,133722500,13:37:22,2550.5,49714,51046,7501261860,1,-1,153030
jm2205,20220218,20220218,133723000,13:37:23,2550.5,49716,51048,7501567920,2,2,306060
jm2205,20220218,20220218,133723500,13:37:23,2550.5,49718,51050,7501873980,2,2,306060
jm2205,20220218,20220218,133725000,13:37:25,2550.5,49718,51050,7501873980,0,0,0
jm2205,20220218,20220218,133725500,13:37:26,2550.5,49720,51050,7502180040,2,0,306060
jm2205,20220218,20220218,133726000,13:37:26,2550.5,49720,51050,7502180040,0,0,0
jm2205,20220218,20220218,133726500,13:37:27,2550.5,49720,51050,7502180040,0,0,0
jm2205,20220218,20220218,133727000,13:37:27,2550.5,49722,51048,7502486100,2,-2,306060
jm2205,20220218,20220218,133727500,13:37:27,2550.5,49724,51048,7502792160,2,0,306060
jm2205,20220218,20220218,133729000,13:37:29,2550.5,49725,51048,7502945190,1,0,153030
jm2205,20220218,20220218,133729500,13:37:30,2550,49727,51046,7503251220,2,-2,306030
jm2205,20220218,20220218,133730000,13:37:30,2551.5,49729,51046,7503557400,2,0,306180
jm2205,20220218,20220218,133730500,13:37:31,2551.5,49731,51044,7503863580,2,-2,306180
jm2205,20220218,20220218,133731000,13:37:31,2551.5,49733,51042,7504169760,2,-2,306180
jm2205,20220218,20220218,133733000,13:37:33,2552,49734,51041,7504322880,1,-1,153120
jm2205,20220218,20220218,133733500,13:37:33,2551.5,49737,51039,7504782150,3,-2,459270
jm2205,20220218,20220218,133734000,13:37:34,2551.5,49740,51037,7505241420,3,-2,459270
jm2205,20220218,20220218,133734500,13:37:34,2551.5,49740,51037,7505241420,0,0,0
jm2205,20220218,20220218,133735000,13:37:35,2551.5,49741,51038,7505394510,1,1,153090
jm2205,20220218,20220218,133735500,13:37:36,2551.5,49741,51038,7505394510,0,0,0
jm2205,20220218,20220218,133736000,13:37:36,2550,49743,51038,7505700510,2,0,306000
jm2205,20220218,20220218,133736500,13:37:37,2551.5,49744,51038,7505853600,1,0,153090
jm2205,20220218,20220218,133737000,13:37:37,2551.5,49744,51038,7505853600,0,0,0
jm2205,20220218,20220218,133738500,13:37:39,2550,49756,51035,7507689600,12,-3,1836000
jm2205,20220218,20220218,133739000,13:37:39,2551.5,49765,51039,7509067020,9,4,1377420
jm2205,20220218,20220218,133739500,13:37:39,2550,49766,51039,7509220020,1,0,153000
jm2205,20220218,20220218,133741500,13:37:41,2550,49767,51039,7509373020,1,0,153000
jm2205,20220218,20220218,133742500,13:37:43,2550,49767,51039,7509373020,0,0,0
jm2205,20220218,20220218,133743000,13:37:44,2550,49768,51038,7509526020,1,-1,153000
jm2205,20220218,20220218,133744500,13:37:45,2552,49769,51037,7509679140,1,-1,153120
jm2205,20220218,20220218,133745500,13:37:45,2550.5,49770,51038,7509832170,1,1,153030
jm2205,20220218,20220218,133746000,13:37:46,2550.5,49772,51038,7510138230,2,0,306060
jm2205,20220218,20220218,133746500,13:37:47,2552,49774,51038,7510444470,2,0,306240
jm2205,20220218,20220218,133747000,13:37:47,2552,49774,51038,7510444470,0,0,0
jm2205,20220218,20220218,133747500,13:37:48,2552,49774,51038,7510444470,0,0,0
jm2205,20220218,20220218,133748000,13:37:48,2552,49774,51038,7510444470,0,0,0
jm2205,20220218,20220218,133748500,13:37:48,2552,49774,51038,7510444470,0,0,0
jm2205,20220218,20220218,133749500,13:37:49,2552,49778,51036,7511056950,4,-2,612480
jm2205,20220218,20220218,133750500,13:37:51,2552,49778,51036,7511056950,0,0,0
jm2205,20220218,20220218,133751000,13:37:51,2551,49779,51036,7511210010,1,0,153060
jm2205,20220218,20220218,133751500,13:37:53,2551,49779,51036,7511210010,0,0,0
jm2205,20220218,20220218,133752500,13:37:54,2552,49780,51035,7511363130,1,-1,153120
jm2205,20220218,20220218,133753500,13:37:55,2551.5,49781,51035,7511516220,1,0,153090
jm2205,20220218,20220218,133755500,13:37:55,2551.5,49781,51035,7511516220,0,0,0
jm2205,20220218,20220218,133758000,13:37:58,2552,49782,51036,7511669340,1,1,153120
jm2205,20220218,20220218,133759500,13:38:00,2552,49782,51036,7511669340,0,0,0
jm2205,20220218,20220218,133800000,13:38:02,2552,49782,51036,7511669340,0,0,0
jm2205,20220218,20220218,133800500,13:38:02,2552,49784,51036,7511975580,2,0,306240
jm2205,20220218,20220218,133803000,13:38:06,2551,49785,51036,7512128640,1,0,153060
jm2205,20220218,20220218,133805000,13:38:06,2551,49785,51036,7512128640,0,0,0
jm2205,20220218,20220218,133805500,13:38:07,2551,49785,51036,7512128640,0,0,0
jm2205,20220218,20220218,133806500,13:38:09,2553.5,49788,51036,7512588090,3,0,459450
jm2205,20220218,20220218,133808000,13:38:09,2552.5,49791,51038,7513047570,3,2,459480
jm2205,20220218,20220218,133809500,13:38:10,2554,49792,51037,7513200810,1,-1,153240
jm2205,20220218,20220218,133810000,13:38:10,2554,49792,51037,7513200810,0,0,0
jm2205,20220218,20220218,133811000,13:38:13,2554,49792,51037,7513200810,0,0,0
jm2205,20220218,20220218,133812500,13:38:14,2554,49793,51037,7513354050,1,0,153240
jm2205,20220218,20220218,133813000,13:38:15,2554,49793,51037,7513354050,0,0,0
jm2205,20220218,20220218,133815000,13:38:17,2554,49795,51035,7513660500,2,-2,306450
jm2205,20220218,20220218,133815500,13:38:17,2554,49796,51035,7513813740,1,0,153240
jm2205,20220218,20220218,133817000,13:38:18,2554,49796,51035,7513813740,0,0,0
jm2205,20220218,20220218,133817500,13:38:18,2554,49798,51035,7514120190,2,0,306450
jm2205,20220218,20220218,133818000,13:38:18,2553.5,49799,51035,7514273400,1,0,153210
jm2205,20220218,20220218,133825000,13:38:41,2554,49800,51035,7514426640,1,0,153240
jm2205,20220218,20220218,133825500,13:38:41,2554,49800,51035,7514426640,0,0,0
jm2205,20220218,20220218,133838500,13:38:43,2555,49822,51045,7517799120,22,10,3372480
jm2205,20220218,20220218,133842000,13:38:43,2556,49823,51046,7517952480,1,1,153360
jm2205,20220218,20220218,133842500,13:38:43,2556,49825,51046,7518259200,2,0,306720
jm2205,20220218,20220218,133843500,13:38:44,2556,49826,51046,7518412560,1,0,153360
jm2205,20220218,20220218,133844000,13:38:44,2555,49827,51047,7518565860,1,1,153300
jm2205,20220218,20220218,133844500,13:38:44,2556,49831,51048,7519179300,4,1,613440
jm2205,20220218,20220218,133845000,13:38:45,2556,49831,51048,7519179300,0,0,0
jm2205,20220218,20220218,133846000,13:38:46,2556,49833,51050,7519485960,2,2,306660
jm2205,20220218,20220218,133847500,13:38:47,2556.5,49834,51050,7519639350,1,0,153390
jm2205,20220218,20220218,133850000,13:38:50,2556.5,49835,51049,7519792740,1,-1,153390
jm2205,20220218,20220218,133853000,13:38:53,2556.5,49838,51048,7520252910,3,-1,460170
jm2205,20220218,20220218,133857000,13:38:57,2556.5,49838,51048,7520252910,0,0,0
jm2205,20220218,20220218,133902000,13:39:02,2556.5,49844,51046,7521173250,6,-2,920340
jm2205,20220218,20220218,133903500,13:39:03,2556.5,49846,51045,7521480030,2,-1,306780
jm2205,20220218,20220218,133910500,13:39:10,2556.5,49846,51045,7521480030,0,0,0
jm2205,20220218,20220218,133913500,13:39:13,2556.5,49849,51045,7521940200,3,0,460170
jm2205,20220218,20220218,133914000,13:39:15,2555.5,49853,51046,7522553640,4,1,613440
jm2205,20220218,20220218,133914500,13:39:16,2554,49875,51047,7525926360,22,1,3372720
jm2205,20220218,20220218,133915000,13:39:19,2554.5,49876,51048,7526079630,1,1,153270
jm2205,20220218,20220218,133915500,13:39:19,2553.5,49877,51048,7526232840,1,0,153210
jm2205,20220218,20220218,133918000,13:39:19,2553,49878,51047,7526386020,1,-1,153180
jm2205,20220218,20220218,133919000,13:39:19,2554.5,49883,51048,7527152010,5,1,765990
jm2205,20220218,20220218,133919500,13:39:19,2554.5,49883,51048,7527152010,0,0,0
jm2205,20220218,20220218,133922500,13:39:23,2556.5,49894,51056,7528838760,11,8,1686750
jm2205,20220218,20220218,133923500,13:39:23,2556.5,49894,51056,7528838760,0,0,0
jm2205,20220218,20220218,133924000,13:39:24,2554,49895,51057,7528992000,1,1,153240
jm2205,20220218,20220218,133925000,13:39:25,2554,49895,51057,7528992000,0,0,0
jm2205,20220218,20220218,133927500,13:39:27,2554,49895,51057,7528992000,0,0,0
jm2205,20220218,20220218,133929000,13:39:29,2554,49895,51057,7528992000,0,0,0
jm2205,20220218,20220218,133930500,13:39:30,2554,49895,51057,7528992000,0,0,0
jm2205,20220218,20220218,133933500,13:39:33,2554,49895,51057,7528992000,0,0,0
jm2205,20220218,20220218,133934500,13:39:34,2554,49897,51059,7529298480,2,2,306480
jm2205,20220218,20220218,133939500,13:39:39,2554,49897,51059,7529298480,0,0,0
jm2205,20220218,20220218,133940000,13:39:40,2554,49897,51059,7529298480,0,0,0
jm2205,20220218,20220218,133941000,13:39:41,2554,49898,51060,7529451720,1,1,153240
jm2205,20220218,20220218,133943000,13:39:43,2553.5,49900,51059,7529758170,2,-1,306450
jm2205,20220218,20220218,133944000,13:39:44,2553,49901,51059,7529911350,1,0,153180
jm2205,20220218,20220218,133945000,13:39:45,2554,49902,51059,7530064590,1,0,153240
jm2205,20220218,20220218,133945500,13:39:46,2552,49904,51060,7530370830,2,1,306240
jm2205,20220218,20220218,133946000,13:39:47,2552,49910,51061,7531289640,6,1,918810
jm2205,20220218,20220218,133947000,13:39:47,2552,49910,51061,7531289640,0,0,0
jm2205,20220218,20220218,133947500,13:39:47,2551,49911,51061,7531442700,1,0,153060
jm2205,20220218,20220218,133948000,13:39:48,2551,49911,51061,7531442700,0,0,0
jm2205,20220218,20220218,133948500,13:39:48,2551,49911,51061,7531442700,0,0,0
jm2205,20220218,20220218,133949000,13:39:49,2551,49912,51060,7531595760,1,-1,153060
jm2205,20220218,20220218,133949500,13:39:50,2551,49912,51060,7531595760,0,0,0
jm2205,20220218,20220218,133950500,13:39:50,2551,49912,51060,7531595760,0,0,0
jm2205,20220218,20220218,133951000,13:39:51,2551,49913,51059,7531748820,1,-1,153060
jm2205,20220218,20220218,133951500,13:39:51,2551,49914,51059,7531901880,1,0,153060
jm2205,20220218,20220218,133952000,13:39:53,2551,49916,51057,7532208000,2,-2,306120
jm2205,20220218,20220218,133952500,13:39:53,2551,49916,51057,7532208000,0,0,0
jm2205,20220218,20220218,133953000,13:39:54,2551,49917,51058,7532361060,1,1,153060
jm2205,20220218,20220218,133953500,13:39:54,2551,49917,51058,7532361060,0,0,0
jm2205,20220218,20220218,133954000,13:39:55,2551,49918,51057,7532514120,1,-1,153060
jm2205,20220218,20220218,133954500,13:39:55,2551,49919,51057,7532667180,1,0,153060
jm2205,20220218,20220218,133955000,13:39:55,2551,49920,51057,7532820240,1,0,153060
jm2205,20220218,20220218,133956000,13:39:56,2551,49920,51057,7532820240,0,0,0
jm2205,20220218,20220218,133957000,13:39:57,2551,49920,51057,7532820240,0,0,0
jm2205,20220218,20220218,133957500,13:40:13,2552,49922,51057,7533126420,2,0,306180
jm2205,20220218,20220218,133958000,13:40:13,2552,49922,51057,7533126420,0,0,0
jm2205,20220218,20220218,134011500,13:40:13,2550.5,49941,51050,7536034890,19,-7,2908470
jm2205,20220218,20220218,134013500,13:40:13,2550.5,49942,51049,7536187920,1,-1,153030
jm2205,20220218,20220218,134014000,13:40:14,2550.5,49943,51050,7536340950,1,1,153030
jm2205,20220218,20220218,134014500,13:40:16,2550,49945,51051,7536646980,2,1,306030
jm2205,20220218,20220218,134015000,13:40:16,2550.5,49949,51051,7537259190,4,0,612210
jm2205,20220218,20220218,134016000,13:40:16,2551,49950,51051,7537412250,1,0,153060
