l2206,20220218,20220218,112003000,11:20:04,8732,22606,91931,984358540,22606,663,984358540
l2206,20220218,20220218,112004500,11:20:09,8732,22606,91931,984358540,0,0,0
l2206,20220218,20220218,112005000,11:20:10,8732,22606,91931,984358540,0,0,0
l2206,20220218,20220218,112007500,11:20:10,8732,22606,91931,984358540,0,0,0
l2206,20220218,20220218,112008000,11:20:10,8732,22606,91931,984358540,0,0,0
l2206,20220218,20220218,112008500,11:20:10,8732,22606,91931,984358540,0,0,0
l2206,20220218,20220218,112009000,11:20:10,8732,22606,91931,984358540,0,0,0
l2206,20220218,20220218,112010000,11:20:10,8732,22606,91931,984358540,0,0,0
l2206,20220218,20220218,112010500,11:20:10,8732,22606,91931,984358540,0,0,0
l2206,20220218,20220218,112011000,11:20:11,8732,22606,91931,984358540,0,0,0
l2206,20220218,20220218,112011500,11:20:12,8732,22606,91931,984358540,0,0,0
l2206,20220218,20220218,112012000,11:20:12,8732,22606,91931,984358540,0,0,0
l2206,20220218,20220218,112012500,11:20:12,8732,22606,91931,984358540,0,0,0
l2206,20220218,20220218,112013000,11:20:13,8735,22607,91931,984402215,1,0,43675
l2206,20220218,20220218,112013500,11:20:13,8735,22607,91931,984402215,0,0,0
l2206,20220218,20220218,112014000,11:20:14,8735,22607,91931,984402215,0,0,0
l2206,20220218,20220218,112015500,11:20:16,8735,22607,91931,984402215,0,0,0
l2206,20220218,20220218,112016500,11:20:16,8735,22607,91931,984402215,0,0,0
l2206,20220218,20220218,112017000,11:20:17,8735,22607,91931,984402215,0,0,0
l2206,20220218,20220218,112017500,11:20:17,8735,22607,91931,984402215,0,0,0
l2206,20220218,20220218,112018000,11:20:18,8735,22607,91931,984402215,0,0,0
l2206,20220218,20220218,112018500,11:20:18,8735,22607,91931,984402215,0,0,0
l2206,20220218,20220218,112019000,11:20:19,8735,22607,91931,984402215,0,0,0
l2206,20220218,20220218,112020000,11:20:20,8735,22607,91931,984402215,0,0,0
l2206,20220218,20220218,112020500,11:20:21,8735,22607,91931,984402215,0,0,0
l2206,20220218,20220218,112021000,11:20:21,8735,22607,91931,984402215,0,0,0
l2206,20220218,20220218,112021500,11:20:21,8735,22607,91931,984402215,0,0,0
l2206,20220218,20220218,112022000,11:20:22,8735,22607,91931,984402215,0,0,0
l2206,20220218,20220218,112022500,11:20:23,8735,22607,91931,984402215,0,0,0
l2206,20220218,20220218,112023000,11:20:23,8735,22607,91931,984402215,0,0,0
l2206,20220218,20220218,112023500,11:20:23,8735,22607,91931,984402215,0,0,0
l2206,20220218,20220218,112024000,11:20:24,8735,22607,91931,984402215,0,0,0
l2206,20220218,20220218,112024500,11:20:24,8735,22607,91931,984402215,0,0,0
l2206,20220218,20220218,112025000,11:20:25,8735,22607,91931,984402215,0,0,0
l2206,20220218,20220218,112025500,11:20:25,8735,22607,91931,984402215,0,0,0
l2206,20220218,20220218,112026000,11:20:26,8735,22607,91931,984402215,0,0,0
l2206,20220218,20220218,112026500,11:20:26,8735,22607,91931,984402215,0,0,0
l2206,20220218,20220218,112027000,11:20:27,8735,22607,91931,984402215,0,0,0
l2206,20220218,20220218,112027500,11:20:28,8735,22607,91931,984402215,0,0,0
l2206,20220218,20220218,112028000,11:20:28,8735,22607,91931,984402215,0,0,0
l2206,20220218,20220218,112028500,11:20:28,8735,22607,91931,984402215,0,0,0
l2206,20220218,20220218,112029000,11:20:29,8735,22607,91931,984402215,0,0,0
l2206,20220218,20220218,112029500,11:20:30,8735,22607,91931,984402215,0,0,0
l2206,20220218,20220218,112030000,11:20:31,8735,22607,91931,984402215,0,0,0
l2206,20220218,20220218,112030500,11:20:31,8735,22607,91931,984402215,0,0,0
l2206,20220218,20220218,112031000,11:20:32,8732,22678,91946,987502035,71,15,3099820
l2206,20220218,20220218,112031500,11:20:32,8732,22699,91958,988418855,21,12,916820
l2206,20220218,20220218,112032000,11:20:32,8733,22715,91964,989117495,16,6,698640
l2206,20220218,20220218,112032500,11:20:32,8733,22715,91964,989117495,0,0,0
l2206,20220218,20220218,112033000,11:20:33,8733,22715,91964,989117495,0,0,0
l2206,20220218,20220218,112033500,11:20:33,8733,22715,91964,989117495,0,0,0
l2206,20220218,20220218,112034000,11:20:34,8733,22715,91964,989117495,0,0,0
l2206,20220218,20220218,112034500,11:20:34,8733,22715,91964,989117495,0,0,0
l2206,20220218,20220218,112035500,11:20:35,8733,22715,91964,989117495,0,0,0
l2206,20220218,20220218,112036000,11:20:36,8733,22715,91964,989117495,0,0,0
l2206,20220218,20220218,112036500,11:20:37,8733,22715,91964,989117495,0,0,0
l2206,20220218,20220218,112037500,11:20:38,8733,22715,91964,989117495,0,0,0
l2206,20220218,20220218,112039000,11:20:39,8733,22715,91964,989117495,0,0,0
l2206,20220218,20220218,112039500,11:20:40,8733,22715,91964,989117495,0,0,0
l2206,20220218,20220218,112040000,11:20:40,8733,22715,91964,989117495,0,0,0
l2206,20220218,20220218,112040500,11:20:41,8733,22715,91964,989117495,0,0,0
l2206,20220218,20220218,112041000,11:20:41,8733,22715,91964,989117495,0,0,0
l2206,20220218,20220218,112041500,11:20:41,8733,22715,91964,989117495,0,0,0
l2206,20220218,20220218,112042000,11:20:42,8733,22715,91964,989117495,0,0,0
l2206,20220218,20220218,112042500,11:20:42,8733,22715,91964,989117495,0,0,0
l2206,20220218,20220218,112043000,11:20:43,8733,22715,91964,989117495,0,0,0
l2206,20220218,20220218,112043500,11:20:44,8733,22715,91964,989117495,0,0,0
l2206,20220218,20220218,112044000,11:20:44,8733,22715,91964,989117495,0,0,0
l2206,20220218,20220218,112044500,11:20:45,8733,22715,91964,989117495,0,0,0
l2206,20220218,20220218,112045000,11:20:45,8733,22715,91964,989117495,0,0,0
l2206,20220218,20220218,112045500,11:20:46,8733,22715,91964,989117495,0,0,0
l2206,20220218,20220218,112046000,11:20:46,8733,22715,91964,989117495,0,0,0
l2206,20220218,20220218,112046500,11:20:46,8733,22715,91964,989117495,0,0,0
l2206,20220218,20220218,112047000,11:20:48,8733,22715,91964,989117495,0,0,0
l2206,20220218,20220218,112047500,11:20:48,8733,22715,91964,989117495,0,0,0
l2206,20220218,20220218,112048000,11:20:48,8733,22715,91964,989117495,0,0,0
l2206,20220218,20220218,112049000,11:20:50,8733,22715,91964,989117495,0,0,0
l2206,20220218,20220218,112049500,11:20:50,8733,22715,91964,989117495,0,0,0
l2206,20220218,20220218,112050500,11:20:51,8733,22715,91964,989117495,0,0,0
l2206,20220218,20220218,112051000,11:20:51,8733,22715,91964,989117495,0,0,0
l2206,20220218,20220218,112051500,11:20:51,8733,22715,91964,989117495,0,0,0
l2206,20220218,20220218,112052000,11:20:53,8733,22715,91964,989117495,0,0,0
l2206,20220218,20220218,112052500,11:20:53,8733,22715,91964,989117495,0,0,0
l2206,20220218,20220218,112053000,11:20:53,8733,22715,91964,989117495,0,0,0
l2206,20220218,20220218,112055000,11:20:55,8733,22715,91964,989117495,0,0,0
l2206,20220218,20220218,112055500,11:20:56,8733,22715,91964,989117495,0,0,0
l2206,20220218,20220218,112056000,11:20:56,8733,22715,91964,989117495,0,0,0
l2206,20220218,20220218,112057500,11:20:58,8733,22715,91964,989117495,0,0,0
l2206,20220218,20220218,112058000,11:20:59,8733,22715,91964,989117495,0,0,0
l2206,20220218,20220218,112058500,11:20:59,8733,22715,91964,989117495,0,0,0
l2206,20220218,20220218,112059000,11:20:59,8733,22715,91964,989117495,0,0,0
l2206,20220218,20220218,112059500,11:21:00,8733,22715,91964,989117495,0,0,0
l2206,20220218,20220218,112103500,11:21:04,8733,22715,91964,989117495,0,0,0
l2206,20220218,20220218,112104000,11:21:04,8733,22715,91964,989117495,0,0,0
l2206,20220218,20220218,112104500,11:21:05,8733,22715,91964,989117495,0,0,0
l2206,20220218,20220218,112105000,11:21:05,8733,22716,91964,989161160,1,0,43665
l2206,20220218,20220218,112105500,11:21:07,8733,22716,91964,989161160,0,0,0
l2206,20220218,20220218,112106000,11:21:07,8733,22716,91964,989161160,0,0,0
l2206,20220218,20220218,112106500,11:21:07,8733,22716,91964,989161160,0,0,0
l2206,20220218,20220218,112107000,11:21:09,8733,22716,91964,989161160,0,0,0
l2206,20220218,20220218,112107500,11:21:10,8733,22716,91964,989161160,0,0,0
l2206,20220218,20220218,112108000,11:21:10,8733,22716,91964,989161160,0,0,0
l2206,20220218,20220218,112108500,11:21:10,8733,22716,91964,989161160,0,0,0
l2206,20220218,20220218,112110000,11:21:10,8733,22716,91964,989161160,0,0,0
l2206,20220218,20220218,112110500,11:21:11,8733,22716,91964,989161160,0,0,0
l2206,20220218,20220218,112111000,11:21:11,8733,22716,91964,989161160,0,0,0
l2206,20220218,20220218,112111500,11:21:12,8733,22716,91964,989161160,0,0,0
l2206,20220218,20220218,112112000,11:21:12,8733,22716,91964,989161160,0,0,0
l2206,20220218,20220218,112112500,11:21:13,8733,22716,91964,989161160,0,0,0
l2206,20220218,20220218,112113000,11:21:13,8733,22716,91964,989161160,0,0,0
l2206,20220218,20220218,112113500,11:21:13,8733,22716,91964,989161160,0,0,0
l2206,20220218,20220218,112114000,11:21:14,8733,22716,91964,989161160,0,0,0
l2206,20220218,20220218,112114500,11:21:15,8733,22716,91964,989161160,0,0,0
l2206,20220218,20220218,112115000,11:21:15,8733,22716,91964,989161160,0,0,0
l2206,20220218,20220218,112115500,11:21:15,8733,22716,91964,989161160,0,0,0
l2206,20220218,20220218,112116000,11:21:16,8733,22716,91964,989161160,0,0,0
l2206,20220218,20220218,112116500,11:21:17,8733,22716,91964,989161160,0,0,0
l2206,20220218,20220218,112117000,11:21:17,8733,22716,91964,989161160,0,0,0
l2206,20220218,20220218,112117500,11:21:18,8733,22716,91964,989161160,0,0,0
l2206,20220218,20220218,112118000,11:21:18,8733,22716,91964,989161160,0,0,0
l2206,20220218,20220218,112118500,11:21:18,8733,22716,91964,989161160,0,0,0
l2206,20220218,20220218,112119500,11:21:19,8733,22716,91964,989161160,0,0,0
l2206,20220218,20220218,112120000,11:21:20,8733,22716,91964,989161160,0,0,0
l2206,20220218,20220218,112120500,11:21:22,8733,22716,91964,989161160,0,0,0
l2206,20220218,20220218,112121000,11:21:22,8733,22716,91964,989161160,0,0,0
l2206,20220218,20220218,112121500,11:21:22,8733,22716,91964,989161160,0,0,0
l2206,20220218,20220218,112122000,11:21:22,8733,22716,91964,989161160,0,0,0
l2206,20220218,20220218,112123500,11:21:24,8733,22716,91964,989161160,0,0,0
l2206,20220218,20220218,112124000,11:21:24,8733,22716,91964,989161160,0,0,0
l2206,20220218,20220218,112124500,11:21:25,8733,22716,91964,989161160,0,0,0
l2206,20220218,20220218,112125000,11:21:57,8733,22716,91964,989161160,0,0,0
l2206,20220218,20220218,112332500,11:23:33,8733,22716,91964,989161160,0,0,0
l2206,20220218,20220218,112333000,11:23:33,8733,22716,91964,989161160,0,0,0
l2206,20220218,20220218,112333500,11:23:33,8733,22716,91964,989161160,0,0,0
l2206,20220218,20220218,112334000,11:23:34,8733,22716,91964,989161160,0,0,0
l2206,20220218,20220218,112334500,11:23:34,8733,22716,91964,989161160,0,0,0
l2206,20220218,20220218,112335000,11:23:35,8733,22716,91964,989161160,0,0,0
l2206,20220218,20220218,112335500,11:23:35,8733,22716,91964,989161160,0,0,0
l2206,20220218,20220218,112336000,11:23:36,8733,22716,91964,989161160,0,0,0
l2206,20220218,20220218,112336500,11:23:38,8733,22716,91964,989161160,0,0,0
l2206,20220218,20220218,112340500,11:23:40,8733,22716,91964,989161160,0,0,0
l2206,20220218,20220218,112341000,11:23:41,8733,22716,91964,989161160,0,0,0
l2206,20220218,20220218,112341500,11:23:42,8733,22716,91964,989161160,0,0,0
l2206,20220218,20220218,112342000,11:23:42,8733,22716,91964,989161160,0,0,0
l2206,20220218,20220218,112342500,11:23:43,8733,22716,91964,989161160,0,0,0
l2206,20220218,20220218,112343000,11:23:43,8733,22716,91964,989161160,0,0,0
l2206,20220218,20220218,112344500,11:23:48,8733,22716,91964,989161160,0,0,0
l2206,20220218,20220218,112345000,11:23:48,8733,22716,91964,989161160,0,0,0
l2206,20220218,20220218,112345500,11:23:48,8733,22716,91964,989161160,0,0,0
l2206,20220218,20220218,112348000,11:23:48,8733,22716,91964,989161160,0,0,0
l2206,20220218,20220218,112348500,11:23:49,8733,22716,91964,989161160,0,0,0
l2206,20220218,20220218,112349000,11:23:49,8733,22716,91964,989161160,0,0,0
l2206,20220218,20220218,112349500,11:23:50,8733,22716,91964,989161160,0,0,0
l2206,20220218,20220218,112350000,11:23:50,8733,22716,91964,989161160,0,0,0
l2206,20220218,20220218,112350500,11:23:50,8733,22716,91964,989161160,0,0,0
l2206,20220218,20220218,112351000,11:23:51,8733,22716,91964,989161160,0,0,0
l2206,20220218,20220218,112353500,11:23:53,8733,22716,91964,989161160,0,0,0
l2206,20220218,20220218,112354000,11:23:54,8733,22716,91964,989161160,0,0,0
l2206,20220218,20220218,112354500,11:23:55,8733,22716,91964,989161160,0,0,0
l2206,20220218,20220218,112355000,11:23:55,8733,22716,91964,989161160,0,0,0
l2206,20220218,20220218,112355500,11:23:55,8733,22716,91964,989161160,0,0,0
l2206,20220218,20220218,112356000,11:23:56,8733,22716,91964,989161160,0,0,0
l2206,20220218,20220218,112357500,11:23:57,8733,22716,91964,989161160,0,0,0
l2206,20220218,20220218,112358000,11:23:58,8732,22791,91960,992435880,75,-4,3274720
l2206,20220218,20220218,112358500,11:23:58,8732,22791,91960,992435880,0,0,0
l2206,20220218,20220218,112359000,11:23:59,8732,22791,91960,992435880,0,0,0
l2206,20220218,20220218,112359500,11:23:59,8732,22791,91960,992435880,0,0,0
l2206,20220218,20220218,112400000,11:24:00,8732,22791,91960,992435880,0,0,0
l2206,20220218,20220218,112400500,11:24:00,8732,22791,91960,992435880,0,0,0
l2206,20220218,20220218,112401000,11:24:01,8732,22791,91960,992435880,0,0,0
l2206,20220218,20220218,112401500,11:24:01,8732,22791,91960,992435880,0,0,0
l2206,20220218,20220218,112402000,11:24:02,8732,22791,91960,992435880,0,0,0
l2206,20220218,20220218,112402500,11:24:02,8732,22791,91960,992435880,0,0,0
l2206,20220218,20220218,112403000,11:24:03,8732,22791,91960,992435880,0,0,0
l2206,20220218,20220218,112404500,11:24:04,8732,22791,91960,992435880,0,0,0
l2206,20220218,20220218,112405000,11:24:05,8732,22791,91960,992435880,0,0,0
l2206,20220218,20220218,112405500,11:24:05,8732,22791,91960,992435880,0,0,0
l2206,20220218,20220218,112406000,11:24:06,8732,22791,91960,992435880,0,0,0
l2206,20220218,20220218,112406500,11:24:06,8732,22791,91960,992435880,0,0,0
l2206,20220218,20220218,112407000,11:24:07,8732,22791,91960,992435880,0,0,0
l2206,20220218,20220218,112407500,11:24:08,8732,22791,91960,992435880,0,0,0
l2206,20220218,20220218,112408000,11:24:08,8732,22791,91960,992435880,0,0,0
l2206,20220218,20220218,112408500,11:24:08,8732,22791,91960,992435880,0,0,0
l2206,20220218,20220218,112409000,11:24:09,8732,22791,91960,992435880,0,0,0
l2206,20220218,20220218,112409500,11:24:11,8732,22791,91960,992435880,0,0,0
l2206,20220218,20220218,112410000,11:24:12,8732,22791,91960,992435880,0,0,0
l2206,20220218,20220218,112410500,11:24:12,8732,22791,91960,992435880,0,0,0
l2206,20220218,20220218,112411500,11:24:12,8732,22791,91960,992435880,0,0,0
l2206,20220218,20220218,112412000,11:24:12,8732,22791,91960,992435880,0,0,0
l2206,20220218,20220218,112412500,11:24:12,8732,22791,91960,992435880,0,0,0
l2206,20220218,20220218,112413000,11:24:13,8732,22791,91960,992435880,0,0,0
l2206,20220218,20220218,112413500,11:24:14,8732,22791,91960,992435880,0,0,0
l2206,20220218,20220218,112414000,11:24:14,8732,22791,91960,992435880,0,0,0
l2206,20220218,20220218,112414500,11:24:15,8732,22791,91960,992435880,0,0,0
l2206,20220218,20220218,112415000,11:24:15,8732,22791,91960,992435880,0,0,0
l2206,20220218,20220218,112415500,11:24:15,8732,22791,91960,992435880,0,0,0
l2206,20220218,20220218,112416000,11:24:16,8732,22791,91960,992435880,0,0,0
l2206,20220218,20220218,112416500,11:24:17,8732,22791,91960,992435880,0,0,0
l2206,20220218,20220218,112417000,11:24:17,8732,22791,91960,992435880,0,0,0
l2206,20220218,20220218,112417500,11:24:18,8732,22791,91960,992435880,0,0,0
l2206,20220218,20220218,112418000,11:24:18,8732,22791,91960,992435880,0,0,0
l2206,20220218,20220218,112418500,11:24:19,8732,22791,91960,992435880,0,0,0
l2206,20220218,20220218,112419500,11:24:20,8732,22791,91960,992435880,0,0,0
l2206,20220218,20220218,112424000,11:24:24,8732,22791,91960,992435880,0,0,0
l2206,20220218,20220218,112424500,11:24:24,8732,22791,91960,992435880,0,0,0
l2206,20220218,20220218,112425000,11:24:25,8732,22791,91960,992435880,0,0,0
l2206,20220218,20220218,112425500,11:24:25,8732,22791,91960,992435880,0,0,0
l2206,20220218,20220218,112426000,11:24:26,8732,22791,91960,992435880,0,0,0
l2206,20220218,20220218,112426500,11:24:26,8732,22791,91960,992435880,0,0,0
l2206,20220218,20220218,112427000,11:24:27,8732,22791,91960,992435880,0,0,0
l2206,20220218,20220218,112427500,11:24:28,8732,22791,91960,992435880,0,0,0
l2206,20220218,20220218,112428000,11:24:28,8732,22791,91960,992435880,0,0,0
l2206,20220218,20220218,112428500,11:24:28,8732,22791,91960,992435880,0,0,0
l2206,20220218,20220218,112429000,11:24:29,8732,22791,91960,992435880,0,0,0
l2206,20220218,20220218,112430500,11:24:30,8732,22791,91960,992435880,0,0,0
l2206,20220218,20220218,112431000,11:24:31,8732,22791,91960,992435880,0,0,0
l2206,20220218,20220218,112431500,11:24:31,8732,22791,91960,992435880,0,0,0
l2206,20220218,20220218,112432000,11:24:32,8732,22791,91960,992435880,0,0,0
l2206,20220218,20220218,112432500,11:24:32,8732,22791,91960,992435880,0,0,0
l2206,20220218,20220218,112433000,11:24:33,8732,22791,91960,992435880,0,0,0
l2206,20220218,20220218,112433500,11:24:33,8732,22791,91960,992435880,0,0,0
l2206,20220218,20220218,112434000,11:24:34,8732,22791,91960,992435880,0,0,0
l2206,20220218,20220218,112434500,11:24:34,8732,22791,91960,992435880,0,0,0
l2206,20220218,20220218,112435000,11:24:35,8732,22791,91960,992435880,0,0,0
l2206,20220218,20220218,112435500,11:24:35,8732,22791,91960,992435880,0,0,0
l2206,20220218,20220218,112436000,11:24:36,8732,22791,91960,992435880,0,0,0
l2206,20220218,20220218,112436500,11:24:36,8732,22791,91960,992435880,0,0,0
l2206,20220218,20220218,112437000,11:24:37,8732,22791,91960,992435880,0,0,0
l2206,20220218,20220218,112437500,11:24:39,8732,22791,91960,992435880,0,0,0
l2206,20220218,20220218,112438000,11:24:39,8732,22791,91960,992435880,0,0,0
l2206,20220218,20220218,112438500,11:24:39,8732,22791,91960,992435880,0,0,0
l2206,20220218,20220218,112440500,11:24:40,8732,22791,91960,992435880,0,0,0
l2206,20220218,20220218,112441000,11:24:41,8732,22791,91960,992435880,0,0,0
l2206,20220218,20220218,112441500,11:24:41,8732,22791,91960,992435880,0,0,0
l2206,20220218,20220218,112442500,11:24:42,8732,22791,91960,992435880,0,0,0
l2206,20220218,20220218,112443000,11:24:43,8732,22791,91960,992435880,0,0,0
l2206,20220218,20220218,112443500,11:24:43,8732,22791,91960,992435880,0,0,0
l2206,20220218,20220218,112444000,11:24:44,8732,22791,91960,992435880,0,0,0
l2206,20220218,20220218,112444500,11:24:44,8732,22791,91960,992435880,0,0,0
l2206,20220218,20220218,112445000,11:24:45,8732,22791,91960,992435880,0,0,0
l2206,20220218,20220218,112445500,11:24:45,8732,22791,91960,992435880,0,0,0
l2206,20220218,20220218,112446000,11:24:46,8732,22791,91960,992435880,0,0,0
l2206,20220218,20220218,112446500,11:24:46,8732,22791,91960,992435880,0,0,0
l2206,20220218,20220218,112447000,11:24:47,8732,22791,91960,992435880,0,0,0
l2206,20220218,20220218,112447500,11:24:47,8732,22791,91960,992435880,0,0,0
l2206,20220218,20220218,112448000,11:24:48,8732,22791,91960,992435880,0,0,0
l2206,20220218,20220218,112448500,11:24:49,8732,22791,91960,992435880,0,0,0
l2206,20220218,20220218,112449000,11:24:49,8732,22791,91960,992435880,0,0,0
l2206,20220218,20220218,112449500,11:24:49,8732,22791,91960,992435880,0,0,0
l2206,20220218,20220218,112450000,11:24:50,8732,22791,91960,992435880,0,0,0
l2206,20220218,20220218,112450500,11:24:50,8732,22791,91960,992435880,0,0,0
l2206,20220218,20220218,112451000,11:24:51,8732,22791,91960,992435880,0,0,0
l2206,20220218,20220218,112451500,11:24:52,8732,22791,91960,992435880,0,0,0
l2206,20220218,20220218,112452000,11:24:52,8732,22791,91960,992435880,0,0,0
l2206,20220218,20220218,112452500,11:24:52,8732,22791,91960,992435880,0,0,0
l2206,20220218,20220218,112453500,11:24:53,8732,22791,91960,992435880,0,0,0
l2206,20220218,20220218,112454000,11:24:54,8732,22791,91960,992435880,0,0,0
l2206,20220218,20220218,112455000,11:24:55,8732,22791,91960,992435880,0,0,0
l2206,20220218,20220218,112455500,11:24:56,8732,22791,91960,992435880,0,0,0
l2206,20220218,20220218,112456000,11:24:56,8732,22791,91960,992435880,0,0,0
l2206,20220218,20220218,112456500,11:24:56,8732,22791,91960,992435880,0,0,0
l2206,20220218,20220218,112457000,11:24:57,8732,22791,91960,992435880,0,0,0
l2206,20220218,20220218,112457500,11:24:57,8732,22791,91960,992435880,0,0,0
l2206,20220218,20220218,112458000,11:24:58,8732,22791,91960,992435880,0,0,0
l2206,20220218,20220218,112458500,11:24:58,8732,22791,91960,992435880,0,0,0
l2206,20220218,20220218,112459000,11:24:59,8732,22791,91960,992435880,0,0,0
l2206,20220218,20220218,112459500,11:24:59,8732,22791,91960,992435880,0,0,0
l2206,20220218,20220218,112500000,11:25:00,8732,22791,91960,992435880,0,0,0
l2206,20220218,20220218,112500500,11:25:01,8732,22791,91960,992435880,0,0,0
l2206,20220218,20220218,112501000,11:25:02,8732,22791,91960,992435880,0,0,0
l2206,20220218,20220218,112501500,11:25:04,8732,22791,91960,992435880,0,0,0
l2206,20220218,20220218,112502000,11:25:05,8732,22791,91960,992435880,0,0,0
l2206,20220218,20220218,112502500,11:25:06,8732,22791,91960,992435880,0,0,0
l2206,20220218,20220218,112504500,11:25:06,8733,22837,91976,994444690,46,16,2008810
l2206,20220218,20220218,112505000,11:25:06,8733,22837,91976,994444690,0,0,0
l2206,20220218,20220218,112505500,11:25:06,8733,22837,91976,994444690,0,0,0
l2206,20220218,20220218,112506000,11:25:06,8733,22837,91976,994444690,0,0,0
l2206,20220218,20220218,112506500,11:25:07,8733,22837,91976,994444690,0,0,0
l2206,20220218,20220218,112507000,11:25:07,8733,22837,91976,994444690,0,0,0
l2206,20220218,20220218,112507500,11:25:07,8733,22837,91976,994444690,0,0,0
l2206,20220218,20220218,112508000,11:25:08,8733,22837,91976,994444690,0,0,0
l2206,20220218,20220218,112508500,11:25:08,8733,22837,91976,994444690,0,0,0
l2206,20220218,20220218,112509000,11:25:09,8733,22837,91976,994444690,0,0,0
l2206,20220218,20220218,112509500,11:25:09,8733,22837,91976,994444690,0,0,0
l2206,20220218,20220218,112510000,11:25:10,8733,22837,91976,994444690,0,0,0
l2206,20220218,20220218,112511000,11:25:11,8733,22837,91976,994444690,0,0,0
l2206,20220218,20220218,112511500,11:25:11,8733,22837,91976,994444690,0,0,0
l2206,20220218,20220218,112512000,11:25:12,8733,22837,91976,994444690,0,0,0
l2206,20220218,20220218,112512500,11:25:12,8733,22837,91976,994444690,0,0,0
l2206,20220218,20220218,112513000,11:25:13,8733,22837,91976,994444690,0,0,0
l2206,20220218,20220218,112513500,11:25:15,8733,22837,91976,994444690,0,0,0
l2206,20220218,20220218,112514000,11:25:15,8733,22837,91976,994444690,0,0,0
l2206,20220218,20220218,112514500,11:25:15,8733,22837,91976,994444690,0,0,0
l2206,20220218,20220218,112515000,11:25:16,8733,22837,91976,994444690,0,0,0
l2206,20220218,20220218,112515500,11:25:16,8733,22837,91976,994444690,0,0,0
l2206,20220218,20220218,112516000,11:25:16,8733,22837,91976,994444690,0,0,0
l2206,20220218,20220218,112516500,11:25:16,8733,22837,91976,994444690,0,0,0
l2206,20220218,20220218,112517000,11:25:18,8733,22837,91976,994444690,0,0,0
l2206,20220218,20220218,112517500,11:25:18,8733,22837,91976,994444690,0,0,0
l2206,20220218,20220218,112518500,11:25:19,8733,22837,91976,994444690,0,0,0
l2206,20220218,20220218,112519000,11:25:19,8733,22837,91976,994444690,0,0,0
l2206,20220218,20220218,112519500,11:25:19,8733,22837,91976,994444690,0,0,0
l2206,20220218,20220218,112520000,11:25:20,8733,22837,91976,994444690,0,0,0
l2206,20220218,20220218,112520500,11:25:21,8733,22837,91976,994444690,0,0,0
l2206,20220218,20220218,112527000,11:25:28,8733,22837,91976,994444690,0,0,0
l2206,20220218,20220218,112527500,11:25:28,8733,22837,91976,994444690,0,0,0
l2206,20220218,20220218,112528000,11:25:28,8733,22837,91976,994444690,0,0,0
l2206,20220218,20220218,112528500,11:25:28,8733,22837,91976,994444690,0,0,0
l2206,20220218,20220218,112529000,11:25:29,8733,22837,91976,994444690,0,0,0
l2206,20220218,20220218,112529500,11:25:30,8733,22837,91976,994444690,0,0,0
l2206,20220218,20220218,112530000,11:25:31,8733,22837,91976,994444690,0,0,0
l2206,20220218,20220218,112530500,11:25:31,8732,22840,91976,994575670,3,0,130980
l2206,20220218,20220218,112531000,11:25:31,8732,22844,91975,994750310,4,-1,174640
l2206,20220218,20220218,112531500,11:25:32,8732,22844,91975,994750310,0,0,0
l2206,20220218,20220218,112532000,11:25:32,8732,22844,91975,994750310,0,0,0
l2206,20220218,20220218,112532500,11:25:33,8732,22844,91975,994750310,0,0,0
l2206,20220218,20220218,112533000,11:25:33,8732,22844,91975,994750310,0,0,0
l2206,20220218,20220218,112533500,11:25:33,8732,22844,91975,994750310,0,0,0
l2206,20220218,20220218,112534000,11:25:34,8732,22844,91975,994750310,0,0,0
l2206,20220218,20220218,112534500,11:25:36,8732,22844,91975,994750310,0,0,0
l2206,20220218,20220218,112535000,11:25:36,8732,22844,91975,994750310,0,0,0
l2206,20220218,20220218,112535500,11:25:37,8732,22844,91975,994750310,0,0,0
l2206,20220218,20220218,112536000,11:25:37,8732,22844,91975,994750310,0,0,0
l2206,20220218,20220218,112538500,11:25:39,8732,22844,91975,994750310,0,0,0
l2206,20220218,20220218,112539500,11:25:40,8732,22844,91975,994750310,0,0,0
l2206,20220218,20220218,112540000,11:25:40,8732,22844,91975,994750310,0,0,0
l2206,20220218,20220218,112540500,11:25:41,8732,22844,91975,994750310,0,0,0
l2206,20220218,20220218,112541000,11:25:41,8732,22844,91975,994750310,0,0,0
l2206,20220218,20220218,112541500,11:25:41,8732,22844,91975,994750310,0,0,0
l2206,20220218,20220218,112542000,11:25:42,8732,22844,91975,994750310,0,0,0
l2206,20220218,20220218,112542500,11:25:43,8732,22844,91975,994750310,0,0,0
l2206,20220218,20220218,112543000,11:25:43,8732,22844,91975,994750310,0,0,0
l2206,20220218,20220218,112543500,11:25:43,8732,22844,91975,994750310,0,0,0
l2206,20220218,20220218,112544000,11:25:44,8732,22844,91975,994750310,0,0,0
l2206,20220218,20220218,112544500,11:25:44,8732,22844,91975,994750310,0,0,0
l2206,20220218,20220218,112545000,11:25:45,8737,22845,91974,994793995,1,-1,43685
l2206,20220218,20220218,112545500,11:25:46,8738,22853,91966,995143515,8,-8,349520
l2206,20220218,20220218,112546000,11:25:47,8739,22895,91974,996978725,42,8,1835210
l2206,20220218,20220218,112546500,11:25:47,8739,22895,91974,996978725,0,0,0
l2206,20220218,20220218,112547000,11:25:48,8738,22901,91971,997240865,6,-3,262140
l2206,20220218,20220218,112547500,11:25:48,8738,22901,91971,997240865,0,0,0
l2206,20220218,20220218,112548000,11:25:48,8738,22901,91971,997240865,0,0,0
l2206,20220218,20220218,112548500,11:25:48,8738,22901,91971,997240865,0,0,0
l2206,20220218,20220218,112549000,11:25:49,8738,22901,91971,997240865,0,0,0
l2206,20220218,20220218,112549500,11:25:49,8738,22901,91971,997240865,0,0,0
l2206,20220218,20220218,112550000,11:25:50,8738,22901,91971,997240865,0,0,0
l2206,20220218,20220218,112550500,11:25:51,8738,22901,91971,997240865,0,0,0
l2206,20220218,20220218,112551000,11:25:51,8738,22901,91971,997240865,0,0,0
l2206,20220218,20220218,112551500,11:25:51,8738,22901,91971,997240865,0,0,0
l2206,20220218,20220218,112552500,11:25:52,8738,22901,91971,997240865,0,0,0
l2206,20220218,20220218,112553000,11:25:53,8738,22901,91971,997240865,0,0,0
l2206,20220218,20220218,112553500,11:25:54,8738,22901,91971,997240865,0,0,0
l2206,20220218,20220218,112554000,11:25:54,8738,22901,91971,997240865,0,0,0
l2206,20220218,20220218,112554500,11:25:55,8738,22901,91971,997240865,0,0,0
l2206,20220218,20220218,112555000,11:25:55,8738,22901,91971,997240865,0,0,0
l2206,20220218,20220218,112555500,11:25:56,8738,22901,91971,997240865,0,0,0
l2206,20220218,20220218,112556000,11:25:57,8738,22901,91971,997240865,0,0,0
l2206,20220218,20220218,112556500,11:25:57,8738,22901,91971,997240865,0,0,0
l2206,20220218,20220218,112557000,11:25:57,8738,22901,91971,997240865,0,0,0
l2206,20220218,20220218,112557500,11:25:57,8738,22901,91971,997240865,0,0,0
l2206,20220218,20220218,112558000,11:25:59,8738,22901,91971,997240865,0,0,0
l2206,20220218,20220218,112558500,11:25:59,8738,22901,91971,997240865,0,0,0
l2206,20220218,20220218,112559000,11:26:00,8738,22901,91971,997240865,0,0,0
l2206,20220218,20220218,112559500,11:26:00,8738,22901,91971,997240865,0,0,0
l2206,20220218,20220218,112600000,11:26:00,8738,22901,91971,997240865,0,0,0
l2206,20220218,20220218,112600500,11:26:01,8738,22901,91971,997240865,0,0,0
l2206,20220218,20220218,112601000,11:26:01,8738,22901,91971,997240865,0,0,0
l2206,20220218,20220218,112601500,11:26:03,8738,22901,91971,997240865,0,0,0
l2206,20220218,20220218,112602000,11:26:03,8738,22901,91971,997240865,0,0,0
l2206,20220218,20220218,112602500,11:26:03,8738,22901,91971,997240865,0,0,0
l2206,20220218,20220218,112603000,11:26:03,8738,22901,91971,997240865,0,0,0
l2206,20220218,20220218,112603500,11:26:03,8741,22902,91971,997284570,1,0,43705
l2206,20220218,20220218,112604000,11:26:05,8741,22902,91971,997284570,0,0,0
l2206,20220218,20220218,112604500,11:26:05,8741,22902,91971,997284570,0,0,0
l2206,20220218,20220218,112605000,11:26:05,8741,22902,91971,997284570,0,0,0
l2206,20220218,20220218,112605500,11:26:06,8741,22902,91971,997284570,0,0,0
l2206,20220218,20220218,112606000,11:26:06,8741,22902,91971,997284570,0,0,0
l2206,20220218,20220218,112606500,11:26:07,8741,22902,91971,997284570,0,0,0
l2206,20220218,20220218,112607000,11:26:09,8740,22938,91973,998857790,36,2,1573220
l2206,20220218,20220218,112607500,11:26:09,8739,22950,91971,999382170,12,-2,524380
l2206,20220218,20220218,112609000,11:26:10,8741,22954,91967,999556990,4,-4,174820
l2206,20220218,20220218,112609500,11:26:10,8741,22954,91967,999556990,0,0,0
l2206,20220218,20220218,112610000,11:26:10,8741,22954,91967,999556990,0,0,0
l2206,20220218,20220218,112610500,11:26:11,8741,22954,91967,999556990,0,0,0
l2206,20220218,20220218,112611000,11:26:11,8741,22954,91967,999556990,0,0,0
l2206,20220218,20220218,112611500,11:26:13,8741,22954,91967,999556990,0,0,0
l2206,20220218,20220218,112612000,11:26:14,8741,22954,91967,999556990,0,0,0
l2206,20220218,20220218,112612500,11:26:14,8741,22954,91967,999556990,0,0,0
l2206,20220218,20220218,112613000,11:26:15,8741,22954,91967,999556990,0,0,0
l2206,20220218,20220218,112613500,11:26:15,8741,22954,91967,999556990,0,0,0
l2206,20220218,20220218,112614000,11:26:15,8741,22954,91967,999556990,0,0,0
l2206,20220218,20220218,112614500,11:26:16,8741,22954,91967,999556990,0,0,0
l2206,20220218,20220218,112615000,11:26:16,8741,22954,91967,999556990,0,0,0
l2206,20220218,20220218,112615500,11:26:16,8741,22954,91967,999556990,0,0,0
l2206,20220218,20220218,112616000,11:26:16,8736,22958,91967,999731710,4,0,174720
l2206,20220218,20220218,112616500,11:26:17,8736,22958,91967,999731710,0,0,0
l2206,20220218,20220218,112617000,11:26:17,8736,22958,91967,999731710,0,0,0
l2206,20220218,20220218,112618000,11:26:18,8736,22958,91967,999731710,0,0,0
l2206,20220218,20220218,112618500,11:26:18,8736,22958,91967,999731710,0,0,0
l2206,20220218,20220218,112619000,11:26:19,8736,22958,91967,999731710,0,0,0
l2206,20220218,20220218,112619500,11:26:20,8736,22958,91967,999731710,0,0,0
l2206,20220218,20220218,112620000,11:26:20,8736,22958,91967,999731710,0,0,0
l2206,20220218,20220218,112620500,11:26:20,8736,22958,91967,999731710,0,0,0
l2206,20220218,20220218,112621000,11:26:21,8736,22958,91967,999731710,0,0,0
l2206,20220218,20220218,112621500,11:26:21,8736,22958,91967,999731710,0,0,0
l2206,20220218,20220218,112622000,11:26:22,8736,22962,91967,999906430,4,0,174720
l2206,20220218,20220218,112622500,11:26:23,8737,22966,91965,1000081170,4,-2,174740
l2206,20220218,20220218,112623000,11:26:23,8737,22966,91965,1000081170,0,0,0
l2206,20220218,20220218,112623500,11:26:23,8736,22970,91963,1000255890,4,-2,174720
l2206,20220218,20220218,112624000,11:26:24,8735,22975,91963,1000474265,5,0,218375
l2206,20220218,20220218,112624500,11:26:24,8735,22979,91959,1000648965,4,-4,174700
l2206,20220218,20220218,112625000,11:26:25,8735,22979,91959,1000648965,0,0,0
l2206,20220218,20220218,112625500,11:26:25,8735,22979,91959,1000648965,0,0,0
l2206,20220218,20220218,112626000,11:26:26,8735,22979,91959,1000648965,0,0,0
l2206,20220218,20220218,112626500,11:26:27,8735,22979,91959,1000648965,0,0,0
l2206,20220218,20220218,112627000,11:26:27,8735,22979,91959,1000648965,0,0,0
l2206,20220218,20220218,112627500,11:26:27,8735,22979,91959,1000648965,0,0,0
l2206,20220218,20220218,112628000,11:26:28,8735,22979,91959,1000648965,0,0,0
l2206,20220218,20220218,112628500,11:26:28,8735,22979,91959,1000648965,0,0,0
l2206,20220218,20220218,112629000,11:26:29,8735,22979,91959,1000648965,0,0,0
l2206,20220218,20220218,112629500,11:26:31,8735,22979,91959,1000648965,0,0,0
l2206,20220218,20220218,112630000,11:26:31,8735,22979,91959,1000648965,0,0,0
l2206,20220218,20220218,112630500,11:26:31,8735,22979,91959,1000648965,0,0,0
l2206,20220218,20220218,112631000,11:26:31,8735,22979,91959,1000648965,0,0,0
l2206,20220218,20220218,112631500,11:26:32,8735,22979,91959,1000648965,0,0,0
l2206,20220218,20220218,112632000,11:26:32,8735,22979,91959,1000648965,0,0,0
l2206,20220218,20220218,112632500,11:26:32,8735,22979,91959,1000648965,0,0,0
l2206,20220218,20220218,112633000,11:26:33,8735,22979,91959,1000648965,0,0,0
l2206,20220218,20220218,112633500,11:26:34,8735,22979,91959,1000648965,0,0,0
l2206,20220218,20220218,112634000,11:26:35,8735,22979,91959,1000648965,0,0,0
l2206,20220218,20220218,112634500,11:26:37,8735,22979,91959,1000648965,0,0,0
l2206,20220218,20220218,112635000,11:26:37,8735,22979,91959,1000648965,0,0,0
l2206,20220218,20220218,112635500,11:26:38,8735,22979,91959,1000648965,0,0,0
l2206,20220218,20220218,112636000,11:26:38,8735,22979,91959,1000648965,0,0,0
l2206,20220218,20220218,112637000,11:26:46,8735,22979,91959,1000648965,0,0,0
l2206,20220218,20220218,112637500,11:26:54,8735,22979,91959,1000648965,0,0,0
l2206,20220218,20220218,112638000,11:27:10,8735,22979,91959,1000648965,0,0,0
l2206,20220218,20220218,112638500,11:27:10,8735,22979,91959,1000648965,0,0,0
l2206,20220218,20220218,112653500,11:27:11,8735,22979,91959,1000648965,0,0,0
l2206,20220218,20220218,112710000,11:27:12,8735,22979,91959,1000648965,0,0,0
l2206,20220218,20220218,112710500,11:27:12,8735,22979,91959,1000648965,0,0,0
l2206,20220218,20220218,112711500,11:27:12,8735,22979,91959,1000648965,0,0,0
l2206,20220218,20220218,112712500,11:27:13,8735,22979,91959,1000648965,0,0,0
l2206,20220218,20220218,112713000,11:27:14,8735,22979,91959,1000648965,0,0,0
l2206,20220218,20220218,112713500,11:27:14,8735,22979,91959,1000648965,0,0,0
l2206,20220218,20220218,112714000,11:27:15,8735,22979,91959,1000648965,0,0,0
l2206,20220218,20220218,112714500,11:27:15,8735,22979,91959,1000648965,0,0,0
l2206,20220218,20220218,112715000,11:27:16,8735,22979,91959,1000648965,0,0,0
l2206,20220218,20220218,112715500,11:27:16,8735,22979,91959,1000648965,0,0,0
l2206,20220218,20220218,112716000,11:27:17,8735,22979,91959,1000648965,0,0,0
l2206,20220218,20220218,112716500,11:27:17,8735,22979,91959,1000648965,0,0,0
l2206,20220218,20220218,112717000,11:27:17,8735,22979,91959,1000648965,0,0,0
l2206,20220218,20220218,112717500,11:27:17,8735,22979,91959,1000648965,0,0,0
l2206,20220218,20220218,112718000,11:27:18,8735,22979,91959,1000648965,0,0,0
l2206,20220218,20220218,112718500,11:27:19,8735,22979,91959,1000648965,0,0,0
l2206,20220218,20220218,112719000,11:27:19,8735,22979,91959,1000648965,0,0,0
l2206,20220218,20220218,112720000,11:27:20,8735,22979,91959,1000648965,0,0,0
l2206,20220218,20220218,112720500,11:27:21,8735,22979,91959,1000648965,0,0,0
l2206,20220218,20220218,112721000,11:27:21,8735,22979,91959,1000648965,0,0,0
l2206,20220218,20220218,112721500,11:27:22,8735,22979,91959,1000648965,0,0,0
l2206,20220218,20220218,112724000,11:27:27,8735,22979,91959,1000648965,0,0,0
l2206,20220218,20220218,112726500,11:27:27,8741,23117,91973,1006680595,138,14,6031630
l2206,20220218,20220218,112727000,11:27:27,8741,23117,91973,1006680595,0,0,0
l2206,20220218,20220218,112727500,11:27:27,8741,23117,91973,1006680595,0,0,0
l2206,20220218,20220218,112728000,11:27:28,8741,23117,91973,1006680595,0,0,0
l2206,20220218,20220218,112728500,11:27:28,8741,23117,91973,1006680595,0,0,0
l2206,20220218,20220218,112729500,11:27:29,8741,23117,91973,1006680595,0,0,0
l2206,20220218,20220218,112730000,11:27:30,8741,23117,91973,1006680595,0,0,0
l2206,20220218,20220218,112730500,11:27:31,8741,23117,91973,1006680595,0,0,0
l2206,20220218,20220218,112731000,11:27:33,8741,23117,91973,1006680595,0,0,0
l2206,20220218,20220218,112731500,11:27:35,8741,23117,91973,1006680595,0,0,0
l2206,20220218,20220218,112732000,11:27:36,8741,23117,91973,1006680595,0,0,0
l2206,20220218,20220218,112732500,11:27:36,8741,23117,91973,1006680595,0,0,0
l2206,20220218,20220218,112735500,11:27:36,8741,23117,91973,1006680595,0,0,0
l2206,20220218,20220218,112736000,11:27:37,8741,23117,91973,1006680595,0,0,0
l2206,20220218,20220218,112736500,11:27:38,8741,23117,91973,1006680595,0,0,0
l2206,20220218,20220218,112737000,11:27:38,8741,23117,91973,1006680595,0,0,0
l2206,20220218,20220218,112737500,11:27:38,8741,23117,91973,1006680595,0,0,0
l2206,20220218,20220218,112738000,11:27:39,8741,23117,91973,1006680595,0,0,0
l2206,20220218,20220218,112738500,11:27:39,8741,23117,91973,1006680595,0,0,0
l2206,20220218,20220218,112740000,11:27:40,8741,23117,91973,1006680595,0,0,0
l2206,20220218,20220218,112741500,11:27:42,8741,23117,91973,1006680595,0,0,0
l2206,20220218,20220218,112742000,11:27:42,8741,23117,91973,1006680595,0,0,0
l2206,20220218,20220218,112742500,11:27:43,8741,23117,91973,1006680595,0,0,0
l2206,20220218,20220218,112743000,11:27:43,8741,23117,91973,1006680595,0,0,0
l2206,20220218,20220218,112743500,11:27:43,8741,23117,91973,1006680595,0,0,0
l2206,20220218,20220218,112744000,11:27:44,8741,23117,91973,1006680595,0,0,0
l2206,20220218,20220218,112744500,11:27:45,8741,23117,91973,1006680595,0,0,0
l2206,20220218,20220218,112745000,11:27:45,8741,23117,91973,1006680595,0,0,0
l2206,20220218,20220218,112745500,11:27:46,8741,23117,91973,1006680595,0,0,0
l2206,20220218,20220218,112746000,11:27:46,8741,23117,91973,1006680595,0,0,0
l2206,20220218,20220218,112746500,11:27:47,8741,23117,91973,1006680595,0,0,0
l2206,20220218,20220218,112747000,11:27:47,8741,23117,91973,1006680595,0,0,0
l2206,20220218,20220218,112747500,11:27:47,8741,23117,91973,1006680595,0,0,0
l2206,20220218,20220218,112748000,11:27:53,8741,23117,91973,1006680595,0,0,0
l2206,20220218,20220218,112748500,11:27:54,8741,23117,91973,1006680595,0,0,0
l2206,20220218,20220218,112749000,11:27:54,8741,23117,91973,1006680595,0,0,0
l2206,20220218,20220218,112749500,11:27:54,8741,23117,91973,1006680595,0,0,0
l2206,20220218,20220218,112754000,11:27:54,8741,23117,91973,1006680595,0,0,0
l2206,20220218,20220218,112754500,11:27:54,8741,23117,91973,1006680595,0,0,0
l2206,20220218,20220218,112755000,11:27:55,8741,23117,91973,1006680595,0,0,0
l2206,20220218,20220218,112755500,11:27:55,8741,23117,91973,1006680595,0,0,0
l2206,20220218,20220218,112756000,11:27:56,8741,23117,91973,1006680595,0,0,0
l2206,20220218,20220218,112756500,11:27:56,8741,23117,91973,1006680595,0,0,0
l2206,20220218,20220218,112757000,11:27:57,8741,23117,91973,1006680595,0,0,0
l2206,20220218,20220218,112757500,11:27:57,8741,23117,91973,1006680595,0,0,0
l2206,20220218,20220218,112758000,11:27:58,8741,23117,91973,1006680595,0,0,0
l2206,20220218,20220218,112758500,11:27:59,8741,23117,91973,1006680595,0,0,0
l2206,20220218,20220218,112759000,11:27:59,8741,23117,91973,1006680595,0,0,0
l2206,20220218,20220218,112759500,11:27:59,8742,23123,91971,1006942815,6,-2,262220
l2206,20220218,20220218,112800000,11:28:00,8742,23123,91971,1006942815,0,0,0
l2206,20220218,20220218,112800500,11:28:01,8742,23123,91971,1006942815,0,0,0
l2206,20220218,20220218,112801000,11:28:01,8742,23123,91971,1006942815,0,0,0
l2206,20220218,20220218,112801500,11:28:02,8742,23123,91971,1006942815,0,0,0
l2206,20220218,20220218,112802000,11:28:03,8742,23123,91971,1006942815,0,0,0
l2206,20220218,20220218,112802500,11:28:03,8742,23123,91971,1006942815,0,0,0
l2206,20220218,20220218,112803000,11:28:04,8742,23123,91971,1006942815,0,0,0
l2206,20220218,20220218,112803500,11:28:04,8742,23123,91971,1006942815,0,0,0
l2206,20220218,20220218,112804000,11:28:04,8744,23131,91979,1007292575,8,8,349760
l2206,20220218,20220218,112804500,11:28:05,8745,23136,91979,1007511200,5,0,218625
l2206,20220218,20220218,112805000,11:28:06,8744,23140,91979,1007686080,4,0,174880
l2206,20220218,20220218,112805500,11:28:06,8744,23140,91979,1007686080,0,0,0
l2206,20220218,20220218,112806000,11:28:10,8744,23140,91979,1007686080,0,0,0
l2206,20220218,20220218,112806500,11:28:10,8744,23140,91979,1007686080,0,0,0
l2206,20220218,20220218,112807000,11:28:10,8744,23140,91979,1007686080,0,0,0
l2206,20220218,20220218,112807500,11:28:11,8744,23140,91979,1007686080,0,0,0
l2206,20220218,20220218,112810000,11:28:11,8744,23140,91979,1007686080,0,0,0
l2206,20220218,20220218,112810500,11:28:12,8744,23140,91979,1007686080,0,0,0
l2206,20220218,20220218,112811000,11:28:12,8744,23140,91979,1007686080,0,0,0
l2206,20220218,20220218,112811500,11:28:12,8744,23140,91979,1007686080,0,0,0
l2206,20220218,20220218,112812000,11:28:13,8744,23140,91979,1007686080,0,0,0
l2206,20220218,20220218,112812500,11:28:13,8744,23140,91979,1007686080,0,0,0
l2206,20220218,20220218,112813000,11:28:13,8744,23140,91979,1007686080,0,0,0
l2206,20220218,20220218,112813500,11:28:14,8744,23140,91979,1007686080,0,0,0
l2206,20220218,20220218,112814000,11:28:14,8744,23140,91979,1007686080,0,0,0
l2206,20220218,20220218,112814500,11:28:14,8744,23140,91979,1007686080,0,0,0
l2206,20220218,20220218,112815000,11:28:15,8744,23140,91979,1007686080,0,0,0
l2206,20220218,20220218,112815500,11:28:15,8744,23140,91979,1007686080,0,0,0
l2206,20220218,20220218,112816000,11:28:16,8744,23140,91979,1007686080,0,0,0
l2206,20220218,20220218,112816500,11:28:16,8744,23140,91979,1007686080,0,0,0
l2206,20220218,20220218,112817000,11:28:17,8744,23140,91979,1007686080,0,0,0
l2206,20220218,20220218,112817500,11:28:17,8744,23140,91979,1007686080,0,0,0
l2206,20220218,20220218,112818000,11:28:18,8744,23140,91979,1007686080,0,0,0
l2206,20220218,20220218,112818500,11:28:18,8744,23140,91979,1007686080,0,0,0
l2206,20220218,20220218,112819000,11:28:19,8744,23140,91979,1007686080,0,0,0
l2206,20220218,20220218,112819500,11:28:19,8744,23140,91979,1007686080,0,0,0
l2206,20220218,20220218,112820000,11:28:20,8744,23140,91979,1007686080,0,0,0
l2206,20220218,20220218,112820500,11:28:20,8744,23140,91979,1007686080,0,0,0
l2206,20220218,20220218,112821000,11:28:21,8744,23140,91979,1007686080,0,0,0
l2206,20220218,20220218,112821500,11:28:22,8744,23140,91979,1007686080,0,0,0
l2206,20220218,20220218,112822000,11:28:22,8744,23140,91979,1007686080,0,0,0
l2206,20220218,20220218,112822500,11:28:22,8744,23140,91979,1007686080,0,0,0
l2206,20220218,20220218,112823500,11:28:24,8744,23140,91979,1007686080,0,0,0
l2206,20220218,20220218,112824000,11:28:24,8744,23140,91979,1007686080,0,0,0
l2206,20220218,20220218,112824500,11:28:25,8744,23140,91979,1007686080,0,0,0
l2206,20220218,20220218,112825000,11:28:25,8744,23140,91979,1007686080,0,0,0
l2206,20220218,20220218,112825500,11:28:25,8744,23140,91979,1007686080,0,0,0
l2206,20220218,20220218,112826000,11:28:26,8744,23140,91979,1007686080,0,0,0
l2206,20220218,20220218,112826500,11:28:27,8744,23140,91979,1007686080,0,0,0
l2206,20220218,20220218,112827000,11:28:27,8744,23140,91979,1007686080,0,0,0
l2206,20220218,20220218,112827500,11:28:27,8741,23180,91971,1009434280,40,-8,1748200
l2206,20220218,20220218,112828000,11:28:28,8741,23180,91971,1009434280,0,0,0
l2206,20220218,20220218,112828500,11:28:28,8740,23184,91973,1009609080,4,2,174800
l2206,20220218,20220218,112829000,11:28:29,8740,23184,91973,1009609080,0,0,0
l2206,20220218,20220218,112829500,11:28:30,8740,23184,91973,1009609080,0,0,0
l2206,20220218,20220218,112830000,11:28:30,8740,23184,91973,1009609080,0,0,0
l2206,20220218,20220218,112830500,11:28:31,8740,23184,91973,1009609080,0,0,0
l2206,20220218,20220218,112831000,11:28:31,8740,23184,91973,1009609080,0,0,0
l2206,20220218,20220218,112832000,11:28:33,8740,23184,91973,1009609080,0,0,0
l2206,20220218,20220218,112833500,11:28:33,8740,23184,91973,1009609080,0,0,0
l2206,20220218,20220218,112834000,11:28:34,8740,23184,91973,1009609080,0,0,0
l2206,20220218,20220218,112834500,11:28:34,8740,23184,91973,1009609080,0,0,0
l2206,20220218,20220218,112835000,11:28:35,8740,23184,91973,1009609080,0,0,0
l2206,20220218,20220218,112835500,11:28:36,8740,23184,91973,1009609080,0,0,0
l2206,20220218,20220218,112836000,11:28:37,8740,23184,91973,1009609080,0,0,0
l2206,20220218,20220218,112836500,11:28:37,8741,23185,91973,1009652785,1,0,43705
l2206,20220218,20220218,112839000,11:28:40,8741,23185,91973,1009652785,0,0,0
l2206,20220218,20220218,112841000,11:28:41,8741,23185,91973,1009652785,0,0,0
l2206,20220218,20220218,112841500,11:28:41,8741,23185,91973,1009652785,0,0,0
l2206,20220218,20220218,112842000,11:28:42,8741,23185,91973,1009652785,0,0,0
l2206,20220218,20220218,112842500,11:28:43,8741,23185,91973,1009652785,0,0,0
l2206,20220218,20220218,112843000,11:28:43,8741,23185,91973,1009652785,0,0,0
l2206,20220218,20220218,112843500,11:28:44,8741,23185,91973,1009652785,0,0,0
l2206,20220218,20220218,112844000,11:28:44,8741,23185,91973,1009652785,0,0,0
l2206,20220218,20220218,112844500,11:28:44,8741,23185,91973,1009652785,0,0,0
l2206,20220218,20220218,112845000,11:28:45,8741,23185,91973,1009652785,0,0,0
l2206,20220218,20220218,112845500,11:28:45,8741,23185,91973,1009652785,0,0,0
l2206,20220218,20220218,112846000,11:28:46,8741,23185,91973,1009652785,0,0,0
l2206,20220218,20220218,112846500,11:28:46,8741,23185,91973,1009652785,0,0,0
l2206,20220218,20220218,112847000,11:28:47,8741,23185,91973,1009652785,0,0,0
l2206,20220218,20220218,112847500,11:28:48,8741,23185,91973,1009652785,0,0,0
l2206,20220218,20220218,112848500,11:28:48,8741,23185,91973,1009652785,0,0,0
l2206,20220218,20220218,112850000,11:28:50,8741,23185,91973,1009652785,0,0,0
l2206,20220218,20220218,112850500,11:28:50,8741,23185,91973,1009652785,0,0,0
l2206,20220218,20220218,112853000,11:28:54,8741,23185,91973,1009652785,0,0,0
l2206,20220218,20220218,112853500,11:28:54,8741,23185,91973,1009652785,0,0,0
l2206,20220218,20220218,112854000,11:28:54,8741,23185,91973,1009652785,0,0,0
l2206,20220218,20220218,112854500,11:28:54,8741,23185,91973,1009652785,0,0,0
l2206,20220218,20220218,112855000,11:28:55,8741,23185,91973,1009652785,0,0,0
l2206,20220218,20220218,112855500,11:28:56,8741,23185,91973,1009652785,0,0,0
l2206,20220218,20220218,112856000,11:28:56,8741,23185,91973,1009652785,0,0,0
l2206,20220218,20220218,112857000,11:28:57,8741,23192,91970,1009958720,7,-3,305935
l2206,20220218,20220218,112857500,11:28:58,8741,23192,91970,1009958720,0,0,0
l2206,20220218,20220218,112858000,11:28:58,8741,23192,91970,1009958720,0,0,0
l2206,20220218,20220218,112858500,11:28:59,8741,23192,91970,1009958720,0,0,0
l2206,20220218,20220218,112859000,11:28:59,8741,23192,91970,1009958720,0,0,0
l2206,20220218,20220218,112902000,11:29:02,8741,23192,91970,1009958720,0,0,0
l2206,20220218,20220218,112902500,11:29:03,8741,23192,91970,1009958720,0,0,0
l2206,20220218,20220218,112903000,11:29:03,8741,23192,91970,1009958720,0,0,0
l2206,20220218,20220218,112903500,11:29:04,8741,23192,91970,1009958720,0,0,0
l2206,20220218,20220218,112904000,11:29:04,8741,23192,91970,1009958720,0,0,0
l2206,20220218,20220218,112904500,11:29:04,8741,23192,91970,1009958720,0,0,0
l2206,20220218,20220218,112905000,11:29:05,8741,23192,91970,1009958720,0,0,0
l2206,20220218,20220218,112905500,11:29:06,8741,23192,91970,1009958720,0,0,0
l2206,20220218,20220218,112906000,11:29:06,8741,23192,91970,1009958720,0,0,0
l2206,20220218,20220218,112906500,11:29:06,8741,23192,91970,1009958720,0,0,0
l2206,20220218,20220218,112907000,11:29:08,8741,23192,91970,1009958720,0,0,0
l2206,20220218,20220218,112907500,11:29:08,8741,23192,91970,1009958720,0,0,0
l2206,20220218,20220218,112908000,11:29:08,8741,23192,91970,1009958720,0,0,0
l2206,20220218,20220218,112908500,11:29:08,8741,23192,91970,1009958720,0,0,0
l2206,20220218,20220218,112909000,11:29:09,8741,23192,91970,1009958720,0,0,0
l2206,20220218,20220218,112909500,11:29:09,8741,23192,91970,1009958720,0,0,0
l2206,20220218,20220218,112910000,11:29:10,8741,23192,91970,1009958720,0,0,0
l2206,20220218,20220218,112910500,11:29:11,8741,23192,91970,1009958720,0,0,0
l2206,20220218,20220218,112911000,11:29:11,8741,23192,91970,1009958720,0,0,0
l2206,20220218,20220218,112911500,11:29:12,8741,23192,91970,1009958720,0,0,0
l2206,20220218,20220218,112912000,11:29:12,8741,23192,91970,1009958720,0,0,0
l2206,20220218,20220218,112912500,11:29:12,8741,23192,91970,1009958720,0,0,0
l2206,20220218,20220218,112913000,11:29:13,8741,23192,91970,1009958720,0,0,0
l2206,20220218,20220218,112913500,11:29:14,8741,23192,91970,1009958720,0,0,0
l2206,20220218,20220218,112914000,11:29:14,8741,23192,91970,1009958720,0,0,0
l2206,20220218,20220218,112914500,11:29:15,8741,23192,91970,1009958720,0,0,0
l2206,20220218,20220218,112915000,11:29:15,8741,23192,91970,1009958720,0,0,0
l2206,20220218,20220218,112915500,11:29:16,8741,23192,91970,1009958720,0,0,0
l2206,20220218,20220218,112916000,11:29:16,8741,23192,91970,1009958720,0,0,0
l2206,20220218,20220218,112916500,11:29:20,8741,23192,91970,1009958720,0,0,0
l2206,20220218,20220218,112917000,11:29:20,8741,23192,91970,1009958720,0,0,0
l2206,20220218,20220218,112917500,11:29:21,8741,23192,91970,1009958720,0,0,0
l2206,20220218,20220218,112918000,11:29:21,8741,23192,91970,1009958720,0,0,0
l2206,20220218,20220218,112920500,11:29:21,8741,23192,91970,1009958720,0,0,0
l2206,20220218,20220218,112921000,11:29:22,8741,23192,91970,1009958720,0,0,0
l2206,20220218,20220218,112921500,11:29:24,8741,23192,91970,1009958720,0,0,0
l2206,20220218,20220218,112922000,11:29:24,8741,23192,91970,1009958720,0,0,0
l2206,20220218,20220218,112924000,11:29:24,8741,23192,91970,1009958720,0,0,0
l2206,20220218,20220218,112925000,11:29:25,8741,23192,91970,1009958720,0,0,0
l2206,20220218,20220218,112925500,11:29:25,8741,23192,91970,1009958720,0,0,0
l2206,20220218,20220218,112926000,11:29:26,8741,23192,91970,1009958720,0,0,0
l2206,20220218,20220218,112926500,11:29:26,8741,23192,91970,1009958720,0,0,0
l2206,20220218,20220218,112927000,11:29:27,8741,23192,91970,1009958720,0,0,0
l2206,20220218,20220218,112927500,11:29:27,8741,23192,91970,1009958720,0,0,0
l2206,20220218,20220218,112928000,11:29:28,8741,23192,91970,1009958720,0,0,0
l2206,20220218,20220218,112930000,11:29:30,8741,23192,91970,1009958720,0,0,0
l2206,20220218,20220218,112930500,11:29:31,8741,23192,91970,1009958720,0,0,0
l2206,20220218,20220218,112931000,11:29:32,8741,23192,91970,1009958720,0,0,0
l2206,20220218,20220218,112931500,11:29:32,8741,23192,91970,1009958720,0,0,0
l2206,20220218,20220218,112932000,11:29:32,8741,23192,91970,1009958720,0,0,0
l2206,20220218,20220218,112932500,11:29:37,8741,23192,91970,1009958720,0,0,0
l2206,20220218,20220218,112933000,11:29:37,8741,23192,91970,1009958720,0,0,0
l2206,20220218,20220218,112933500,11:29:38,8741,23192,91970,1009958720,0,0,0
l2206,20220218,20220218,112938500,11:29:39,8741,23192,91970,1009958720,0,0,0
l2206,20220218,20220218,112939000,11:29:39,8741,23192,91970,1009958720,0,0,0
l2206,20220218,20220218,112939500,11:29:40,8741,23192,91970,1009958720,0,0,0
l2206,20220218,20220218,112940000,11:29:40,8741,23192,91970,1009958720,0,0,0
l2206,20220218,20220218,112940500,11:29:40,8741,23192,91970,1009958720,0,0,0
l2206,20220218,20220218,112941000,11:29:41,8741,23192,91970,1009958720,0,0,0
l2206,20220218,20220218,112941500,11:29:42,8741,23192,91970,1009958720,0,0,0
l2206,20220218,20220218,112942000,11:29:44,8741,23192,91970,1009958720,0,0,0
l2206,20220218,20220218,112950500,11:29:52,8741,23192,91970,1009958720,0,0,0
l2206,20220218,20220218,112951500,11:29:52,8741,23192,91970,1009958720,0,0,0
l2206,20220218,20220218,112952000,11:29:53,8741,23192,91970,1009958720,0,0,0
l2206,20220218,20220218,112952500,11:29:53,8741,23192,91970,1009958720,0,0,0
l2206,20220218,20220218,112954500,11:29:54,8741,23192,91970,1009958720,0,0,0
l2206,20220218,20220218,112955000,11:29:55,8741,23192,91970,1009958720,0,0,0
l2206,20220218,20220218,112955500,11:29:56,8741,23192,91970,1009958720,0,0,0
l2206,20220218,20220218,112956000,11:30:00,8741,23192,91970,1009958720,0,0,0
l2206,20220218,20220218,112956500,11:30:00,8741,23192,91970,1009958720,0,0,0
l2206,20220218,20220218,112957000,11:30:02,8741,23192,91970,1009958720,0,0,0
l2206,20220218,20220218,112957500,11:30:02,8741,23192,91970,1009958720,0,0,0
l2206,20220218,20220218,112959000,11:30:02,8741,23192,91970,1009958720,0,0,0
l2206,20220218,20220218,113001000,11:30:03,8741,23192,91970,1009958720,0,0,0
l2206,20220218,20220218,133002000,13:30:08,8741,23195,91970,1010089835,3,0,131115
l2206,20220218,20220218,133002500,13:30:09,8741,23195,91970,1010089835,0,0,0
l2206,20220218,20220218,133008000,13:30:10,8741,23195,91970,1010089835,0,0,0
l2206,20220218,20220218,133008500,13:30:10,8741,23195,91970,1010089835,0,0,0
l2206,20220218,20220218,133009500,13:30:10,8741,23195,91970,1010089835,0,0,0
l2206,20220218,20220218,133010000,13:30:11,8741,23195,91970,1010089835,0,0,0
l2206,20220218,20220218,133010500,13:30:12,8730,23211,91969,1010788490,16,-1,698655
l2206,20220218,20220218,133011000,13:30:13,8729,23222,91966,1011268590,11,-3,480100
l2206,20220218,20220218,133011500,13:30:13,8729,23225,91963,1011399520,3,-3,130930
l2206,20220218,20220218,133012500,13:30:13,8728,23227,91962,1011486800,2,-1,87280
l2206,20220218,20220218,133013000,13:30:14,8730,23230,91962,1011617750,3,0,130950
l2206,20220218,20220218,133013500,13:30:14,8730,23230,91962,1011617750,0,0,0
l2206,20220218,20220218,133014000,13:30:16,8730,23230,91962,1011617750,0,0,0
l2206,20220218,20220218,133015000,13:30:18,8730,23230,91962,1011617750,0,0,0
l2206,20220218,20220218,133016500,13:30:18,8730,23230,91962,1011617750,0,0,0
l2206,20220218,20220218,133018000,13:30:19,8730,23230,91962,1011617750,0,0,0
l2206,20220218,20220218,133018500,13:30:20,8728,23346,91933,1016680020,116,-29,5062270
l2206,20220218,20220218,133019000,13:30:20,8728,23346,91933,1016680020,0,0,0
l2206,20220218,20220218,133019500,13:30:21,8728,23346,91933,1016680020,0,0,0
l2206,20220218,20220218,133020000,13:30:21,8728,23346,91933,1016680020,0,0,0
l2206,20220218,20220218,133020500,13:30:21,8728,23346,91933,1016680020,0,0,0
l2206,20220218,20220218,133021000,13:30:21,8733,23348,91933,1016767350,2,0,87330
l2206,20220218,20220218,133021500,13:30:22,8719,23354,91930,1017029030,6,-3,261680
l2206,20220218,20220218,133022000,13:30:38,8719,23354,91930,1017029030,0,0,0
l2206,20220218,20220218,133022500,13:30:38,8719,23354,91930,1017029030,0,0,0
l2206,20220218,20220218,133023000,13:30:38,8719,23354,91930,1017029030,0,0,0
l2206,20220218,20220218,133037000,13:30:40,8719,23354,91930,1017029030,0,0,0
l2206,20220218,20220218,133038500,13:30:42,8739,23381,91941,1018208875,27,11,1179845
l2206,20220218,20220218,133039500,13:30:42,8739,23381,91941,1018208875,0,0,0
l2206,20220218,20220218,133042000,13:30:44,8739,23381,91941,1018208875,0,0,0
l2206,20220218,20220218,133042500,13:30:44,8739,23381,91941,1018208875,0,0,0
l2206,20220218,20220218,133043000,13:30:44,8739,23381,91941,1018208875,0,0,0
l2206,20220218,20220218,133043500,13:30:45,8739,23381,91941,1018208875,0,0,0
l2206,20220218,20220218,133044000,13:30:46,8739,23381,91941,1018208875,0,0,0
l2206,20220218,20220218,133044500,13:30:46,8739,23381,91941,1018208875,0,0,0
l2206,20220218,20220218,133045000,13:30:46,8739,23381,91941,1018208875,0,0,0
l2206,20220218,20220218,133046500,13:30:47,8739,23381,91941,1018208875,0,0,0
l2206,20220218,20220218,133047000,13:30:48,8739,23381,91941,1018208875,0,0,0
l2206,20220218,20220218,133047500,13:30:48,8739,23381,91941,1018208875,0,0,0
l2206,20220218,20220218,133048000,13:30:48,8739,23381,91941,1018208875,0,0,0
l2206,20220218,20220218,133050000,13:30:51,8739,23381,91941,1018208875,0,0,0
l2206,20220218,20220218,133050500,13:30:52,8739,23381,91941,1018208875,0,0,0
l2206,20220218,20220218,133051000,13:30:52,8739,23381,91941,1018208875,0,0,0
l2206,20220218,20220218,133051500,13:30:52,8739,23381,91941,1018208875,0,0,0
l2206,20220218,20220218,133052000,13:30:53,8739,23381,91941,1018208875,0,0,0
l2206,20220218,20220218,133052500,13:30:54,8739,23381,91941,1018208875,0,0,0
l2206,20220218,20220218,133053000,13:30:54,8739,23381,91941,1018208875,0,0,0
l2206,20220218,20220218,133054000,13:30:55,8739,23381,91941,1018208875,0,0,0
l2206,20220218,20220218,133054500,13:30:55,8739,23381,91941,1018208875,0,0,0
l2206,20220218,20220218,133055000,13:30:56,8745,23386,91936,1018427500,5,-5,218625
l2206,20220218,20220218,133055500,13:30:56,8745,23386,91936,1018427500,0,0,0
l2206,20220218,20220218,133056000,13:30:57,8745,23386,91936,1018427500,0,0,0
l2206,20220218,20220218,133056500,13:30:57,8745,23386,91936,1018427500,0,0,0
l2206,20220218,20220218,133057000,13:30:58,8745,23386,91936,1018427500,0,0,0
l2206,20220218,20220218,133057500,13:30:58,8745,23386,91936,1018427500,0,0,0
l2206,20220218,20220218,133058000,13:30:58,8745,23386,91936,1018427500,0,0,0
l2206,20220218,20220218,133058500,13:30:59,8745,23386,91936,1018427500,0,0,0
l2206,20220218,20220218,133059000,13:30:59,8745,23386,91936,1018427500,0,0,0
l2206,20220218,20220218,133059500,13:31:00,8745,23386,91936,1018427500,0,0,0
l2206,20220218,20220218,133100000,13:31:00,8745,23386,91936,1018427500,0,0,0
l2206,20220218,20220218,133101000,13:31:01,8745,23386,91936,1018427500,0,0,0
l2206,20220218,20220218,133101500,13:31:01,8745,23386,91936,1018427500,0,0,0
l2206,20220218,20220218,133102000,13:31:02,8745,23386,91936,1018427500,0,0,0
l2206,20220218,20220218,133104500,13:31:07,8745,23386,91936,1018427500,0,0,0
l2206,20220218,20220218,133105500,13:31:08,8749,23412,91934,1019564675,26,-2,1137175
l2206,20220218,20220218,133106000,13:31:08,8750,23420,91930,1019914675,8,-4,350000
l2206,20220218,20220218,133107000,13:31:09,8750,23420,91930,1019914675,0,0,0
l2206,20220218,20220218,133107500,13:31:09,8750,23420,91930,1019914675,0,0,0
l2206,20220218,20220218,133108500,13:31:09,8750,23420,91930,1019914675,0,0,0
l2206,20220218,20220218,133110000,13:31:11,8750,23420,91930,1019914675,0,0,0
l2206,20220218,20220218,133110500,13:31:11,8750,23420,91930,1019914675,0,0,0
l2206,20220218,20220218,133111000,13:31:12,8750,23420,91930,1019914675,0,0,0
l2206,20220218,20220218,133111500,13:31:12,8750,23420,91930,1019914675,0,0,0
l2206,20220218,20220218,133112500,13:31:13,8748,23425,91930,1020133380,5,0,218705
l2206,20220218,20220218,133113000,13:31:13,8748,23425,91930,1020133380,0,0,0
l2206,20220218,20220218,133113500,13:31:15,8751,23438,91925,1020702195,13,-5,568815
l2206,20220218,20220218,133114000,13:31:15,8752,23444,91922,1020964755,6,-3,262560
l2206,20220218,20220218,133114500,13:31:15,8752,23444,91922,1020964755,0,0,0
l2206,20220218,20220218,133115000,13:31:15,8752,23447,91922,1021096035,3,0,131280
l2206,20220218,20220218,133115500,13:31:16,8752,23447,91922,1021096035,0,0,0
l2206,20220218,20220218,133116500,13:31:17,8752,23447,91922,1021096035,0,0,0
l2206,20220218,20220218,133117000,13:31:18,8752,23447,91922,1021096035,0,0,0
l2206,20220218,20220218,133117500,13:31:18,8753,23448,91923,1021139800,1,1,43765
l2206,20220218,20220218,133118000,13:31:19,8756,23455,91920,1021446215,7,-3,306415
l2206,20220218,20220218,133118500,13:31:19,8756,23458,91917,1021577555,3,-3,131340
l2206,20220218,20220218,133119000,13:31:20,8756,23458,91917,1021577555,0,0,0
l2206,20220218,20220218,133119500,13:31:20,8756,23458,91917,1021577555,0,0,0
l2206,20220218,20220218,133120000,13:31:20,8756,23458,91917,1021577555,0,0,0
l2206,20220218,20220218,133120500,13:31:21,8754,23465,91917,1021883945,7,0,306390
l2206,20220218,20220218,133121000,13:31:21,8753,23491,91911,1023021715,26,-6,1137770
l2206,20220218,20220218,133121500,13:31:22,8753,23491,91911,1023021715,0,0,0
l2206,20220218,20220218,133122000,13:31:23,8753,23491,91911,1023021715,0,0,0
l2206,20220218,20220218,133122500,13:31:23,8753,23491,91911,1023021715,0,0,0
l2206,20220218,20220218,133123000,13:31:25,8753,23491,91911,1023021715,0,0,0
l2206,20220218,20220218,133123500,13:31:25,8753,23491,91911,1023021715,0,0,0
l2206,20220218,20220218,133124500,13:31:25,8753,23491,91911,1023021715,0,0,0
l2206,20220218,20220218,133157500,13:31:57,8751,23492,91911,1023065470,1,0,43755
l2206,20220218,20220218,133158500,13:31:58,8751,23492,91911,1023065470,0,0,0
l2206,20220218,20220218,133159000,13:31:59,8751,23492,91911,1023065470,0,0,0
l2206,20220218,20220218,133159500,13:32:00,8751,23492,91911,1023065470,0,0,0
l2206,20220218,20220218,133200500,13:32:01,8751,23492,91911,1023065470,0,0,0
l2206,20220218,20220218,133201000,13:32:01,8751,23492,91911,1023065470,0,0,0
l2206,20220218,20220218,133201500,13:32:01,8751,23492,91911,1023065470,0,0,0
l2206,20220218,20220218,133202000,13:32:03,8751,23492,91911,1023065470,0,0,0
l2206,20220218,20220218,133202500,13:32:04,8751,23492,91911,1023065470,0,0,0
l2206,20220218,20220218,133203000,13:32:04,8751,23492,91911,1023065470,0,0,0
l2206,20220218,20220218,133203500,13:32:05,8751,23492,91911,1023065470,0,0,0
l2206,20220218,20220218,133205000,13:32:06,8747,23537,91909,1025033715,45,-2,1968245
l2206,20220218,20220218,133205500,13:32:06,8746,23553,91913,1025733395,16,4,699680
l2206,20220218,20220218,133206000,13:32:06,8744,23561,91910,1026083175,8,-3,349780
l2206,20220218,20220218,133206500,13:32:07,8744,23561,91910,1026083175,0,0,0
l2206,20220218,20220218,133207000,13:32:07,8744,23561,91910,1026083175,0,0,0
l2206,20220218,20220218,133207500,13:32:07,8744,23565,91910,1026258055,4,0,174880
l2206,20220218,20220218,133208000,13:32:09,8744,23565,91910,1026258055,0,0,0
l2206,20220218,20220218,133208500,13:32:10,8744,23565,91910,1026258055,0,0,0
l2206,20220218,20220218,133209000,13:32:10,8744,23565,91910,1026258055,0,0,0
l2206,20220218,20220218,133209500,13:32:10,8744,23565,91910,1026258055,0,0,0
l2206,20220218,20220218,133210000,13:32:11,8744,23565,91910,1026258055,0,0,0
l2206,20220218,20220218,133210500,13:32:13,8741,23566,91909,1026301760,1,-1,43705
l2206,20220218,20220218,133211000,13:32:14,8741,23566,91909,1026301760,0,0,0
l2206,20220218,20220218,133213000,13:32:15,8741,23566,91909,1026301760,0,0,0
l2206,20220218,20220218,133214000,13:32:15,8741,23566,91909,1026301760,0,0,0
l2206,20220218,20220218,133215000,13:32:16,8741,23566,91909,1026301760,0,0,0
l2206,20220218,20220218,133215500,13:32:16,8743,23606,91902,1028050200,40,-7,1748440
l2206,20220218,20220218,133216000,13:32:17,8742,23615,91901,1028443650,9,-1,393450
l2206,20220218,20220218,133216500,13:32:17,8742,23615,91901,1028443650,0,0,0
l2206,20220218,20220218,133217000,13:32:18,8742,23615,91901,1028443650,0,0,0
l2206,20220218,20220218,133217500,13:32:18,8741,23663,91913,1030541565,48,12,2097915
l2206,20220218,20220218,133218000,13:32:18,8736,23707,91915,1032464005,44,2,1922440
l2206,20220218,20220218,133218500,13:32:19,8738,23715,91923,1032813505,8,8,349500
l2206,20220218,20220218,133219000,13:32:20,8738,23715,91923,1032813505,0,0,0
l2206,20220218,20220218,133219500,13:32:20,8738,23715,91923,1032813505,0,0,0
l2206,20220218,20220218,133220000,13:32:21,8738,23715,91923,1032813505,0,0,0
l2206,20220218,20220218,133220500,13:32:21,8738,23715,91923,1032813505,0,0,0
l2206,20220218,20220218,133221000,13:32:21,8738,23715,91923,1032813505,0,0,0
l2206,20220218,20220218,133221500,13:32:22,8738,23715,91923,1032813505,0,0,0
l2206,20220218,20220218,133222000,13:32:23,8740,23770,91920,1035217045,55,-3,2403540
l2206,20220218,20220218,133222500,13:32:23,8740,23773,91917,1035348145,3,-3,131100
l2206,20220218,20220218,133223000,13:32:24,8740,23773,91917,1035348145,0,0,0
l2206,20220218,20220218,133223500,13:32:24,8742,23781,91911,1035697805,8,-6,349660
l2206,20220218,20220218,133224000,13:32:24,8738,23824,91906,1037576645,43,-5,1878840
l2206,20220218,20220218,133224500,13:32:25,8738,23828,91910,1037751405,4,4,174760
l2206,20220218,20220218,133225000,13:32:25,8738,23828,91910,1037751405,0,0,0
l2206,20220218,20220218,133225500,13:32:26,8738,23828,91910,1037751405,0,0,0
l2206,20220218,20220218,133226000,13:32:27,8738,23828,91910,1037751405,0,0,0
l2206,20220218,20220218,133226500,13:32:27,8738,23828,91910,1037751405,0,0,0
l2206,20220218,20220218,133227000,13:32:27,8738,23828,91910,1037751405,0,0,0
l2206,20220218,20220218,133228000,13:32:32,8738,23828,91910,1037751405,0,0,0
l2206,20220218,20220218,133229000,13:32:33,8738,23828,91910,1037751405,0,0,0
l2206,20220218,20220218,133230000,13:32:35,8738,23828,91910,1037751405,0,0,0
l2206,20220218,20220218,133234500,13:32:35,8738,23828,91910,1037751405,0,0,0
l2206,20220218,20220218,133235000,13:32:36,8738,23828,91910,1037751405,0,0,0
l2206,20220218,20220218,133235500,13:32:36,8738,23828,91910,1037751405,0,0,0
l2206,20220218,20220218,133236000,13:32:37,8738,23828,91910,1037751405,0,0,0
l2206,20220218,20220218,133236500,13:32:37,8738,23828,91910,1037751405,0,0,0
l2206,20220218,20220218,133237000,13:32:37,8738,23828,91910,1037751405,0,0,0
l2206,20220218,20220218,133237500,13:32:38,8738,23828,91910,1037751405,0,0,0
l2206,20220218,20220218,133238000,13:32:38,8738,23828,91910,1037751405,0,0,0
l2206,20220218,20220218,133238500,13:32:39,8738,23828,91910,1037751405,0,0,0
l2206,20220218,20220218,133239000,13:32:39,8738,23828,91910,1037751405,0,0,0
l2206,20220218,20220218,133239500,13:32:40,8738,23828,91910,1037751405,0,0,0
l2206,20220218,20220218,133240000,13:32:40,8738,23828,91910,1037751405,0,0,0
l2206,20220218,20220218,133240500,13:32:41,8738,23828,91910,1037751405,0,0,0
l2206,20220218,20220218,133241000,13:32:41,8738,23828,91910,1037751405,0,0,0
l2206,20220218,20220218,133241500,13:32:42,8738,23828,91910,1037751405,0,0,0
l2206,20220218,20220218,133242000,13:32:42,8738,23828,91910,1037751405,0,0,0
l2206,20220218,20220218,133242500,13:32:42,8734,23836,91908,1038100805,8,-2,349400
l2206,20220218,20220218,133243000,13:32:43,8734,23836,91908,1038100805,0,0,0
l2206,20220218,20220218,133243500,13:32:43,8734,23836,91908,1038100805,0,0,0
l2206,20220218,20220218,133244000,13:32:44,8734,23836,91908,1038100805,0,0,0
l2206,20220218,20220218,133244500,13:32:45,8734,23836,91908,1038100805,0,0,0
l2206,20220218,20220218,133245000,13:32:45,8734,23836,91908,1038100805,0,0,0
l2206,20220218,20220218,133245500,13:32:45,8734,23836,91908,1038100805,0,0,0
l2206,20220218,20220218,133246000,13:32:47,8734,23836,91908,1038100805,0,0,0
l2206,20220218,20220218,133246500,13:32:47,8734,23836,91908,1038100805,0,0,0
l2206,20220218,20220218,133247000,13:32:47,8734,23836,91908,1038100805,0,0,0
l2206,20220218,20220218,133247500,13:32:48,8734,23836,91908,1038100805,0,0,0
l2206,20220218,20220218,133248000,13:32:49,8734,23836,91908,1038100805,0,0,0
l2206,20220218,20220218,133248500,13:32:49,8735,23840,91910,1038275505,4,2,174700
l2206,20220218,20220218,133249000,13:32:49,8735,23840,91910,1038275505,0,0,0
l2206,20220218,20220218,133249500,13:32:50,8735,23840,91910,1038275505,0,0,0
l2206,20220218,20220218,133250000,13:32:50,8735,23840,91910,1038275505,0,0,0
l2206,20220218,20220218,133250500,13:32:52,8735,23840,91910,1038275505,0,0,0
l2206,20220218,20220218,133251500,13:32:53,8735,23840,91910,1038275505,0,0,0
l2206,20220218,20220218,133252500,13:32:53,8733,23864,91914,1039323465,24,4,1047960
l2206,20220218,20220218,133253000,13:32:53,8731,23873,91919,1039716385,9,5,392920
l2206,20220218,20220218,133253500,13:32:54,8731,23873,91919,1039716385,0,0,0
l2206,20220218,20220218,133254000,13:32:54,8731,23873,91919,1039716385,0,0,0
l2206,20220218,20220218,133254500,13:32:55,8731,23873,91919,1039716385,0,0,0
l2206,20220218,20220218,133255000,13:32:55,8731,23873,91919,1039716385,0,0,0
l2206,20220218,20220218,133255500,13:32:55,8731,23873,91919,1039716385,0,0,0
l2206,20220218,20220218,133256000,13:32:56,8731,23873,91919,1039716385,0,0,0
l2206,20220218,20220218,133256500,13:32:57,8731,23873,91919,1039716385,0,0,0
l2206,20220218,20220218,133257000,13:32:59,8731,23873,91919,1039716385,0,0,0
l2206,20220218,20220218,133258000,13:33:00,8731,23873,91919,1039716385,0,0,0
l2206,20220218,20220218,133259500,13:33:01,8731,23873,91919,1039716385,0,0,0
l2206,20220218,20220218,133300000,13:33:01,8731,23873,91919,1039716385,0,0,0
l2206,20220218,20220218,133300500,13:33:01,8731,23873,91919,1039716385,0,0,0
l2206,20220218,20220218,133301000,13:33:02,8731,23873,91919,1039716385,0,0,0
l2206,20220218,20220218,133301500,13:33:02,8735,23889,91927,1040415065,16,8,698680
l2206,20220218,20220218,133302000,13:33:03,8736,23913,91919,1041463325,24,-8,1048260
l2206,20220218,20220218,133302500,13:33:03,8736,23913,91919,1041463325,0,0,0
l2206,20220218,20220218,133303000,13:33:04,8736,23913,91919,1041463325,0,0,0
l2206,20220218,20220218,133303500,13:33:04,8736,23914,91919,1041507005,1,0,43680
l2206,20220218,20220218,133304000,13:33:04,8736,23914,91919,1041507005,0,0,0
l2206,20220218,20220218,133304500,13:33:05,8736,23914,91919,1041507005,0,0,0
l2206,20220218,20220218,133305000,13:33:05,8736,23914,91919,1041507005,0,0,0
l2206,20220218,20220218,133305500,13:33:06,8736,23914,91919,1041507005,0,0,0
l2206,20220218,20220218,133306000,13:33:06,8736,23914,91919,1041507005,0,0,0
l2206,20220218,20220218,133306500,13:33:06,8736,23914,91919,1041507005,0,0,0
l2206,20220218,20220218,133307000,13:33:07,8736,23914,91919,1041507005,0,0,0
l2206,20220218,20220218,133307500,13:33:08,8736,23914,91919,1041507005,0,0,0
l2206,20220218,20220218,133308000,13:33:08,8736,23914,91919,1041507005,0,0,0
l2206,20220218,20220218,133308500,13:33:09,8736,23914,91919,1041507005,0,0,0
l2206,20220218,20220218,133309000,13:33:09,8736,23914,91919,1041507005,0,0,0
l2206,20220218,20220218,133309500,13:33:11,8736,23914,91919,1041507005,0,0,0
l2206,20220218,20220218,133310000,13:33:11,8736,23914,91919,1041507005,0,0,0
l2206,20220218,20220218,133310500,13:33:12,8736,23914,91919,1041507005,0,0,0
l2206,20220218,20220218,133311000,13:33:13,8736,23914,91919,1041507005,0,0,0
l2206,20220218,20220218,133311500,13:33:14,8736,23914,91919,1041507005,0,0,0
l2206,20220218,20220218,133312000,13:33:14,8736,23914,91919,1041507005,0,0,0
l2206,20220218,20220218,133313500,13:33:15,8736,23914,91919,1041507005,0,0,0
l2206,20220218,20220218,133314000,13:33:17,8736,23914,91919,1041507005,0,0,0
l2206,20220218,20220218,133314500,13:33:17,8736,23914,91919,1041507005,0,0,0
l2206,20220218,20220218,133315000,13:33:18,8736,23914,91919,1041507005,0,0,0
l2206,20220218,20220218,133317000,13:33:18,8736,23914,91919,1041507005,0,0,0
l2206,20220218,20220218,133318000,13:33:19,8736,23914,91919,1041507005,0,0,0
l2206,20220218,20220218,133318500,13:33:19,8737,23916,91918,1041594375,2,-1,87370
l2206,20220218,20220218,133319000,13:33:20,8736,23917,91918,1041638055,1,0,43680
l2206,20220218,20220218,133319500,13:33:20,8736,23917,91918,1041638055,0,0,0
l2206,20220218,20220218,133320000,13:33:21,8736,23917,91918,1041638055,0,0,0
l2206,20220218,20220218,133320500,13:33:22,8736,23917,91918,1041638055,0,0,0
l2206,20220218,20220218,133321000,13:33:22,8736,23917,91918,1041638055,0,0,0
l2206,20220218,20220218,133321500,13:33:22,8736,23917,91918,1041638055,0,0,0
l2206,20220218,20220218,133322000,13:33:22,8736,23917,91918,1041638055,0,0,0
l2206,20220218,20220218,133322500,13:33:22,8736,23917,91918,1041638055,0,0,0
l2206,20220218,20220218,133323000,13:33:23,8736,23917,91918,1041638055,0,0,0
l2206,20220218,20220218,133323500,13:33:24,8736,23917,91918,1041638055,0,0,0
l2206,20220218,20220218,133324000,13:33:24,8736,23917,91918,1041638055,0,0,0
l2206,20220218,20220218,133324500,13:33:25,8736,23917,91918,1041638055,0,0,0
l2206,20220218,20220218,133325000,13:33:26,8736,23917,91918,1041638055,0,0,0
l2206,20220218,20220218,133325500,13:33:26,8736,23917,91918,1041638055,0,0,0
l2206,20220218,20220218,133326000,13:33:28,8736,23917,91918,1041638055,0,0,0
l2206,20220218,20220218,133326500,13:33:29,8736,23917,91918,1041638055,0,0,0
l2206,20220218,20220218,133327000,13:33:29,8736,23917,91918,1041638055,0,0,0
l2206,20220218,20220218,133328500,13:33:30,8736,23917,91918,1041638055,0,0,0
l2206,20220218,20220218,133331000,13:33:32,8736,23917,91918,1041638055,0,0,0
l2206,20220218,20220218,133331500,13:33:32,8736,23917,91918,1041638055,0,0,0
l2206,20220218,20220218,133332000,13:33:32,8736,23917,91918,1041638055,0,0,0
l2206,20220218,20220218,133332500,13:33:33,8736,23917,91918,1041638055,0,0,0
l2206,20220218,20220218,133333000,13:33:33,8736,23917,91918,1041638055,0,0,0
l2206,20220218,20220218,133333500,13:33:34,8736,23917,91918,1041638055,0,0,0
l2206,20220218,20220218,133334000,13:33:34,8736,23917,91918,1041638055,0,0,0
l2206,20220218,20220218,133334500,13:33:34,8736,23917,91918,1041638055,0,0,0
l2206,20220218,20220218,133335000,13:33:35,8736,23917,91918,1041638055,0,0,0
l2206,20220218,20220218,133335500,13:33:35,8736,23917,91918,1041638055,0,0,0
l2206,20220218,20220218,133336000,13:33:36,8736,23917,91918,1041638055,0,0,0
l2206,20220218,20220218,133336500,13:33:36,8736,23917,91918,1041638055,0,0,0
l2206,20220218,20220218,133337000,13:33:37,8736,23917,91918,1041638055,0,0,0
l2206,20220218,20220218,133337500,13:33:37,8736,23917,91918,1041638055,0,0,0
l2206,20220218,20220218,133338000,13:33:38,8736,23917,91918,1041638055,0,0,0
l2206,20220218,20220218,133338500,13:33:39,8736,23919,91919,1041725415,2,1,87360
l2206,20220218,20220218,133339000,13:33:39,8736,23919,91919,1041725415,0,0,0
l2206,20220218,20220218,133339500,13:33:40,8736,23919,91919,1041725415,0,0,0
l2206,20220218,20220218,133340000,13:33:40,8736,23919,91919,1041725415,0,0,0
l2206,20220218,20220218,133340500,13:33:41,8736,23919,91919,1041725415,0,0,0
l2206,20220218,20220218,133341000,13:33:41,8736,23919,91919,1041725415,0,0,0
l2206,20220218,20220218,133341500,13:33:42,8736,23919,91919,1041725415,0,0,0
l2206,20220218,20220218,133342500,13:33:42,8736,23919,91919,1041725415,0,0,0
l2206,20220218,20220218,133343000,13:33:43,8736,23919,91919,1041725415,0,0,0
l2206,20220218,20220218,133343500,13:33:44,8736,23919,91919,1041725415,0,0,0
l2206,20220218,20220218,133344000,13:33:45,8736,23919,91919,1041725415,0,0,0
l2206,20220218,20220218,133344500,13:33:45,8736,23919,91919,1041725415,0,0,0
l2206,20220218,20220218,133345000,13:33:45,8736,23919,91919,1041725415,0,0,0
l2206,20220218,20220218,133345500,13:33:46,8736,23919,91919,1041725415,0,0,0
l2206,20220218,20220218,133346000,13:33:47,8736,23919,91919,1041725415,0,0,0
l2206,20220218,20220218,133346500,13:33:48,8736,23919,91919,1041725415,0,0,0
l2206,20220218,20220218,133347000,13:33:48,8736,23919,91919,1041725415,0,0,0
l2206,20220218,20220218,133347500,13:33:49,8736,23919,91919,1041725415,0,0,0
l2206,20220218,20220218,133348000,13:33:49,8736,23919,91919,1041725415,0,0,0
l2206,20220218,20220218,133348500,13:33:49,8736,23919,91919,1041725415,0,0,0
l2206,20220218,20220218,133349000,13:33:50,8736,23919,91919,1041725415,0,0,0
l2206,20220218,20220218,133349500,13:33:50,8736,23919,91919,1041725415,0,0,0
l2206,20220218,20220218,133350000,13:33:50,8736,23919,91919,1041725415,0,0,0
l2206,20220218,20220218,133350500,13:33:50,8736,23919,91919,1041725415,0,0,0
l2206,20220218,20220218,133351000,13:33:51,8736,23919,91919,1041725415,0,0,0
l2206,20220218,20220218,133351500,13:33:52,8736,23919,91919,1041725415,0,0,0
l2206,20220218,20220218,133352000,13:33:52,8736,23919,91919,1041725415,0,0,0
l2206,20220218,20220218,133352500,13:33:52,8736,23919,91919,1041725415,0,0,0
l2206,20220218,20220218,133353000,13:33:53,8736,23919,91919,1041725415,0,0,0
l2206,20220218,20220218,133353500,13:33:53,8736,23923,91921,1041900135,4,2,174720
l2206,20220218,20220218,133354000,13:33:54,8736,23923,91921,1041900135,0,0,0
l2206,20220218,20220218,133354500,13:33:55,8736,23923,91921,1041900135,0,0,0
l2206,20220218,20220218,133355000,13:33:56,8736,23923,91921,1041900135,0,0,0
l2206,20220218,20220218,133355500,13:33:56,8736,23923,91921,1041900135,0,0,0
l2206,20220218,20220218,133356000,13:33:57,8736,23923,91921,1041900135,0,0,0
l2206,20220218,20220218,133356500,13:33:57,8736,23923,91921,1041900135,0,0,0
l2206,20220218,20220218,133357000,13:33:58,8736,23923,91921,1041900135,0,0,0
l2206,20220218,20220218,133358500,13:33:58,8736,23923,91921,1041900135,0,0,0
l2206,20220218,20220218,133359000,13:33:59,8736,23923,91921,1041900135,0,0,0
l2206,20220218,20220218,133359500,13:33:59,8736,23923,91921,1041900135,0,0,0
l2206,20220218,20220218,133400000,13:34:00,8736,23923,91921,1041900135,0,0,0
l2206,20220218,20220218,133400500,13:34:00,8736,23923,91921,1041900135,0,0,0
l2206,20220218,20220218,133401000,13:34:01,8736,23923,91921,1041900135,0,0,0
l2206,20220218,20220218,133401500,13:34:02,8736,23923,91921,1041900135,0,0,0
l2206,20220218,20220218,133402000,13:34:10,8736,23923,91921,1041900135,0,0,0
l2206,20220218,20220218,133402500,13:34:10,8736,23923,91921,1041900135,0,0,0
l2206,20220218,20220218,133403000,13:34:10,8736,23923,91921,1041900135,0,0,0
l2206,20220218,20220218,133403500,13:34:11,8736,23923,91921,1041900135,0,0,0
l2206,20220218,20220218,133410000,13:34:12,8736,23923,91921,1041900135,0,0,0
l2206,20220218,20220218,133410500,13:34:12,8736,23923,91921,1041900135,0,0,0
l2206,20220218,20220218,133411500,13:34:12,8736,23923,91921,1041900135,0,0,0
l2206,20220218,20220218,133412000,13:34:13,8736,23923,91921,1041900135,0,0,0
l2206,20220218,20220218,133412500,13:34:13,8736,23923,91921,1041900135,0,0,0
l2206,20220218,20220218,133413000,13:34:13,8736,23923,91921,1041900135,0,0,0
l2206,20220218,20220218,133413500,13:34:14,8736,23923,91921,1041900135,0,0,0
l2206,20220218,20220218,133414000,13:34:14,8736,23923,91921,1041900135,0,0,0
l2206,20220218,20220218,133414500,13:34:15,8742,23950,91921,1043080225,27,0,1180090
l2206,20220218,20220218,133415000,13:34:15,8742,23950,91921,1043080225,0,0,0
l2206,20220218,20220218,133415500,13:34:16,8743,23954,91923,1043255085,4,2,174860
l2206,20220218,20220218,133416000,13:34:16,8743,23954,91923,1043255085,0,0,0
l2206,20220218,20220218,133416500,13:34:17,8743,23958,91923,1043429945,4,0,174860
l2206,20220218,20220218,133417000,13:34:17,8742,23961,91920,1043561075,3,-3,131130
l2206,20220218,20220218,133417500,13:34:17,8742,23961,91920,1043561075,0,0,0
l2206,20220218,20220218,133418000,13:34:18,8742,23961,91920,1043561075,0,0,0
l2206,20220218,20220218,133418500,13:34:19,8742,23961,91920,1043561075,0,0,0
l2206,20220218,20220218,133419000,13:34:19,8742,23961,91920,1043561075,0,0,0
l2206,20220218,20220218,133419500,13:34:20,8742,23961,91920,1043561075,0,0,0
l2206,20220218,20220218,133420000,13:34:20,8742,23961,91920,1043561075,0,0,0
l2206,20220218,20220218,133420500,13:34:23,8742,23961,91920,1043561075,0,0,0
l2206,20220218,20220218,133421000,13:34:23,8742,23965,91916,1043735915,4,-4,174840
l2206,20220218,20220218,133421500,13:34:23,8742,23965,91916,1043735915,0,0,0
l2206,20220218,20220218,133423000,13:34:24,8742,23965,91916,1043735915,0,0,0
l2206,20220218,20220218,133423500,13:34:24,8742,23965,91916,1043735915,0,0,0
l2206,20220218,20220218,133424000,13:34:24,8742,23965,91916,1043735915,0,0,0
l2206,20220218,20220218,133424500,13:34:24,8742,23965,91916,1043735915,0,0,0
l2206,20220218,20220218,133425000,13:34:25,8742,23965,91916,1043735915,0,0,0
l2206,20220218,20220218,133425500,13:34:26,8742,23965,91916,1043735915,0,0,0
l2206,20220218,20220218,133426000,13:34:26,8742,23965,91916,1043735915,0,0,0
l2206,20220218,20220218,133426500,13:34:26,8742,23965,91916,1043735915,0,0,0
l2206,20220218,20220218,133427000,13:34:27,8742,23965,91916,1043735915,0,0,0
l2206,20220218,20220218,133427500,13:34:27,8742,23965,91916,1043735915,0,0,0
l2206,20220218,20220218,133428000,13:34:28,8742,23965,91916,1043735915,0,0,0
l2206,20220218,20220218,133428500,13:34:29,8742,23965,91916,1043735915,0,0,0
l2206,20220218,20220218,133429000,13:34:29,8742,23965,91916,1043735915,0,0,0
l2206,20220218,20220218,133429500,13:34:29,8742,23965,91916,1043735915,0,0,0
l2206,20220218,20220218,133430000,13:34:30,8742,23965,91916,1043735915,0,0,0
l2206,20220218,20220218,133430500,13:34:30,8742,23965,91916,1043735915,0,0,0
l2206,20220218,20220218,133431000,13:34:31,8742,23965,91916,1043735915,0,0,0
l2206,20220218,20220218,133431500,13:34:31,8742,23965,91916,1043735915,0,0,0
l2206,20220218,20220218,133432000,13:34:32,8742,23965,91916,1043735915,0,0,0
l2206,20220218,20220218,133432500,13:34:32,8742,23965,91916,1043735915,0,0,0
l2206,20220218,20220218,133433000,13:34:33,8742,23965,91916,1043735915,0,0,0
l2206,20220218,20220218,133433500,13:34:34,8742,23965,91916,1043735915,0,0,0
l2206,20220218,20220218,133434000,13:34:34,8742,23965,91916,1043735915,0,0,0
l2206,20220218,20220218,133434500,13:34:35,8742,23965,91916,1043735915,0,0,0
l2206,20220218,20220218,133435000,13:34:35,8742,23965,91916,1043735915,0,0,0
l2206,20220218,20220218,133435500,13:34:36,8742,23965,91916,1043735915,0,0,0
l2206,20220218,20220218,133436000,13:34:36,8742,23965,91916,1043735915,0,0,0
l2206,20220218,20220218,133436500,13:34:36,8742,23965,91916,1043735915,0,0,0
l2206,20220218,20220218,133437000,13:34:37,8742,23965,91916,1043735915,0,0,0
l2206,20220218,20220218,133437500,13:34:38,8742,23965,91916,1043735915,0,0,0
l2206,20220218,20220218,133438000,13:34:38,8742,23965,91916,1043735915,0,0,0
l2206,20220218,20220218,133438500,13:34:39,8742,23965,91916,1043735915,0,0,0
l2206,20220218,20220218,133439000,13:34:39,8742,23965,91916,1043735915,0,0,0
l2206,20220218,20220218,133439500,13:34:40,8742,23965,91916,1043735915,0,0,0
l2206,20220218,20220218,133440000,13:34:40,8742,23965,91916,1043735915,0,0,0
l2206,20220218,20220218,133440500,13:34:41,8742,23965,91916,1043735915,0,0,0
l2206,20220218,20220218,133441000,13:34:41,8742,23965,91916,1043735915,0,0,0
l2206,20220218,20220218,133441500,13:34:43,8742,23965,91916,1043735915,0,0,0
l2206,20220218,20220218,133442000,13:34:44,8742,23965,91916,1043735915,0,0,0
l2206,20220218,20220218,133442500,13:34:44,8742,23965,91916,1043735915,0,0,0
l2206,20220218,20220218,133443000,13:34:45,8742,23965,91916,1043735915,0,0,0
l2206,20220218,20220218,133443500,13:34:45,8742,23965,91916,1043735915,0,0,0
l2206,20220218,20220218,133444000,13:34:45,8742,23965,91916,1043735915,0,0,0
l2206,20220218,20220218,133444500,13:34:46,8741,23991,91910,1044872195,26,-6,1136280
l2206,20220218,20220218,133445000,13:34:46,8741,23991,91910,1044872195,0,0,0
l2206,20220218,20220218,133445500,13:34:46,8741,23991,91910,1044872195,0,0,0
l2206,20220218,20220218,133446000,13:34:46,8741,23991,91910,1044872195,0,0,0
l2206,20220218,20220218,133446500,13:34:47,8741,23991,91910,1044872195,0,0,0
l2206,20220218,20220218,133447000,13:34:47,8741,23991,91910,1044872195,0,0,0
l2206,20220218,20220218,133447500,13:34:47,8741,23991,91910,1044872195,0,0,0
l2206,20220218,20220218,133448000,13:34:48,8741,23991,91910,1044872195,0,0,0
l2206,20220218,20220218,133448500,13:34:49,8738,24033,91917,1046707175,42,7,1834980
l2206,20220218,20220218,133449000,13:34:49,8738,24037,91921,1046881935,4,4,174760
l2206,20220218,20220218,133449500,13:34:49,8738,24037,91921,1046881935,0,0,0
l2206,20220218,20220218,133450000,13:34:51,8738,24037,91921,1046881935,0,0,0
l2206,20220218,20220218,133450500,13:34:51,8738,24037,91921,1046881935,0,0,0
l2206,20220218,20220218,133452000,13:34:52,8738,24037,91921,1046881935,0,0,0
l2206,20220218,20220218,133452500,13:34:53,8738,24037,91921,1046881935,0,0,0
l2206,20220218,20220218,133453000,13:34:53,8738,24037,91921,1046881935,0,0,0
l2206,20220218,20220218,133453500,13:34:56,8738,24037,91921,1046881935,0,0,0
l2206,20220218,20220218,133454000,13:34:56,8738,24037,91921,1046881935,0,0,0
l2206,20220218,20220218,133454500,13:34:56,8738,24037,91921,1046881935,0,0,0
l2206,20220218,20220218,133455500,13:34:56,8738,24045,91921,1047231455,8,0,349520
l2206,20220218,20220218,133456000,13:34:57,8739,24051,91921,1047493625,6,0,262170
l2206,20220218,20220218,133456500,13:34:57,8739,24051,91921,1047493625,0,0,0
l2206,20220218,20220218,133457000,13:34:57,8739,24051,91921,1047493625,0,0,0
l2206,20220218,20220218,133458000,13:34:58,8739,24051,91921,1047493625,0,0,0
l2206,20220218,20220218,133458500,13:34:59,8739,24051,91921,1047493625,0,0,0
l2206,20220218,20220218,133459000,13:34:59,8739,24051,91921,1047493625,0,0,0
l2206,20220218,20220218,133459500,13:35:00,8739,24053,91921,1047581015,2,0,87390
l2206,20220218,20220218,133500000,13:35:00,8739,24053,91921,1047581015,0,0,0
l2206,20220218,20220218,133500500,13:35:00,8736,24068,91921,1048236290,15,0,655275
l2206,20220218,20220218,133501000,13:35:04,8736,24068,91921,1048236290,0,0,0
l2206,20220218,20220218,133501500,13:35:05,8738,24069,91922,1048279980,1,1,43690
l2206,20220218,20220218,133502000,13:35:10,8738,24069,91922,1048279980,0,0,0
l2206,20220218,20220218,133504500,13:35:10,8738,24069,91922,1048279980,0,0,0
l2206,20220218,20220218,133510000,13:35:10,8738,24069,91922,1048279980,0,0,0
l2206,20220218,20220218,133510500,13:35:11,8738,24069,91922,1048279980,0,0,0
l2206,20220218,20220218,133511000,13:35:11,8738,24069,91922,1048279980,0,0,0
l2206,20220218,20220218,133511500,13:35:12,8738,24069,91922,1048279980,0,0,0
l2206,20220218,20220218,133512000,13:35:13,8738,24069,91922,1048279980,0,0,0
l2206,20220218,20220218,133512500,13:35:13,8738,24069,91922,1048279980,0,0,0
l2206,20220218,20220218,133513000,13:35:13,8738,24069,91922,1048279980,0,0,0
l2206,20220218,20220218,133513500,13:35:14,8738,24069,91922,1048279980,0,0,0
l2206,20220218,20220218,133514000,13:35:14,8738,24069,91922,1048279980,0,0,0
l2206,20220218,20220218,133514500,13:35:15,8738,24069,91922,1048279980,0,0,0
l2206,20220218,20220218,133515000,13:35:15,8738,24069,91922,1048279980,0,0,0
l2206,20220218,20220218,133515500,13:35:16,8738,24069,91922,1048279980,0,0,0
l2206,20220218,20220218,133516000,13:35:16,8738,24069,91922,1048279980,0,0,0
l2206,20220218,20220218,133516500,13:35:17,8738,24069,91922,1048279980,0,0,0
l2206,20220218,20220218,133517000,13:35:17,8738,24069,91922,1048279980,0,0,0
l2206,20220218,20220218,133517500,13:35:18,8738,24069,91922,1048279980,0,0,0
l2206,20220218,20220218,133518000,13:35:19,8738,24069,91922,1048279980,0,0,0
l2206,20220218,20220218,133518500,13:35:19,8738,24069,91922,1048279980,0,0,0
l2206,20220218,20220218,133519500,13:35:20,8738,24069,91922,1048279980,0,0,0
l2206,20220218,20220218,133520000,13:35:20,8744,24168,91911,1052606270,99,-11,4326290
l2206,20220218,20220218,133520500,13:35:21,8744,24168,91911,1052606270,0,0,0
l2206,20220218,20220218,133521000,13:35:21,8744,24168,91911,1052606270,0,0,0
l2206,20220218,20220218,133521500,13:35:22,8744,24168,91911,1052606270,0,0,0
l2206,20220218,20220218,133522000,13:35:22,8744,24168,91911,1052606270,0,0,0
l2206,20220218,20220218,133522500,13:35:23,8744,24168,91911,1052606270,0,0,0
l2206,20220218,20220218,133523000,13:35:23,8744,24168,91911,1052606270,0,0,0
l2206,20220218,20220218,133523500,13:35:23,8744,24168,91911,1052606270,0,0,0
l2206,20220218,20220218,133524000,13:35:25,8744,24168,91911,1052606270,0,0,0
l2206,20220218,20220218,133524500,13:35:25,8744,24168,91911,1052606270,0,0,0
l2206,20220218,20220218,133525000,13:35:25,8745,24172,91911,1052781170,4,0,174900
l2206,20220218,20220218,133525500,13:35:26,8745,24172,91911,1052781170,0,0,0
l2206,20220218,20220218,133526000,13:35:26,8745,24172,91911,1052781170,0,0,0
l2206,20220218,20220218,133526500,13:35:27,8745,24172,91911,1052781170,0,0,0
l2206,20220218,20220218,133527000,13:35:31,8745,24172,91911,1052781170,0,0,0
l2206,20220218,20220218,133527500,13:35:31,8744,24173,91911,1052824890,1,0,43720
l2206,20220218,20220218,133528000,13:35:32,8744,24173,91911,1052824890,0,0,0
l2206,20220218,20220218,133528500,13:35:32,8744,24173,91911,1052824890,0,0,0
l2206,20220218,20220218,133531000,13:35:33,8744,24173,91911,1052824890,0,0,0
l2206,20220218,20220218,133531500,13:35:41,8744,24173,91911,1052824890,0,0,0
l2206,20220218,20220218,133532000,13:35:42,8744,24173,91911,1052824890,0,0,0
l2206,20220218,20220218,133540500,13:35:43,8744,24173,91911,1052824890,0,0,0
l2206,20220218,20220218,133542000,13:35:44,8744,24173,91911,1052824890,0,0,0
l2206,20220218,20220218,133543000,13:35:44,8744,24173,91911,1052824890,0,0,0
l2206,20220218,20220218,133544000,13:35:44,8744,24173,91911,1052824890,0,0,0
l2206,20220218,20220218,133544500,13:35:45,8744,24173,91911,1052824890,0,0,0
l2206,20220218,20220218,133547000,13:35:47,8744,24173,91911,1052824890,0,0,0
l2206,20220218,20220218,133547500,13:35:48,8744,24173,91911,1052824890,0,0,0
l2206,20220218,20220218,133548000,13:35:48,8744,24173,91911,1052824890,0,0,0
l2206,20220218,20220218,133548500,13:35:48,8744,24173,91911,1052824890,0,0,0
l2206,20220218,20220218,133549000,13:35:49,8744,24173,91911,1052824890,0,0,0
l2206,20220218,20220218,133549500,13:35:49,8744,24173,91911,1052824890,0,0,0
l2206,20220218,20220218,133550000,13:35:50,8744,24173,91911,1052824890,0,0,0
l2206,20220218,20220218,133550500,13:35:50,8744,24173,91911,1052824890,0,0,0
l2206,20220218,20220218,133551000,13:35:51,8744,24173,91911,1052824890,0,0,0
l2206,20220218,20220218,133551500,13:35:52,8744,24173,91911,1052824890,0,0,0
l2206,20220218,20220218,133552000,13:35:52,8744,24198,91903,1053917690,25,-8,1092800
l2206,20220218,20220218,133552500,13:35:53,8744,24198,91903,1053917690,0,0,0
l2206,20220218,20220218,133553000,13:35:53,8744,24198,91903,1053917690,0,0,0
l2206,20220218,20220218,133553500,13:35:55,8744,24198,91903,1053917690,0,0,0
l2206,20220218,20220218,133554000,13:35:55,8744,24198,91903,1053917690,0,0,0
l2206,20220218,20220218,133554500,13:35:56,8744,24198,91903,1053917690,0,0,0
l2206,20220218,20220218,133555000,13:35:56,8744,24198,91903,1053917690,0,0,0
l2206,20220218,20220218,133555500,13:35:56,8744,24198,91903,1053917690,0,0,0
l2206,20220218,20220218,133556000,13:35:56,8744,24198,91903,1053917690,0,0,0
l2206,20220218,20220218,133556500,13:35:57,8744,24198,91903,1053917690,0,0,0
l2206,20220218,20220218,133557000,13:35:59,8744,24198,91903,1053917690,0,0,0
l2206,20220218,20220218,133557500,13:35:59,8744,24198,91903,1053917690,0,0,0
l2206,20220218,20220218,133558500,13:36:03,8744,24198,91903,1053917690,0,0,0
l2206,20220218,20220218,133559500,13:36:03,8744,24198,91903,1053917690,0,0,0
l2206,20220218,20220218,133600000,13:36:03,8744,24198,91903,1053917690,0,0,0
l2206,20220218,20220218,133601500,13:36:03,8744,24198,91903,1053917690,0,0,0
l2206,20220218,20220218,133602500,13:36:04,8744,24198,91903,1053917690,0,0,0
l2206,20220218,20220218,133603000,13:36:05,8744,24198,91903,1053917690,0,0,0
l2206,20220218,20220218,133603500,13:36:05,8744,24198,91903,1053917690,0,0,0
l2206,20220218,20220218,133604000,13:36:06,8744,24198,91903,1053917690,0,0,0
l2206,20220218,20220218,133605000,13:36:06,8744,24198,91903,1053917690,0,0,0
l2206,20220218,20220218,133605500,13:36:07,8744,24198,91903,1053917690,0,0,0
l2206,20220218,20220218,133606000,13:36:07,8744,24198,91903,1053917690,0,0,0
l2206,20220218,20220218,133606500,13:36:07,8744,24198,91903,1053917690,0,0,0
l2206,20220218,20220218,133607000,13:36:08,8744,24198,91903,1053917690,0,0,0
l2206,20220218,20220218,133607500,13:36:08,8744,24198,91903,1053917690,0,0,0
l2206,20220218,20220218,133608000,13:36:08,8744,24198,91903,1053917690,0,0,0
l2206,20220218,20220218,133608500,13:36:09,8744,24198,91903,1053917690,0,0,0
l2206,20220218,20220218,133609000,13:36:09,8744,24198,91903,1053917690,0,0,0
l2206,20220218,20220218,133609500,13:36:10,8744,24198,91903,1053917690,0,0,0
l2206,20220218,20220218,133610000,13:36:11,8744,24198,91903,1053917690,0,0,0
l2206,20220218,20220218,133610500,13:36:11,8744,24198,91903,1053917690,0,0,0
l2206,20220218,20220218,133611000,13:36:11,8744,24198,91903,1053917690,0,0,0
l2206,20220218,20220218,133611500,13:36:12,8744,24198,91903,1053917690,0,0,0
l2206,20220218,20220218,133612000,13:36:12,8744,24198,91903,1053917690,0,0,0
l2206,20220218,20220218,133612500,13:36:12,8744,24198,91903,1053917690,0,0,0
l2206,20220218,20220218,133613000,13:36:13,8744,24198,91903,1053917690,0,0,0
l2206,20220218,20220218,133613500,13:36:14,8744,24198,91903,1053917690,0,0,0
l2206,20220218,20220218,133614000,13:36:14,8744,24198,91903,1053917690,0,0,0
l2206,20220218,20220218,133614500,13:36:14,8744,24198,91903,1053917690,0,0,0
l2206,20220218,20220218,133615000,13:36:15,8744,24198,91903,1053917690,0,0,0
l2206,20220218,20220218,133615500,13:36:15,8741,24199,91903,1053961395,1,0,43705
l2206,20220218,20220218,133616000,13:36:16,8741,24199,91903,1053961395,0,0,0
l2206,20220218,20220218,133616500,13:36:17,8741,24199,91903,1053961395,0,0,0
l2206,20220218,20220218,133617000,13:36:17,8741,24199,91903,1053961395,0,0,0
l2206,20220218,20220218,133617500,13:36:19,8741,24199,91903,1053961395,0,0,0
l2206,20220218,20220218,133618000,13:36:19,8741,24199,91903,1053961395,0,0,0
l2206,20220218,20220218,133618500,13:36:19,8741,24199,91903,1053961395,0,0,0
l2206,20220218,20220218,133619000,13:36:19,8741,24199,91903,1053961395,0,0,0
l2206,20220218,20220218,133619500,13:36:19,8741,24199,91903,1053961395,0,0,0
l2206,20220218,20220218,133620000,13:36:20,8741,24199,91903,1053961395,0,0,0
l2206,20220218,20220218,133620500,13:36:20,8741,24199,91903,1053961395,0,0,0
l2206,20220218,20220218,133621000,13:36:21,8741,24199,91903,1053961395,0,0,0
l2206,20220218,20220218,133621500,13:36:21,8741,24199,91903,1053961395,0,0,0
l2206,20220218,20220218,133622000,13:36:22,8741,24199,91903,1053961395,0,0,0
l2206,20220218,20220218,133622500,13:36:22,8741,24199,91903,1053961395,0,0,0
l2206,20220218,20220218,133623000,13:36:23,8741,24199,91903,1053961395,0,0,0
l2206,20220218,20220218,133623500,13:36:23,8741,24199,91903,1053961395,0,0,0
l2206,20220218,20220218,133624000,13:36:24,8741,24199,91903,1053961395,0,0,0
l2206,20220218,20220218,133624500,13:36:24,8741,24199,91903,1053961395,0,0,0
l2206,20220218,20220218,133626000,13:36:26,8741,24199,91903,1053961395,0,0,0
l2206,20220218,20220218,133626500,13:36:27,8741,24199,91903,1053961395,0,0,0
l2206,20220218,20220218,133627000,13:36:28,8741,24199,91903,1053961395,0,0,0
l2206,20220218,20220218,133627500,13:36:28,8741,24199,91903,1053961395,0,0,0
l2206,20220218,20220218,133628500,13:36:29,8741,24199,91903,1053961395,0,0,0
l2206,20220218,20220218,133629000,13:36:30,8741,24199,91903,1053961395,0,0,0
l2206,20220218,20220218,133629500,13:36:30,8741,24199,91903,1053961395,0,0,0
l2206,20220218,20220218,133630000,13:36:30,8741,24199,91903,1053961395,0,0,0
l2206,20220218,20220218,133630500,13:36:31,8741,24199,91903,1053961395,0,0,0
l2206,20220218,20220218,133631000,13:36:31,8741,24199,91903,1053961395,0,0,0
l2206,20220218,20220218,133633500,13:36:34,8741,24199,91903,1053961395,0,0,0
l2206,20220218,20220218,133634000,13:36:34,8741,24199,91903,1053961395,0,0,0
l2206,20220218,20220218,133634500,13:36:35,8741,24199,91903,1053961395,0,0,0
l2206,20220218,20220218,133635000,13:36:36,8741,24199,91903,1053961395,0,0,0
l2206,20220218,20220218,133635500,13:36:36,8741,24199,91903,1053961395,0,0,0
l2206,20220218,20220218,133636000,13:36:36,8741,24199,91903,1053961395,0,0,0
l2206,20220218,20220218,133636500,13:36:36,8741,24199,91903,1053961395,0,0,0
l2206,20220218,20220218,133637000,13:36:38,8741,24199,91903,1053961395,0,0,0
l2206,20220218,20220218,133637500,13:36:38,8741,24199,91903,1053961395,0,0,0
l2206,20220218,20220218,133638000,13:36:38,8741,24199,91903,1053961395,0,0,0
l2206,20220218,20220218,133640000,13:36:40,8741,24199,91903,1053961395,0,0,0
l2206,20220218,20220218,133640500,13:36:40,8741,24199,91903,1053961395,0,0,0
l2206,20220218,20220218,133641000,13:36:41,8741,24199,91903,1053961395,0,0,0
l2206,20220218,20220218,133641500,13:36:42,8742,24211,91911,1054485915,12,8,524520
l2206,20220218,20220218,133642000,13:36:42,8742,24211,91911,1054485915,0,0,0
l2206,20220218,20220218,133642500,13:36:43,8742,24211,91911,1054485915,0,0,0
l2206,20220218,20220218,133643500,13:36:44,8742,24211,91911,1054485915,0,0,0
l2206,20220218,20220218,133644000,13:36:44,8742,24211,91911,1054485915,0,0,0
l2206,20220218,20220218,133644500,13:36:44,8742,24211,91911,1054485915,0,0,0
l2206,20220218,20220218,133645000,13:36:45,8742,24211,91911,1054485915,0,0,0
l2206,20220218,20220218,133645500,13:36:46,8742,24211,91911,1054485915,0,0,0
l2206,20220218,20220218,133646500,13:36:46,8742,24211,91911,1054485915,0,0,0
l2206,20220218,20220218,133647000,13:36:47,8742,24211,91911,1054485915,0,0,0
l2206,20220218,20220218,133647500,13:36:48,8742,24211,91911,1054485915,0,0,0
l2206,20220218,20220218,133648000,13:36:48,8744,24215,91909,1054660795,4,-2,174880
l2206,20220218,20220218,133648500,13:36:48,8744,24215,91909,1054660795,0,0,0
l2206,20220218,20220218,133649000,13:36:49,8744,24215,91909,1054660795,0,0,0
l2206,20220218,20220218,133649500,13:36:49,8744,24215,91909,1054660795,0,0,0
l2206,20220218,20220218,133650000,13:36:50,8744,24215,91909,1054660795,0,0,0
l2206,20220218,20220218,133650500,13:36:50,8744,24215,91909,1054660795,0,0,0
l2206,20220218,20220218,133651000,13:36:51,8744,24215,91909,1054660795,0,0,0
l2206,20220218,20220218,133651500,13:36:51,8744,24215,91909,1054660795,0,0,0
l2206,20220218,20220218,133652000,13:36:52,8744,24215,91909,1054660795,0,0,0
l2206,20220218,20220218,133652500,13:36:53,8744,24215,91909,1054660795,0,0,0
l2206,20220218,20220218,133653000,13:36:53,8744,24215,91909,1054660795,0,0,0
l2206,20220218,20220218,133653500,13:36:54,8744,24215,91909,1054660795,0,0,0
l2206,20220218,20220218,133654000,13:36:54,8744,24215,91909,1054660795,0,0,0
l2206,20220218,20220218,133654500,13:36:54,8744,24215,91909,1054660795,0,0,0
l2206,20220218,20220218,133655000,13:36:55,8744,24215,91909,1054660795,0,0,0
l2206,20220218,20220218,133656000,13:36:56,8744,24215,91909,1054660795,0,0,0
l2206,20220218,20220218,133656500,13:36:57,8744,24215,91909,1054660795,0,0,0
l2206,20220218,20220218,133657000,13:36:58,8744,24215,91909,1054660795,0,0,0
l2206,20220218,20220218,133657500,13:36:58,8744,24215,91909,1054660795,0,0,0
l2206,20220218,20220218,133658000,13:36:58,8744,24215,91909,1054660795,0,0,0
l2206,20220218,20220218,133658500,13:36:59,8744,24215,91909,1054660795,0,0,0
l2206,20220218,20220218,133659000,13:36:59,8744,24215,91909,1054660795,0,0,0
l2206,20220218,20220218,133659500,13:37:00,8744,24215,91909,1054660795,0,0,0
l2206,20220218,20220218,133700000,13:37:00,8744,24215,91909,1054660795,0,0,0
l2206,20220218,20220218,133700500,13:37:00,8744,24215,91909,1054660795,0,0,0
l2206,20220218,20220218,133701000,13:37:01,8744,24215,91909,1054660795,0,0,0
l2206,20220218,20220218,133701500,13:37:02,8744,24215,91909,1054660795,0,0,0
l2206,20220218,20220218,133702000,13:37:02,8744,24215,91909,1054660795,0,0,0
l2206,20220218,20220218,133702500,13:37:03,8744,24215,91909,1054660795,0,0,0
l2206,20220218,20220218,133703000,13:37:03,8746,24220,91908,1054879445,5,-1,218650
l2206,20220218,20220218,133703500,13:37:03,8746,24220,91908,1054879445,0,0,0
l2206,20220218,20220218,133704000,13:37:04,8746,24220,91908,1054879445,0,0,0
l2206,20220218,20220218,133704500,13:37:05,8746,24220,91908,1054879445,0,0,0
l2206,20220218,20220218,133705000,13:37:05,8746,24220,91908,1054879445,0,0,0
l2206,20220218,20220218,133705500,13:37:08,8746,24220,91908,1054879445,0,0,0
l2206,20220218,20220218,133706000,13:37:08,8746,24220,91908,1054879445,0,0,0
l2206,20220218,20220218,133706500,13:37:08,8746,24220,91908,1054879445,0,0,0
l2206,20220218,20220218,133707500,13:37:08,8746,24220,91908,1054879445,0,0,0
l2206,20220218,20220218,133708500,13:37:08,8746,24220,91908,1054879445,0,0,0
l2206,20220218,20220218,133709000,13:37:09,8746,24220,91908,1054879445,0,0,0
l2206,20220218,20220218,133710000,13:37:11,8746,24220,91908,1054879445,0,0,0
l2206,20220218,20220218,133710500,13:37:11,8746,24220,91908,1054879445,0,0,0
l2206,20220218,20220218,133711000,13:37:12,8746,24220,91908,1054879445,0,0,0
l2206,20220218,20220218,133711500,13:37:13,8746,24220,91908,1054879445,0,0,0
l2206,20220218,20220218,133712000,13:37:13,8746,24220,91908,1054879445,0,0,0
l2206,20220218,20220218,133712500,13:37:13,8746,24220,91908,1054879445,0,0,0
l2206,20220218,20220218,133713000,13:37:14,8746,24220,91908,1054879445,0,0,0
l2206,20220218,20220218,133713500,13:37:14,8746,24220,91908,1054879445,0,0,0
l2206,20220218,20220218,133716000,13:37:16,8746,24220,91908,1054879445,0,0,0
l2206,20220218,20220218,133716500,13:37:17,8746,24220,91908,1054879445,0,0,0
l2206,20220218,20220218,133717000,13:37:18,8746,24220,91908,1054879445,0,0,0
l2206,20220218,20220218,133717500,13:37:18,8746,24220,91908,1054879445,0,0,0
l2206,20220218,20220218,133718000,13:37:18,8746,24220,91908,1054879445,0,0,0
l2206,20220218,20220218,133718500,13:37:19,8746,24220,91908,1054879445,0,0,0
l2206,20220218,20220218,133719000,13:37:19,8746,24220,91908,1054879445,0,0,0
l2206,20220218,20220218,133719500,13:37:20,8746,24220,91908,1054879445,0,0,0
l2206,20220218,20220218,133720000,13:37:21,8746,24220,91908,1054879445,0,0,0
l2206,20220218,20220218,133720500,13:37:21,8746,24220,91908,1054879445,0,0,0
