l2205,20220218,20220218,112003000,11:20:04,8754,265475,323091,11586254910,265475,-5796,11586254910
l2205,20220218,20220218,112004000,11:20:09,8754,265484,323093,11586648840,9,2,393930
l2205,20220218,20220218,112005000,11:20:10,8754,265484,323093,11586648840,0,0,0
l2205,20220218,20220218,112005500,11:20:10,8755,265487,323091,11586780155,3,-2,131315
l2205,20220218,20220218,112006500,11:20:10,8754,265488,323092,11586823925,1,1,43770
l2205,20220218,20220218,112007000,11:20:10,8756,265550,323116,11589537980,62,24,2714055
l2205,20220218,20220218,112007500,11:20:10,8754,265566,323111,11590238340,16,-5,700360
l2205,20220218,20220218,112008000,11:20:10,8754,265567,323112,11590282110,1,1,43770
l2205,20220218,20220218,112008500,11:20:10,8755,265570,323112,11590413435,3,0,131325
l2205,20220218,20220218,112009000,11:20:10,8755,265571,323112,11590457210,1,0,43775
l2205,20220218,20220218,112009500,11:20:10,8756,265599,323091,11591682915,28,-21,1225705
l2205,20220218,20220218,112010000,11:20:10,8756,265602,323094,11591814255,3,3,131340
l2205,20220218,20220218,112010500,11:20:10,8756,265603,323094,11591858035,1,0,43780
l2205,20220218,20220218,112011000,11:20:11,8756,265625,323105,11592821185,22,11,963150
l2205,20220218,20220218,112011500,11:20:12,8756,265649,323109,11593871905,24,4,1050720
l2205,20220218,20220218,112012000,11:20:12,8756,265650,323110,11593915685,1,1,43780
l2205,20220218,20220218,112012500,11:20:12,8757,265667,323106,11594659980,17,-4,744295
l2205,20220218,20220218,112013000,11:20:13,8757,265712,323089,11596630295,45,-17,1970315
l2205,20220218,20220218,112013500,11:20:13,8757,265714,323090,11596717865,2,1,87570
l2205,20220218,20220218,112014000,11:20:14,8757,265715,323089,11596761650,1,-1,43785
l2205,20220218,20220218,112014500,11:20:14,8756,265716,323089,11596805430,1,0,43780
l2205,20220218,20220218,112015000,11:20:15,8756,265753,323092,11598425290,37,3,1619860
l2205,20220218,20220218,112015500,11:20:16,8757,265758,323087,11598644215,5,-5,218925
l2205,20220218,20220218,112016000,11:20:16,8757,265758,323087,11598644215,0,0,0
l2205,20220218,20220218,112016500,11:20:16,8755,265769,323087,11599125790,11,0,481575
l2205,20220218,20220218,112017000,11:20:17,8757,265794,323080,11600220315,25,-7,1094525
l2205,20220218,20220218,112017500,11:20:17,8756,265797,323080,11600351655,3,0,131340
l2205,20220218,20220218,112018000,11:20:18,8756,265797,323080,11600351655,0,0,0
l2205,20220218,20220218,112018500,11:20:18,8757,265798,323081,11600395440,1,1,43785
l2205,20220218,20220218,112019000,11:20:19,8757,265798,323081,11600395440,0,0,0
l2205,20220218,20220218,112019500,11:20:20,8756,265803,323081,11600614340,5,0,218900
l2205,20220218,20220218,112020000,11:20:20,8756,265809,323077,11600877045,6,-4,262705
l2205,20220218,20220218,112020500,11:20:21,8756,265823,323089,11601489990,14,12,612945
l2205,20220218,20220218,112021000,11:20:21,8756,265824,323090,11601533770,1,1,43780
l2205,20220218,20220218,112021500,11:20:21,8756,265825,323091,11601577550,1,1,43780
l2205,20220218,20220218,112022000,11:20:22,8755,265827,323091,11601665105,2,0,87555
l2205,20220218,20220218,112022500,11:20:23,8756,265830,323093,11601796440,3,2,131335
l2205,20220218,20220218,112023000,11:20:23,8756,265832,323093,11601884000,2,0,87560
l2205,20220218,20220218,112023500,11:20:23,8756,265835,323094,11602015340,3,1,131340
l2205,20220218,20220218,112024000,11:20:24,8756,265843,323099,11602365565,8,5,350225
l2205,20220218,20220218,112024500,11:20:24,8757,265844,323100,11602409350,1,1,43785
l2205,20220218,20220218,112025000,11:20:25,8756,265845,323100,11602453130,1,0,43780
l2205,20220218,20220218,112025500,11:20:25,8757,265846,323101,11602496915,1,1,43785
l2205,20220218,20220218,112026000,11:20:26,8756,265851,323100,11602715815,5,-1,218900
l2205,20220218,20220218,112026500,11:20:26,8756,265861,323096,11603153615,10,-4,437800
l2205,20220218,20220218,112027000,11:20:27,8756,265868,323090,11603460080,7,-6,306465
l2205,20220218,20220218,112027500,11:20:28,8756,265876,323091,11603810320,8,1,350240
l2205,20220218,20220218,112028000,11:20:28,8756,265877,323091,11603854100,1,0,43780
l2205,20220218,20220218,112028500,11:20:28,8757,265881,323089,11604029240,4,-2,175140
l2205,20220218,20220218,112029000,11:20:29,8756,265882,323089,11604073020,1,0,43780
l2205,20220218,20220218,112029500,11:20:30,8756,265882,323089,11604073020,0,0,0
l2205,20220218,20220218,112030000,11:20:31,8756,265883,323090,11604116800,1,1,43780
l2205,20220218,20220218,112030500,11:20:31,8756,265961,323132,11607531280,78,42,3414480
l2205,20220218,20220218,112031000,11:20:32,8754,266044,323170,11611164190,83,38,3632910
l2205,20220218,20220218,112031500,11:20:32,8754,266062,323160,11611952050,18,-10,787860
l2205,20220218,20220218,112032000,11:20:32,8754,266082,323153,11612827525,20,-7,875475
l2205,20220218,20220218,112032500,11:20:32,8754,266082,323153,11612827525,0,0,0
l2205,20220218,20220218,112033000,11:20:33,8754,266082,323153,11612827525,0,0,0
l2205,20220218,20220218,112033500,11:20:33,8754,266082,323153,11612827525,0,0,0
l2205,20220218,20220218,112034000,11:20:34,8754,266082,323153,11612827525,0,0,0
l2205,20220218,20220218,112034500,11:20:34,8754,266082,323153,11612827525,0,0,0
l2205,20220218,20220218,112035000,11:20:35,8754,266082,323153,11612827525,0,0,0
l2205,20220218,20220218,112035500,11:20:35,8755,266094,323145,11613352825,12,-8,525300
l2205,20220218,20220218,112036000,11:20:36,8755,266094,323145,11613352825,0,0,0
l2205,20220218,20220218,112036500,11:20:37,8755,266094,323145,11613352825,0,0,0
l2205,20220218,20220218,112037000,11:20:37,8755,266094,323145,11613352825,0,0,0
l2205,20220218,20220218,112037500,11:20:38,8755,266096,323147,11613440375,2,2,87550
l2205,20220218,20220218,112038000,11:20:38,8755,266096,323147,11613440375,0,0,0
l2205,20220218,20220218,112038500,11:20:38,8755,266096,323147,11613440375,0,0,0
l2205,20220218,20220218,112039000,11:20:39,8755,266096,323147,11613440375,0,0,0
l2205,20220218,20220218,112039500,11:20:40,8755,266100,323147,11613615490,4,0,175115
l2205,20220218,20220218,112040000,11:20:40,8756,266102,323147,11613703050,2,0,87560
l2205,20220218,20220218,112041000,11:20:41,8755,266103,323147,11613746825,1,0,43775
l2205,20220218,20220218,112041500,11:20:41,8755,266103,323147,11613746825,0,0,0
l2205,20220218,20220218,112042000,11:20:42,8755,266107,323149,11613921925,4,2,175100
l2205,20220218,20220218,112042500,11:20:42,8755,266114,323146,11614228350,7,-3,306425
l2205,20220218,20220218,112043000,11:20:43,8755,266114,323146,11614228350,0,0,0
l2205,20220218,20220218,112043500,11:20:44,8755,266114,323146,11614228350,0,0,0
l2205,20220218,20220218,112044000,11:20:44,8755,266114,323146,11614228350,0,0,0
l2205,20220218,20220218,112044500,11:20:44,8755,266115,323146,11614272125,1,0,43775
l2205,20220218,20220218,112045000,11:20:45,8755,266123,323147,11614622330,8,1,350205
l2205,20220218,20220218,112045500,11:20:46,8755,266132,323141,11615016325,9,-6,393995
l2205,20220218,20220218,112046000,11:20:46,8755,266178,323140,11617029975,46,-1,2013650
l2205,20220218,20220218,112046500,11:20:46,8755,266180,323141,11617117525,2,1,87550
l2205,20220218,20220218,112047000,11:20:47,8756,266181,323141,11617161305,1,0,43780
l2205,20220218,20220218,112047500,11:20:48,8756,266200,323136,11617993105,19,-5,831800
l2205,20220218,20220218,112048000,11:20:48,8756,266200,323136,11617993105,0,0,0
l2205,20220218,20220218,112049000,11:20:50,8756,266202,323136,11618080665,2,0,87560
l2205,20220218,20220218,112049500,11:20:50,8756,266202,323136,11618080665,0,0,0
l2205,20220218,20220218,112050500,11:20:51,8756,266202,323136,11618080665,0,0,0
l2205,20220218,20220218,112051000,11:20:51,8756,266202,323136,11618080665,0,0,0
l2205,20220218,20220218,112051500,11:20:51,8756,266211,323130,11618474685,9,-6,394020
l2205,20220218,20220218,112052000,11:20:53,8755,266217,323130,11618737350,6,0,262665
l2205,20220218,20220218,112052500,11:20:53,8756,266228,323141,11619218930,11,11,481580
l2205,20220218,20220218,112053000,11:20:53,8756,266228,323141,11619218930,0,0,0
l2205,20220218,20220218,112054000,11:20:54,8756,266228,323141,11619218930,0,0,0
l2205,20220218,20220218,112054500,11:20:55,8755,266229,323142,11619262705,1,1,43775
l2205,20220218,20220218,112055000,11:20:55,8755,266229,323142,11619262705,0,0,0
l2205,20220218,20220218,112055500,11:20:56,8756,266230,323141,11619306485,1,-1,43780
l2205,20220218,20220218,112056000,11:20:56,8756,266231,323141,11619350265,1,0,43780
l2205,20220218,20220218,112056500,11:20:56,8756,266231,323141,11619350265,0,0,0
l2205,20220218,20220218,112057000,11:20:58,8756,266232,323141,11619394045,1,0,43780
l2205,20220218,20220218,112057500,11:20:58,8755,266258,323125,11620532225,26,-16,1138180
l2205,20220218,20220218,112058000,11:20:58,8756,266265,323124,11620838685,7,-1,306460
l2205,20220218,20220218,112058500,11:20:59,8756,266265,323124,11620838685,0,0,0
l2205,20220218,20220218,112059000,11:20:59,8756,266265,323124,11620838685,0,0,0
l2205,20220218,20220218,112059500,11:21:00,8756,266265,323124,11620838685,0,0,0
l2205,20220218,20220218,112100500,11:21:00,8756,266265,323124,11620838685,0,0,0
l2205,20220218,20220218,112102000,11:21:02,8756,266270,323123,11621057585,5,-1,218900
l2205,20220218,20220218,112102500,11:21:03,8756,266270,323123,11621057585,0,0,0
l2205,20220218,20220218,112103500,11:21:04,8757,266311,323098,11622852770,41,-25,1795185
l2205,20220218,20220218,112104000,11:21:04,8756,266324,323101,11623421970,13,3,569200
l2205,20220218,20220218,112104500,11:21:05,8756,266324,323101,11623421970,0,0,0
l2205,20220218,20220218,112105000,11:21:05,8758,266344,323108,11624297745,20,7,875775
l2205,20220218,20220218,112105500,11:21:06,8758,266353,323106,11624691845,9,-2,394100
l2205,20220218,20220218,112106000,11:21:07,8756,266361,323101,11625042115,8,-5,350270
l2205,20220218,20220218,112106500,11:21:07,8758,266458,323149,11629289745,97,48,4247630
l2205,20220218,20220218,112107000,11:21:09,8758,266460,323148,11629377325,2,-1,87580
l2205,20220218,20220218,112107500,11:21:10,8758,266502,323145,11631216705,42,-3,1839380
l2205,20220218,20220218,112108000,11:21:10,8759,266506,323145,11631391885,4,0,175180
l2205,20220218,20220218,112108500,11:21:10,8758,266507,323145,11631435675,1,0,43790
l2205,20220218,20220218,112110000,11:21:10,8758,266605,323130,11635726880,98,-15,4291205
l2205,20220218,20220218,112110500,11:21:11,8758,266616,323120,11636208575,11,-10,481695
l2205,20220218,20220218,112111000,11:21:11,8758,266619,323120,11636339945,3,0,131370
l2205,20220218,20220218,112111500,11:21:12,8758,266619,323120,11636339945,0,0,0
l2205,20220218,20220218,112112000,11:21:12,8759,266645,323141,11637478615,26,21,1138670
l2205,20220218,20220218,112112500,11:21:13,8759,266651,323141,11637741385,6,0,262770
l2205,20220218,20220218,112113000,11:21:13,8758,266655,323141,11637916555,4,0,175170
l2205,20220218,20220218,112113500,11:21:13,8758,266655,323141,11637916555,0,0,0
l2205,20220218,20220218,112114000,11:21:14,8758,266655,323141,11637916555,0,0,0
l2205,20220218,20220218,112114500,11:21:14,8759,266665,323144,11638354505,10,3,437950
l2205,20220218,20220218,112115000,11:21:15,8759,266666,323145,11638398300,1,1,43795
l2205,20220218,20220218,112115500,11:21:15,8759,266666,323145,11638398300,0,0,0
l2205,20220218,20220218,112116000,11:21:16,8759,266673,323142,11638704865,7,-3,306565
l2205,20220218,20220218,112116500,11:21:17,8759,266686,323137,11639274200,13,-5,569335
l2205,20220218,20220218,112117000,11:21:17,8759,266686,323137,11639274200,0,0,0
l2205,20220218,20220218,112117500,11:21:18,8758,266709,323119,11640281400,23,-18,1007200
l2205,20220218,20220218,112118000,11:21:18,8758,266800,323134,11644266295,91,15,3984895
l2205,20220218,20220218,112118500,11:21:18,8758,266805,323135,11644485245,5,1,218950
l2205,20220218,20220218,112119000,11:21:19,8758,266805,323135,11644485245,0,0,0
l2205,20220218,20220218,112119500,11:21:19,8758,266805,323135,11644485245,0,0,0
l2205,20220218,20220218,112120000,11:21:20,8758,266811,323137,11644747985,6,2,262740
l2205,20220218,20220218,112120500,11:21:21,8758,266812,323138,11644791775,1,1,43790
l2205,20220218,20220218,112121000,11:21:22,8759,266817,323139,11645010745,5,1,218970
l2205,20220218,20220218,112121500,11:21:22,8758,266821,323138,11645185905,4,-1,175160
l2205,20220218,20220218,112122000,11:21:22,8758,266822,323137,11645229695,1,-1,43790
l2205,20220218,20220218,112122500,11:21:22,8758,266832,323136,11645667595,10,-1,437900
l2205,20220218,20220218,112123000,11:21:23,8758,266832,323136,11645667595,0,0,0
l2205,20220218,20220218,112123500,11:21:24,8758,266833,323137,11645711385,1,1,43790
l2205,20220218,20220218,112124500,11:21:25,8758,266835,323137,11645798965,2,0,87580
l2205,20220218,20220218,112125000,11:21:29,8758,266835,323137,11645798965,0,0,0
l2205,20220218,20220218,112125500,11:23:32,8759,266842,323141,11646105530,7,4,306565
l2205,20220218,20220218,112126000,11:23:33,8758,266843,323142,11646149320,1,1,43790
l2205,20220218,20220218,112126500,11:23:33,8758,266843,323142,11646149320,0,0,0
l2205,20220218,20220218,112332500,11:23:33,8754,267877,323006,11691418160,1034,-136,45268840
l2205,20220218,20220218,112333000,11:23:33,8754,267877,323006,11691418160,0,0,0
l2205,20220218,20220218,112333500,11:23:33,8754,267877,323006,11691418160,0,0,0
l2205,20220218,20220218,112334500,11:23:34,8754,267878,323005,11691461930,1,-1,43770
l2205,20220218,20220218,112335000,11:23:35,8754,267879,323004,11691505700,1,-1,43770
l2205,20220218,20220218,112335500,11:23:35,8754,267880,323004,11691549470,1,0,43770
l2205,20220218,20220218,112336000,11:23:36,8754,267884,323004,11691724550,4,0,175080
l2205,20220218,20220218,112336500,11:23:38,8754,267887,323002,11691855850,3,-2,131300
l2205,20220218,20220218,112338500,11:23:38,8754,267887,323002,11691855850,0,0,0
l2205,20220218,20220218,112339000,11:23:39,8754,267887,323002,11691855850,0,0,0
l2205,20220218,20220218,112339500,11:23:39,8754,267887,323002,11691855850,0,0,0
l2205,20220218,20220218,112340000,11:23:40,8754,267914,322991,11693037640,27,-11,1181790
l2205,20220218,20220218,112340500,11:23:40,8755,267915,322990,11693081415,1,-1,43775
l2205,20220218,20220218,112341000,11:23:41,8755,267915,322990,11693081415,0,0,0
l2205,20220218,20220218,112341500,11:23:42,8755,267915,322990,11693081415,0,0,0
l2205,20220218,20220218,112342000,11:23:42,8755,267923,322991,11693431615,8,1,350200
l2205,20220218,20220218,112342500,11:23:42,8755,267925,322989,11693519165,2,-2,87550
l2205,20220218,20220218,112343000,11:23:43,8755,267925,322989,11693519165,0,0,0
l2205,20220218,20220218,112343500,11:23:43,8755,267925,322989,11693519165,0,0,0
l2205,20220218,20220218,112344000,11:23:46,8755,267928,322986,11693650490,3,-3,131325
l2205,20220218,20220218,112344500,11:23:48,8755,267932,322986,11693825585,4,0,175095
l2205,20220218,20220218,112345000,11:23:48,8755,267938,322985,11694088250,6,-1,262665
l2205,20220218,20220218,112345500,11:23:48,8756,267945,322983,11694394710,7,-2,306460
l2205,20220218,20220218,112348000,11:23:48,8755,268004,323000,11696977475,59,17,2582765
l2205,20220218,20220218,112348500,11:23:49,8755,268012,323001,11697327675,8,1,350200
l2205,20220218,20220218,112349000,11:23:49,8755,268013,323001,11697371450,1,0,43775
l2205,20220218,20220218,112349500,11:23:50,8755,268016,323000,11697502785,3,-1,131335
l2205,20220218,20220218,112350000,11:23:50,8755,268039,323007,11698509720,23,7,1006935
l2205,20220218,20220218,112350500,11:23:50,8755,268040,323008,11698553495,1,1,43775
l2205,20220218,20220218,112351000,11:23:51,8755,268048,323004,11698903695,8,-4,350200
l2205,20220218,20220218,112351500,11:23:51,8755,268049,323004,11698947470,1,0,43775
l2205,20220218,20220218,112352000,11:23:52,8755,268050,323004,11698991245,1,0,43775
l2205,20220218,20220218,112352500,11:23:52,8755,268050,323004,11698991245,0,0,0
l2205,20220218,20220218,112353000,11:23:53,8755,268065,323005,11699647870,15,1,656625
l2205,20220218,20220218,112353500,11:23:53,8755,268075,323005,11700085620,10,0,437750
l2205,20220218,20220218,112354000,11:23:54,8755,268085,323009,11700523370,10,4,437750
l2205,20220218,20220218,112354500,11:23:55,8755,268090,323007,11700742260,5,-2,218890
l2205,20220218,20220218,112355000,11:23:55,8755,268095,323007,11700961145,5,0,218885
l2205,20220218,20220218,112355500,11:23:55,8755,268099,323004,11701136235,4,-3,175090
l2205,20220218,20220218,112356000,11:23:56,8755,268099,323004,11701136235,0,0,0
l2205,20220218,20220218,112357000,11:23:57,8755,268101,323003,11701223785,2,-1,87550
l2205,20220218,20220218,112357500,11:23:57,8755,268103,323004,11701311335,2,1,87550
l2205,20220218,20220218,112358000,11:23:58,8755,268103,323004,11701311335,0,0,0
l2205,20220218,20220218,112358500,11:23:58,8756,268144,323015,11703106305,41,11,1794970
l2205,20220218,20220218,112359000,11:23:59,8756,268146,323016,11703193865,2,1,87560
l2205,20220218,20220218,112359500,11:23:59,8756,268148,323017,11703281425,2,1,87560
l2205,20220218,20220218,112400000,11:24:00,8756,268149,323016,11703325205,1,-1,43780
l2205,20220218,20220218,112400500,11:24:00,8757,268150,323015,11703368990,1,-1,43785
l2205,20220218,20220218,112401000,11:24:01,8757,268150,323015,11703368990,0,0,0
l2205,20220218,20220218,112401500,11:24:01,8757,268150,323015,11703368990,0,0,0
l2205,20220218,20220218,112402000,11:24:02,8756,268164,323002,11703981910,14,-13,612920
l2205,20220218,20220218,112402500,11:24:02,8756,268170,323005,11704244590,6,3,262680
l2205,20220218,20220218,112403000,11:24:03,8756,268182,323004,11704769980,12,-1,525390
l2205,20220218,20220218,112403500,11:24:04,8756,268183,323004,11704813760,1,0,43780
l2205,20220218,20220218,112404000,11:24:04,8756,268186,323003,11704945100,3,-1,131340
l2205,20220218,20220218,112404500,11:24:04,8756,268189,323001,11705076450,3,-2,131350
l2205,20220218,20220218,112405000,11:24:05,8756,268189,323001,11705076450,0,0,0
l2205,20220218,20220218,112405500,11:24:05,8756,268214,323001,11706170950,25,0,1094500
l2205,20220218,20220218,112406000,11:24:06,8757,268248,322986,11707659640,34,-15,1488690
l2205,20220218,20220218,112406500,11:24:06,8757,268249,322987,11707703425,1,1,43785
l2205,20220218,20220218,112407000,11:24:07,8757,268260,322991,11708185060,11,4,481635
l2205,20220218,20220218,112407500,11:24:08,8758,268269,322983,11708579170,9,-8,394110
l2205,20220218,20220218,112408000,11:24:08,8758,268270,322982,11708622960,1,-1,43790
l2205,20220218,20220218,112408500,11:24:08,8758,268271,322981,11708666750,1,-1,43790
l2205,20220218,20220218,112409000,11:24:09,8757,268291,322971,11709542450,20,-10,875700
l2205,20220218,20220218,112409500,11:24:11,8756,268306,322979,11710199135,15,8,656685
l2205,20220218,20220218,112410000,11:24:12,8756,268306,322979,11710199135,0,0,0
l2205,20220218,20220218,112411500,11:24:12,8756,268306,322979,11710199135,0,0,0
l2205,20220218,20220218,112412000,11:24:12,8756,268321,322972,11710855770,15,-7,656635
l2205,20220218,20220218,112412500,11:24:12,8756,268345,322985,11711906385,24,13,1050615
l2205,20220218,20220218,112413000,11:24:13,8756,268345,322985,11711906385,0,0,0
l2205,20220218,20220218,112413500,11:24:14,8756,268345,322985,11711906385,0,0,0
l2205,20220218,20220218,112414000,11:24:14,8756,268345,322985,11711906385,0,0,0
l2205,20220218,20220218,112414500,11:24:14,8755,268354,322982,11712300360,9,-3,393975
l2205,20220218,20220218,112415000,11:24:15,8755,268355,322982,11712344135,1,0,43775
l2205,20220218,20220218,112415500,11:24:15,8755,268355,322982,11712344135,0,0,0
l2205,20220218,20220218,112416000,11:24:16,8755,268355,322982,11712344135,0,0,0
l2205,20220218,20220218,112416500,11:24:17,8755,268355,322982,11712344135,0,0,0
l2205,20220218,20220218,112417000,11:24:17,8755,268362,322982,11712650560,7,0,306425
l2205,20220218,20220218,112417500,11:24:18,8755,268363,322981,11712694335,1,-1,43775
l2205,20220218,20220218,112418000,11:24:18,8755,268363,322981,11712694335,0,0,0
l2205,20220218,20220218,112418500,11:24:19,8755,268364,322981,11712738110,1,0,43775
l2205,20220218,20220218,112419000,11:24:19,8755,268364,322981,11712738110,0,0,0
l2205,20220218,20220218,112419500,11:24:20,8755,268364,322981,11712738110,0,0,0
l2205,20220218,20220218,112420000,11:24:20,8755,268364,322981,11712738110,0,0,0
l2205,20220218,20220218,112420500,11:24:20,8755,268364,322981,11712738110,0,0,0
l2205,20220218,20220218,112421000,11:24:21,8755,268364,322981,11712738110,0,0,0
l2205,20220218,20220218,112421500,11:24:22,8755,268364,322981,11712738110,0,0,0
l2205,20220218,20220218,112422000,11:24:22,8755,268366,322980,11712825660,2,-1,87550
l2205,20220218,20220218,112422500,11:24:23,8755,268366,322980,11712825660,0,0,0
l2205,20220218,20220218,112423000,11:24:23,8755,268366,322980,11712825660,0,0,0
l2205,20220218,20220218,112424500,11:24:24,8755,268368,322981,11712913210,2,1,87550
l2205,20220218,20220218,112425000,11:24:25,8754,268431,322971,11715670720,63,-10,2757510
l2205,20220218,20220218,112425500,11:24:25,8755,268451,322975,11716546125,20,4,875405
l2205,20220218,20220218,112426000,11:24:26,8755,268451,322975,11716546125,0,0,0
l2205,20220218,20220218,112426500,11:24:26,8755,268451,322975,11716546125,0,0,0
l2205,20220218,20220218,112427000,11:24:27,8754,268461,322974,11716983825,10,-1,437700
l2205,20220218,20220218,112427500,11:24:28,8754,268461,322974,11716983825,0,0,0
l2205,20220218,20220218,112428500,11:24:28,8754,268461,322974,11716983825,0,0,0
l2205,20220218,20220218,112429000,11:24:29,8753,268464,322972,11717115120,3,-2,131295
l2205,20220218,20220218,112429500,11:24:29,8753,268464,322972,11717115120,0,0,0
l2205,20220218,20220218,112430500,11:24:30,8754,268482,322968,11717902980,18,-4,787860
l2205,20220218,20220218,112431000,11:24:31,8754,268485,322969,11718034290,3,1,131310
l2205,20220218,20220218,112431500,11:24:31,8754,268494,322974,11718428220,9,5,393930
l2205,20220218,20220218,112432000,11:24:32,8754,268494,322974,11718428220,0,0,0
l2205,20220218,20220218,112432500,11:24:32,8754,268494,322974,11718428220,0,0,0
l2205,20220218,20220218,112433000,11:24:33,8754,268496,322972,11718515760,2,-2,87540
l2205,20220218,20220218,112433500,11:24:33,8754,268497,322972,11718559530,1,0,43770
l2205,20220218,20220218,112434000,11:24:34,8754,268497,322972,11718559530,0,0,0
l2205,20220218,20220218,112434500,11:24:34,8753,268502,322970,11718778355,5,-2,218825
l2205,20220218,20220218,112435000,11:24:35,8753,268502,322970,11718778355,0,0,0
l2205,20220218,20220218,112435500,11:24:35,8755,268540,322959,11720441805,38,-11,1663450
l2205,20220218,20220218,112436000,11:24:36,8754,268548,322960,11720792000,8,1,350195
l2205,20220218,20220218,112437000,11:24:37,8754,268548,322960,11720792000,0,0,0
l2205,20220218,20220218,112437500,11:24:39,8754,268548,322960,11720792000,0,0,0
l2205,20220218,20220218,112438000,11:24:39,8754,268548,322960,11720792000,0,0,0
l2205,20220218,20220218,112439000,11:24:40,8755,268550,322960,11720879545,2,0,87545
l2205,20220218,20220218,112440500,11:24:40,8755,268550,322960,11720879545,0,0,0
l2205,20220218,20220218,112442000,11:24:42,8755,268550,322960,11720879545,0,0,0
l2205,20220218,20220218,112442500,11:24:42,8754,268569,322960,11721711175,19,0,831630
l2205,20220218,20220218,112443000,11:24:43,8754,268576,322960,11722017565,7,0,306390
l2205,20220218,20220218,112443500,11:24:43,8754,268577,322959,11722061335,1,-1,43770
l2205,20220218,20220218,112444000,11:24:44,8755,268579,322958,11722148880,2,-1,87545
l2205,20220218,20220218,112444500,11:24:44,8755,268589,322958,11722586630,10,0,437750
l2205,20220218,20220218,112445000,11:24:45,8755,268589,322958,11722586630,0,0,0
l2205,20220218,20220218,112445500,11:24:45,8755,268589,322958,11722586630,0,0,0
l2205,20220218,20220218,112446000,11:24:46,8755,268607,322946,11723374580,18,-12,787950
l2205,20220218,20220218,112446500,11:24:46,8755,268607,322946,11723374580,0,0,0
l2205,20220218,20220218,112447000,11:24:47,8754,268610,322945,11723505900,3,-1,131320
l2205,20220218,20220218,112447500,11:24:47,8754,268622,322940,11724031140,12,-5,525240
l2205,20220218,20220218,112448000,11:24:48,8754,268622,322940,11724031140,0,0,0
l2205,20220218,20220218,112448500,11:24:48,8754,268626,322940,11724206220,4,0,175080
l2205,20220218,20220218,112449000,11:24:49,8754,268626,322940,11724206220,0,0,0
l2205,20220218,20220218,112449500,11:24:49,8754,268627,322940,11724249990,1,0,43770
l2205,20220218,20220218,112450000,11:24:50,8754,268627,322940,11724249990,0,0,0
l2205,20220218,20220218,112450500,11:24:50,8755,268629,322942,11724337540,2,2,87550
l2205,20220218,20220218,112451000,11:24:51,8754,268630,322943,11724381310,1,1,43770
l2205,20220218,20220218,112451500,11:24:52,8754,268631,322944,11724425080,1,1,43770
l2205,20220218,20220218,112452000,11:24:52,8754,268632,322943,11724468850,1,-1,43770
l2205,20220218,20220218,112453000,11:24:53,8755,268633,322943,11724512625,1,0,43775
l2205,20220218,20220218,112453500,11:24:53,8755,268633,322943,11724512625,0,0,0
l2205,20220218,20220218,112454000,11:24:54,8755,268634,322942,11724556400,1,-1,43775
l2205,20220218,20220218,112454500,11:24:54,8755,268634,322942,11724556400,0,0,0
l2205,20220218,20220218,112455000,11:24:55,8753,268638,322941,11724731480,4,-1,175080
l2205,20220218,20220218,112455500,11:24:56,8754,268639,322940,11724775250,1,-1,43770
l2205,20220218,20220218,112456000,11:24:56,8755,268653,322943,11725388100,14,3,612850
l2205,20220218,20220218,112456500,11:24:56,8756,268689,322945,11726963905,36,2,1575805
l2205,20220218,20220218,112457000,11:24:57,8755,268690,322945,11727007680,1,0,43775
l2205,20220218,20220218,112457500,11:24:57,8755,268691,322945,11727051455,1,0,43775
l2205,20220218,20220218,112458500,11:24:58,8754,268703,322946,11727576695,12,1,525240
l2205,20220218,20220218,112459000,11:24:59,8754,268709,322946,11727839315,6,0,262620
l2205,20220218,20220218,112459500,11:24:59,8754,268721,322940,11728364555,12,-6,525240
l2205,20220218,20220218,112500000,11:25:00,8754,268721,322940,11728364555,0,0,0
l2205,20220218,20220218,112500500,11:25:01,8755,268728,322936,11728670980,7,-4,306425
l2205,20220218,20220218,112501000,11:25:01,8755,268728,322936,11728670980,0,0,0
l2205,20220218,20220218,112501500,11:25:04,8754,268733,322934,11728889850,5,-2,218870
l2205,20220218,20220218,112502000,11:25:05,8754,268733,322934,11728889850,0,0,0
l2205,20220218,20220218,112502500,11:25:06,8754,268735,322934,11728977390,2,0,87540
l2205,20220218,20220218,112503000,11:25:06,8756,268740,322934,11729196290,5,0,218900
l2205,20220218,20220218,112504500,11:25:06,8757,268841,322961,11733618365,101,27,4422075
l2205,20220218,20220218,112505000,11:25:06,8757,268853,322959,11734143780,12,-2,525415
l2205,20220218,20220218,112505500,11:25:06,8757,268859,322958,11734406495,6,-1,262715
l2205,20220218,20220218,112506000,11:25:06,8758,268873,322962,11735019555,14,4,613060
l2205,20220218,20220218,112506500,11:25:07,8758,268879,322961,11735282295,6,-1,262740
l2205,20220218,20220218,112507000,11:25:07,8758,268881,322962,11735369875,2,1,87580
l2205,20220218,20220218,112507500,11:25:07,8758,268882,322963,11735413665,1,1,43790
l2205,20220218,20220218,112508000,11:25:08,8757,268892,322969,11735851530,10,6,437865
l2205,20220218,20220218,112508500,11:25:08,8757,268926,322948,11737340220,34,-21,1488690
l2205,20220218,20220218,112509000,11:25:09,8756,268937,322951,11737821850,11,3,481630
l2205,20220218,20220218,112509500,11:25:09,8758,268939,322951,11737909430,2,0,87580
l2205,20220218,20220218,112510000,11:25:10,8757,268945,322947,11738172140,6,-4,262710
l2205,20220218,20220218,112511000,11:25:11,8757,268950,322943,11738391065,5,-4,218925
l2205,20220218,20220218,112512000,11:25:12,8757,268951,322942,11738434850,1,-1,43785
l2205,20220218,20220218,112512500,11:25:12,8757,268951,322942,11738434850,0,0,0
l2205,20220218,20220218,112513000,11:25:13,8757,268960,322944,11738828955,9,2,394105
l2205,20220218,20220218,112513500,11:25:15,8757,268962,322942,11738916525,2,-2,87570
l2205,20220218,20220218,112514000,11:25:15,8758,268963,322941,11738960315,1,-1,43790
l2205,20220218,20220218,112514500,11:25:15,8757,268964,322941,11739004100,1,0,43785
l2205,20220218,20220218,112515000,11:25:16,8758,268966,322940,11739091680,2,-1,87580
l2205,20220218,20220218,112515500,11:25:16,8758,268966,322940,11739091680,0,0,0
l2205,20220218,20220218,112516000,11:25:16,8758,268967,322939,11739135470,1,-1,43790
l2205,20220218,20220218,112517000,11:25:18,8758,268967,322939,11739135470,0,0,0
l2205,20220218,20220218,112517500,11:25:18,8758,268968,322939,11739179260,1,0,43790
l2205,20220218,20220218,112518000,11:25:19,8757,269008,322934,11740930660,40,-5,1751400
l2205,20220218,20220218,112518500,11:25:19,8757,269014,322930,11741193370,6,-4,262710
l2205,20220218,20220218,112519000,11:25:19,8757,269014,322930,11741193370,0,0,0
l2205,20220218,20220218,112520000,11:25:20,8757,269014,322930,11741193370,0,0,0
l2205,20220218,20220218,112520500,11:25:21,8757,269014,322930,11741193370,0,0,0
l2205,20220218,20220218,112521000,11:25:21,8757,269014,322930,11741193370,0,0,0
l2205,20220218,20220218,112524000,11:25:25,8757,269014,322930,11741193370,0,0,0
l2205,20220218,20220218,112524500,11:25:25,8757,269014,322930,11741193370,0,0,0
l2205,20220218,20220218,112525000,11:25:25,8757,269020,322929,11741456080,6,-1,262710
l2205,20220218,20220218,112525500,11:25:26,8757,269020,322929,11741456080,0,0,0
l2205,20220218,20220218,112526000,11:25:26,8757,269020,322929,11741456080,0,0,0
l2205,20220218,20220218,112526500,11:25:27,8757,269020,322929,11741456080,0,0,0
l2205,20220218,20220218,112527000,11:25:27,8757,269020,322929,11741456080,0,0,0
l2205,20220218,20220218,112527500,11:25:28,8756,269025,322931,11741675000,5,2,218920
l2205,20220218,20220218,112528000,11:25:28,8757,269026,322931,11741718785,1,0,43785
l2205,20220218,20220218,112528500,11:25:28,8757,269027,322932,11741762570,1,1,43785
l2205,20220218,20220218,112529000,11:25:29,8756,269063,322927,11743338650,36,-5,1576080
l2205,20220218,20220218,112529500,11:25:30,8757,269068,322926,11743557555,5,-1,218905
l2205,20220218,20220218,112530000,11:25:30,8755,269082,322922,11744170405,14,-4,612850
l2205,20220218,20220218,112530500,11:25:31,8755,269090,322930,11744520605,8,8,350200
l2205,20220218,20220218,112531000,11:25:31,8755,269107,322937,11745264780,17,7,744175
l2205,20220218,20220218,112531500,11:25:32,8755,269128,322937,11746184060,21,0,919280
l2205,20220218,20220218,112532500,11:25:33,8755,269128,322937,11746184060,0,0,0
l2205,20220218,20220218,112533000,11:25:33,8755,269128,322937,11746184060,0,0,0
l2205,20220218,20220218,112533500,11:25:33,8756,269129,322936,11746227840,1,-1,43780
l2205,20220218,20220218,112534000,11:25:34,8756,269129,322936,11746227840,0,0,0
l2205,20220218,20220218,112534500,11:25:34,8756,269129,322936,11746227840,0,0,0
l2205,20220218,20220218,112535000,11:25:36,8756,269129,322936,11746227840,0,0,0
l2205,20220218,20220218,112535500,11:25:37,8756,269130,322935,11746271620,1,-1,43780
l2205,20220218,20220218,112536000,11:25:37,8756,269130,322935,11746271620,0,0,0
l2205,20220218,20220218,112537000,11:25:37,8756,269133,322935,11746402955,3,0,131335
l2205,20220218,20220218,112537500,11:25:38,8756,269133,322935,11746402955,0,0,0
l2205,20220218,20220218,112538000,11:25:38,8756,269133,322935,11746402955,0,0,0
l2205,20220218,20220218,112538500,11:25:39,8755,269134,322935,11746446730,1,0,43775
l2205,20220218,20220218,112539500,11:25:40,8756,269186,322899,11748723280,52,-36,2276550
l2205,20220218,20220218,112540000,11:25:40,8756,269195,322899,11749117300,9,0,394020
l2205,20220218,20220218,112540500,11:25:41,8757,269234,322869,11750824880,39,-30,1707580
l2205,20220218,20220218,112541000,11:25:41,8758,269304,322807,11753890065,70,-62,3065185
l2205,20220218,20220218,112541500,11:25:41,8758,269304,322807,11753890065,0,0,0
l2205,20220218,20220218,112542000,11:25:42,8757,269360,322776,11756342545,56,-31,2452480
l2205,20220218,20220218,112542500,11:25:43,8758,269372,322777,11756868025,12,1,525480
l2205,20220218,20220218,112543000,11:25:43,8759,269420,322750,11758970170,48,-27,2102145
l2205,20220218,20220218,112543500,11:25:43,8760,269477,322731,11761466640,57,-19,2496470
l2205,20220218,20220218,112544000,11:25:44,8760,269493,322723,11762167395,16,-8,700755
l2205,20220218,20220218,112544500,11:25:44,8760,269513,322724,11763043390,20,1,875995
l2205,20220218,20220218,112545000,11:25:45,8760,269676,322745,11770182795,163,21,7139405
l2205,20220218,20220218,112545500,11:25:46,8761,269747,322738,11773292945,71,-7,3110150
l2205,20220218,20220218,112546000,11:25:47,8760,269764,322734,11774037620,17,-4,744675
l2205,20220218,20220218,112546500,11:25:47,8761,269769,322733,11774256645,5,-1,219025
l2205,20220218,20220218,112547000,11:25:48,8760,269770,322733,11774300445,1,0,43800
l2205,20220218,20220218,112547500,11:25:48,8760,269835,322698,11777147445,65,-35,2847000
l2205,20220218,20220218,112548000,11:25:48,8761,269856,322679,11778067350,21,-19,919905
l2205,20220218,20220218,112548500,11:25:48,8761,269867,322680,11778549195,11,1,481845
l2205,20220218,20220218,112549000,11:25:49,8761,269883,322665,11779250075,16,-15,700880
l2205,20220218,20220218,112549500,11:25:49,8761,269908,322656,11780345300,25,-9,1095225
l2205,20220218,20220218,112550000,11:25:50,8761,269931,322635,11781352895,23,-21,1007595
l2205,20220218,20220218,112550500,11:25:50,8761,269938,322632,11781659530,7,-3,306635
l2205,20220218,20220218,112551000,11:25:51,8762,269939,322632,11781703340,1,0,43810
l2205,20220218,20220218,112551500,11:25:51,8762,269947,322624,11782053800,8,-8,350460
l2205,20220218,20220218,112552000,11:25:52,8761,269948,322624,11782097605,1,0,43805
l2205,20220218,20220218,112552500,11:25:52,8762,270001,322592,11784419235,53,-32,2321630
l2205,20220218,20220218,112553000,11:25:53,8760,270008,322591,11784725835,7,-1,306600
l2205,20220218,20220218,112553500,11:25:54,8760,270009,322591,11784769635,1,0,43800
l2205,20220218,20220218,112554000,11:25:54,8760,270009,322591,11784769635,0,0,0
l2205,20220218,20220218,112554500,11:25:54,8760,270036,322573,11785952320,27,-18,1182685
l2205,20220218,20220218,112555000,11:25:55,8760,270059,322559,11786959855,23,-14,1007535
l2205,20220218,20220218,112555500,11:25:56,8760,270061,322559,11787047455,2,0,87600
l2205,20220218,20220218,112556000,11:25:57,8760,270062,322559,11787091255,1,0,43800
l2205,20220218,20220218,112556500,11:25:57,8761,270119,322523,11789587935,57,-36,2496680
l2205,20220218,20220218,112557000,11:25:57,8760,270122,322522,11789719335,3,-1,131400
l2205,20220218,20220218,112557500,11:25:57,8761,270248,322558,11795238695,126,36,5519360
l2205,20220218,20220218,112558000,11:25:59,8761,270269,322541,11796158600,21,-17,919905
l2205,20220218,20220218,112558500,11:25:59,8761,270276,322537,11796465235,7,-4,306635
l2205,20220218,20220218,112559000,11:26:00,8761,270276,322537,11796465235,0,0,0
l2205,20220218,20220218,112559500,11:26:00,8761,270309,322517,11797910920,33,-20,1445685
l2205,20220218,20220218,112600000,11:26:00,8761,270310,322517,11797954725,1,0,43805
l2205,20220218,20220218,112600500,11:26:01,8762,270335,322503,11799049960,25,-14,1095235
l2205,20220218,20220218,112601000,11:26:01,8762,270344,322496,11799444240,9,-7,394280
l2205,20220218,20220218,112601500,11:26:01,8763,270386,322474,11801284350,42,-22,1840110
l2205,20220218,20220218,112602000,11:26:03,8762,270407,322463,11802204350,21,-11,920000
l2205,20220218,20220218,112602500,11:26:03,8763,270432,322449,11803299690,25,-14,1095340
l2205,20220218,20220218,112603000,11:26:03,8763,270461,322449,11804570325,29,0,1270635
l2205,20220218,20220218,112603500,11:26:03,8764,270534,322447,11807769185,73,-2,3198860
l2205,20220218,20220218,112604000,11:26:05,8764,270617,322404,11811405875,83,-43,3636690
l2205,20220218,20220218,112604500,11:26:05,8764,270620,322405,11811537330,3,1,131455
l2205,20220218,20220218,112605000,11:26:05,8764,270667,322445,11813597045,47,40,2059715
l2205,20220218,20220218,112605500,11:26:05,8765,270800,322509,11819425740,133,64,5828695
l2205,20220218,20220218,112606000,11:26:06,8766,270859,322509,11822011430,59,0,2585690
l2205,20220218,20220218,112606500,11:26:07,8764,270929,322497,11825079180,70,-12,3067750
l2205,20220218,20220218,112607000,11:26:09,8765,271018,322473,11828979110,89,-24,3899930
l2205,20220218,20220218,112607500,11:26:09,8765,271040,322463,11829943260,22,-10,964150
l2205,20220218,20220218,112608000,11:26:09,8765,271047,322459,11830250035,7,-4,306775
l2205,20220218,20220218,112609000,11:26:10,8765,271096,322426,11832397320,49,-33,2147285
l2205,20220218,20220218,112609500,11:26:10,8765,271185,322448,11836297230,89,22,3899910
l2205,20220218,20220218,112610000,11:26:10,8764,271189,322450,11836472510,4,2,175280
l2205,20220218,20220218,112610500,11:26:10,8764,271233,322447,11838400470,44,-3,1927960
l2205,20220218,20220218,112611000,11:26:11,8764,271233,322447,11838400470,0,0,0
l2205,20220218,20220218,112611500,11:26:13,8762,271266,322446,11839846235,33,-1,1445765
l2205,20220218,20220218,112612000,11:26:14,8762,271291,322449,11840941470,25,3,1095235
l2205,20220218,20220218,112612500,11:26:14,8763,271295,322449,11841116720,4,0,175250
l2205,20220218,20220218,112613000,11:26:15,8762,271297,322449,11841204340,2,0,87620
l2205,20220218,20220218,112613500,11:26:15,8761,271319,322449,11842168055,22,0,963715
l2205,20220218,20220218,112614000,11:26:15,8760,271353,322436,11843657320,34,-13,1489265
l2205,20220218,20220218,112614500,11:26:15,8760,271357,322436,11843832520,4,0,175200
l2205,20220218,20220218,112615000,11:26:16,8759,271359,322437,11843920115,2,1,87595
l2205,20220218,20220218,112615500,11:26:16,8758,271373,322437,11844533235,14,0,613120
l2205,20220218,20220218,112616000,11:26:16,8759,271386,322439,11845102545,13,2,569310
l2205,20220218,20220218,112616500,11:26:16,8759,271390,322438,11845277705,4,-1,175160
l2205,20220218,20220218,112617000,11:26:17,8758,271392,322437,11845365290,2,-1,87585
l2205,20220218,20220218,112617500,11:26:17,8758,271399,322442,11845671830,7,5,306540
l2205,20220218,20220218,112618000,11:26:18,8759,271451,322410,11847949170,52,-32,2277340
l2205,20220218,20220218,112618500,11:26:18,8758,271463,322417,11848474675,12,7,525505
l2205,20220218,20220218,112619000,11:26:19,8757,271467,322417,11848649825,4,0,175150
l2205,20220218,20220218,112619500,11:26:20,8758,271470,322416,11848781195,3,-1,131370
l2205,20220218,20220218,112620000,11:26:20,8758,271507,322403,11850401425,37,-13,1620230
l2205,20220218,20220218,112620500,11:26:20,8758,271530,322381,11851408595,23,-22,1007170
l2205,20220218,20220218,112621000,11:26:21,8758,271533,322381,11851539970,3,0,131375
l2205,20220218,20220218,112621500,11:26:21,8759,271534,322381,11851583765,1,0,43795
l2205,20220218,20220218,112622000,11:26:22,8758,271562,322376,11852810015,28,-5,1226250
l2205,20220218,20220218,112622500,11:26:22,8760,271563,322377,11852853815,1,1,43800
l2205,20220218,20220218,112623000,11:26:23,8759,271573,322385,11853291765,10,8,437950
l2205,20220218,20220218,112623500,11:26:23,8758,271630,322350,11855787795,57,-35,2496030
l2205,20220218,20220218,112624000,11:26:24,8758,271641,322345,11856269440,11,-5,481645
l2205,20220218,20220218,112624500,11:26:24,8758,271705,322313,11859071950,64,-32,2802510
l2205,20220218,20220218,112625000,11:26:25,8757,271710,322316,11859290890,5,3,218940
l2205,20220218,20220218,112625500,11:26:25,8758,271775,322278,11862137255,65,-38,2846365
l2205,20220218,20220218,112626000,11:26:26,8758,271775,322278,11862137255,0,0,0
l2205,20220218,20220218,112626500,11:26:26,8759,271825,322232,11864327005,50,-46,2189750
l2205,20220218,20220218,112627000,11:26:27,8759,271827,322232,11864414595,2,0,87590
l2205,20220218,20220218,112627500,11:26:27,8759,271841,322233,11865027725,14,1,613130
l2205,20220218,20220218,112628000,11:26:28,8760,271859,322227,11865816125,18,-6,788400
l2205,20220218,20220218,112628500,11:26:28,8760,271882,322222,11866823525,23,-5,1007400
l2205,20220218,20220218,112629000,11:26:29,8759,271887,322217,11867042500,5,-5,218975
l2205,20220218,20220218,112629500,11:26:30,8760,271891,322219,11867217700,4,2,175200
l2205,20220218,20220218,112630000,11:26:31,8760,271893,322217,11867305300,2,-2,87600
l2205,20220218,20220218,112630500,11:26:31,8759,271911,322199,11868093610,18,-18,788310
l2205,20220218,20220218,112631000,11:26:31,8759,271930,322189,11868925715,19,-10,832105
l2205,20220218,20220218,112631500,11:26:32,8759,271940,322190,11869363665,10,1,437950
l2205,20220218,20220218,112632000,11:26:32,8759,271940,322190,11869363665,0,0,0
l2205,20220218,20220218,112632500,11:26:32,8760,271941,322190,11869407465,1,0,43800
l2205,20220218,20220218,112633000,11:26:33,8760,271943,322189,11869495065,2,-1,87600
l2205,20220218,20220218,112633500,11:26:34,8759,271958,322191,11870152045,15,2,656980
l2205,20220218,20220218,112634000,11:26:34,8759,271958,322191,11870152045,0,0,0
l2205,20220218,20220218,112634500,11:26:37,8760,272025,322152,11873086350,67,-39,2934305
l2205,20220218,20220218,112635000,11:26:37,8760,272026,322153,11873130150,1,1,43800
l2205,20220218,20220218,112635500,11:26:38,8760,272026,322153,11873130150,0,0,0
l2205,20220218,20220218,112636000,11:26:38,8760,272052,322172,11874268950,26,19,1138800
l2205,20220218,20220218,112637000,11:26:46,8760,272068,322170,11874969750,16,-2,700800
l2205,20220218,20220218,112637500,11:26:54,8760,272105,322143,11876590450,37,-27,1620700
l2205,20220218,20220218,112638000,11:27:10,8760,272116,322142,11877072250,11,-1,481800
l2205,20220218,20220218,112638500,11:27:10,8762,272136,322122,11877948370,20,-20,876120
l2205,20220218,20220218,112653500,11:27:11,8763,272790,321839,11906600185,654,-283,28651815
l2205,20220218,20220218,112710000,11:27:12,8765,273319,321642,11929782225,529,-197,23182040
l2205,20220218,20220218,112710500,11:27:12,8766,273348,321634,11931053240,29,-8,1271015
l2205,20220218,20220218,112712000,11:27:12,8766,273352,321632,11931228540,4,-2,175300
l2205,20220218,20220218,112712500,11:27:13,8765,273355,321633,11931360015,3,1,131475
l2205,20220218,20220218,112713000,11:27:14,8765,273357,321633,11931447660,2,0,87645
l2205,20220218,20220218,112713500,11:27:14,8765,273363,321633,11931710635,6,0,262975
l2205,20220218,20220218,112714000,11:27:15,8765,273363,321633,11931710635,0,0,0
l2205,20220218,20220218,112714500,11:27:15,8765,273372,321641,11932105060,9,8,394425
l2205,20220218,20220218,112715000,11:27:15,8765,273373,321640,11932148885,1,-1,43825
l2205,20220218,20220218,112715500,11:27:16,8764,273379,321640,11932411810,6,0,262925
l2205,20220218,20220218,112716000,11:27:16,8767,273507,321711,11938022485,128,71,5610675
l2205,20220218,20220218,112716500,11:27:17,8766,273514,321717,11938329310,7,6,306825
l2205,20220218,20220218,112717000,11:27:17,8766,273521,321718,11938636120,7,1,306810
l2205,20220218,20220218,112717500,11:27:17,8766,273524,321717,11938767605,3,-1,131485
l2205,20220218,20220218,112718000,11:27:18,8765,273528,321717,11938942905,4,0,175300
l2205,20220218,20220218,112718500,11:27:19,8765,273528,321717,11938942905,0,0,0
l2205,20220218,20220218,112719000,11:27:19,8766,273531,321717,11939074395,3,0,131490
l2205,20220218,20220218,112719500,11:27:20,8766,273538,321717,11939381205,7,0,306810
l2205,20220218,20220218,112720000,11:27:20,8766,273542,321716,11939556525,4,-1,175320
l2205,20220218,20220218,112720500,11:27:21,8765,273543,321716,11939600350,1,0,43825
l2205,20220218,20220218,112721000,11:27:21,8765,273543,321716,11939600350,0,0,0
l2205,20220218,20220218,112721500,11:27:22,8766,273544,321715,11939644180,1,-1,43830
l2205,20220218,20220218,112722000,11:27:22,8766,273544,321715,11939644180,0,0,0
l2205,20220218,20220218,112722500,11:27:22,8766,273544,321715,11939644180,0,0,0
l2205,20220218,20220218,112723000,11:27:26,8766,273544,321715,11939644180,0,0,0
l2205,20220218,20220218,112723500,11:27:27,8765,273562,321717,11940433030,18,2,788850
l2205,20220218,20220218,112724000,11:27:27,8765,273563,321718,11940476855,1,1,43825
l2205,20220218,20220218,112726500,11:27:27,8765,273641,321697,11943894840,78,-21,3417985
l2205,20220218,20220218,112727000,11:27:27,8766,273696,321679,11946305255,55,-18,2410415
l2205,20220218,20220218,112727500,11:27:27,8765,273724,321682,11947532395,28,3,1227140
l2205,20220218,20220218,112728000,11:27:28,8764,273728,321680,11947707675,4,-2,175280
l2205,20220218,20220218,112728500,11:27:28,8764,273730,321679,11947795320,2,-1,87645
l2205,20220218,20220218,112729000,11:27:29,8764,273730,321679,11947795320,0,0,0
l2205,20220218,20220218,112729500,11:27:29,8764,273735,321674,11948014420,5,-5,219100
l2205,20220218,20220218,112730000,11:27:30,8763,273793,321671,11950555760,58,-3,2541340
l2205,20220218,20220218,112730500,11:27:31,8762,273805,321677,11951081585,12,6,525825
l2205,20220218,20220218,112731000,11:27:32,8763,273818,321674,11951651165,13,-3,569580
l2205,20220218,20220218,112731500,11:27:35,8762,273832,321681,11952264570,14,7,613405
l2205,20220218,20220218,112732000,11:27:36,8763,273871,321656,11953973305,39,-25,1708735
l2205,20220218,20220218,112732500,11:27:36,8764,273892,321641,11954893520,21,-15,920215
l2205,20220218,20220218,112735500,11:27:36,8764,273969,321573,11958267660,77,-68,3374140
l2205,20220218,20220218,112736000,11:27:37,8763,273977,321568,11958618180,8,-5,350520
l2205,20220218,20220218,112736500,11:27:38,8763,273979,321567,11958705810,2,-1,87630
l2205,20220218,20220218,112737000,11:27:38,8763,273979,321567,11958705810,0,0,0
l2205,20220218,20220218,112737500,11:27:38,8763,274002,321549,11959713555,23,-18,1007745
l2205,20220218,20220218,112738000,11:27:39,8763,274002,321549,11959713555,0,0,0
l2205,20220218,20220218,112738500,11:27:39,8763,274002,321549,11959713555,0,0,0
l2205,20220218,20220218,112739000,11:27:39,8763,274002,321549,11959713555,0,0,0
l2205,20220218,20220218,112739500,11:27:39,8762,274003,321548,11959757365,1,-1,43810
l2205,20220218,20220218,112741000,11:27:41,8762,274004,321548,11959801175,1,0,43810
l2205,20220218,20220218,112741500,11:27:41,8762,274008,321544,11959976415,4,-4,175240
l2205,20220218,20220218,112742000,11:27:42,8762,274017,321540,11960370705,9,-4,394290
l2205,20220218,20220218,112742500,11:27:43,8762,274027,321536,11960808805,10,-4,438100
l2205,20220218,20220218,112743000,11:27:43,8762,274030,321535,11960940230,3,-1,131425
l2205,20220218,20220218,112743500,11:27:43,8761,274032,321535,11961027845,2,0,87615
l2205,20220218,20220218,112744000,11:27:44,8761,274035,321534,11961159265,3,-1,131420
l2205,20220218,20220218,112744500,11:27:45,8762,274045,321541,11961597345,10,7,438080
l2205,20220218,20220218,112745000,11:27:45,8762,274064,321544,11962429740,19,3,832395
l2205,20220218,20220218,112745500,11:27:46,8762,274065,321544,11962473550,1,0,43810
l2205,20220218,20220218,112746000,11:27:46,8762,274065,321544,11962473550,0,0,0
l2205,20220218,20220218,112746500,11:27:47,8761,274068,321543,11962604965,3,-1,131415
l2205,20220218,20220218,112747000,11:27:47,8762,274071,321545,11962736390,3,2,131425
l2205,20220218,20220218,112747500,11:27:47,8761,274086,321541,11963393465,15,-4,657075
l2205,20220218,20220218,112748000,11:27:49,8761,274090,321542,11963568685,4,1,175220
l2205,20220218,20220218,112748500,11:27:54,8761,274094,321541,11963743905,4,-1,175220
l2205,20220218,20220218,112749000,11:27:54,8762,274099,321543,11963962935,5,2,219030
l2205,20220218,20220218,112749500,11:27:54,8760,274100,321543,11964006735,1,0,43800
l2205,20220218,20220218,112754000,11:27:54,8763,274264,321445,11971191710,164,-98,7184975
l2205,20220218,20220218,112754500,11:27:54,8761,274291,321427,11972374640,27,-18,1182930
l2205,20220218,20220218,112755000,11:27:55,8764,274333,321416,11974214935,42,-11,1840295
l2205,20220218,20220218,112755500,11:27:55,8761,274397,321370,11977019215,64,-46,2804280
l2205,20220218,20220218,112756000,11:27:56,8763,274432,321361,11978552830,35,-9,1533615
l2205,20220218,20220218,112756500,11:27:56,8765,274494,321341,11981269805,62,-20,2716975
l2205,20220218,20220218,112757000,11:27:57,8765,274517,321332,11982277770,23,-9,1007965
l2205,20220218,20220218,112757500,11:27:57,8764,274531,321333,11982891250,14,1,613480
l2205,20220218,20220218,112758000,11:27:58,8765,274660,321355,11988544615,129,22,5653365
l2205,20220218,20220218,112758500,11:27:59,8764,274728,321299,11991524895,68,-56,2980280
l2205,20220218,20220218,112759000,11:27:59,8766,274771,321272,11993409570,43,-27,1884675
l2205,20220218,20220218,112759500,11:27:59,8766,274821,321250,11995601020,50,-22,2191450
l2205,20220218,20220218,112800000,11:28:00,8765,274841,321245,11996477600,20,-5,876580
l2205,20220218,20220218,112800500,11:28:01,8767,274889,321228,11998581460,48,-17,2103860
l2205,20220218,20220218,112801000,11:28:01,8766,274911,321210,11999545825,22,-18,964365
l2205,20220218,20220218,112801500,11:28:02,8766,274933,321190,12000510190,22,-20,964365
l2205,20220218,20220218,112802000,11:28:03,8767,274976,321168,12002395095,43,-22,1884905
l2205,20220218,20220218,112802500,11:28:03,8768,275001,321157,12003491075,25,-11,1095980
l2205,20220218,20220218,112803000,11:28:04,8768,275063,321128,12006209005,62,-29,2717930
l2205,20220218,20220218,112803500,11:28:04,8768,275120,321108,12008707810,57,-20,2498805
l2205,20220218,20220218,112804000,11:28:04,8768,275160,321079,12010461410,40,-29,1753600
l2205,20220218,20220218,112804500,11:28:05,8768,275228,321011,12013442530,68,-68,2981120
l2205,20220218,20220218,112805000,11:28:06,8768,275294,320997,12016335820,66,-14,2893290
l2205,20220218,20220218,112805500,11:28:06,8768,275320,320976,12017475640,26,-21,1139820
l2205,20220218,20220218,112806000,11:28:10,8767,275322,320977,12017563315,2,1,87675
l2205,20220218,20220218,112806500,11:28:10,8768,275323,320977,12017607155,1,0,43840
l2205,20220218,20220218,112807000,11:28:10,8767,275325,320977,12017694825,2,0,87670
l2205,20220218,20220218,112807500,11:28:11,8768,275332,320978,12018001705,7,1,306880
l2205,20220218,20220218,112810000,11:28:11,8767,275372,320976,12019755175,40,-2,1753470
l2205,20220218,20220218,112810500,11:28:11,8766,275401,320953,12021026470,29,-23,1271295
l2205,20220218,20220218,112811000,11:28:12,8767,275418,320950,12021771730,17,-3,745260
l2205,20220218,20220218,112811500,11:28:12,8768,275438,320937,12022648530,20,-13,876800
l2205,20220218,20220218,112812000,11:28:13,8768,275438,320937,12022648530,0,0,0
l2205,20220218,20220218,112812500,11:28:13,8768,275441,320937,12022780050,3,0,131520
l2205,20220218,20220218,112813000,11:28:13,8768,275445,320941,12022955410,4,4,175360
l2205,20220218,20220218,112813500,11:28:14,8767,275446,320942,12022999245,1,1,43835
l2205,20220218,20220218,112814000,11:28:14,8767,275452,320942,12023262255,6,0,263010
l2205,20220218,20220218,112814500,11:28:14,8767,275453,320942,12023306090,1,0,43835
l2205,20220218,20220218,112815000,11:28:15,8767,275458,320943,12023525270,5,1,219180
l2205,20220218,20220218,112816000,11:28:16,8766,275459,320942,12023569100,1,-1,43830
l2205,20220218,20220218,112816500,11:28:16,8766,275459,320942,12023569100,0,0,0
l2205,20220218,20220218,112817000,11:28:17,8767,275469,320951,12024007450,10,9,438350
l2205,20220218,20220218,112817500,11:28:17,8766,275475,320953,12024270430,6,2,262980
l2205,20220218,20220218,112818000,11:28:18,8767,275487,320953,12024796440,12,0,526010
l2205,20220218,20220218,112818500,11:28:18,8765,275498,320960,12025278515,11,7,482075
l2205,20220218,20220218,112819000,11:28:19,8765,275499,320960,12025322340,1,0,43825
l2205,20220218,20220218,112819500,11:28:19,8765,275506,320958,12025629135,7,-2,306795
l2205,20220218,20220218,112820000,11:28:20,8765,275507,320959,12025672960,1,1,43825
l2205,20220218,20220218,112820500,11:28:20,8765,275516,320958,12026067395,9,-1,394435
l2205,20220218,20220218,112821000,11:28:21,8764,275522,320955,12026330335,6,-3,262940
l2205,20220218,20220218,112821500,11:28:22,8765,275525,320955,12026461810,3,0,131475
l2205,20220218,20220218,112822000,11:28:22,8765,275525,320955,12026461810,0,0,0
l2205,20220218,20220218,112822500,11:28:22,8765,275525,320955,12026461810,0,0,0
l2205,20220218,20220218,112823000,11:28:23,8765,275525,320955,12026461810,0,0,0
l2205,20220218,20220218,112823500,11:28:24,8765,275526,320954,12026505635,1,-1,43825
l2205,20220218,20220218,112824000,11:28:24,8766,275527,320953,12026549465,1,-1,43830
l2205,20220218,20220218,112824500,11:28:24,8766,275527,320953,12026549465,0,0,0
l2205,20220218,20220218,112825000,11:28:25,8765,275536,320952,12026943890,9,-1,394425
l2205,20220218,20220218,112825500,11:28:25,8765,275540,320952,12027119200,4,0,175310
l2205,20220218,20220218,112826000,11:28:26,8765,275554,320938,12027732750,14,-14,613550
l2205,20220218,20220218,112826500,11:28:27,8764,275560,320935,12027995695,6,-3,262945
l2205,20220218,20220218,112827000,11:28:27,8764,275591,320947,12029354115,31,12,1358420
l2205,20220218,20220218,112827500,11:28:27,8764,275594,320950,12029485575,3,3,131460
l2205,20220218,20220218,112828000,11:28:28,8763,275600,320949,12029748465,6,-1,262890
l2205,20220218,20220218,112828500,11:28:28,8762,275607,320942,12030055165,7,-7,306700
l2205,20220218,20220218,112829000,11:28:29,8762,275619,320945,12030580885,12,3,525720
l2205,20220218,20220218,112829500,11:28:29,8762,275625,320940,12030843745,6,-5,262860
l2205,20220218,20220218,112830000,11:28:30,8763,275639,320934,12031457090,14,-6,613345
l2205,20220218,20220218,112830500,11:28:31,8762,275670,320931,12032815130,31,-3,1358040
l2205,20220218,20220218,112831000,11:28:31,8763,275673,320928,12032946575,3,-3,131445
l2205,20220218,20220218,112831500,11:28:31,8763,275681,320929,12033297095,8,1,350520
l2205,20220218,20220218,112832000,11:28:32,8764,275687,320929,12033560015,6,0,262920
l2205,20220218,20220218,112832500,11:28:33,8764,275688,320930,12033603835,1,1,43820
l2205,20220218,20220218,112833000,11:28:33,8764,275689,320931,12033647655,1,1,43820
l2205,20220218,20220218,112833500,11:28:33,8762,275691,320932,12033735275,2,1,87620
l2205,20220218,20220218,112834000,11:28:34,8763,275692,320932,12033779090,1,0,43815
l2205,20220218,20220218,112834500,11:28:34,8762,275693,320933,12033822900,1,1,43810
l2205,20220218,20220218,112835000,11:28:35,8762,275693,320933,12033822900,0,0,0
l2205,20220218,20220218,112835500,11:28:35,8763,275695,320935,12033910525,2,2,87625
l2205,20220218,20220218,112836000,11:28:37,8763,275695,320935,12033910525,0,0,0
l2205,20220218,20220218,112836500,11:28:37,8763,275695,320935,12033910525,0,0,0
l2205,20220218,20220218,112837000,11:28:37,8762,275699,320932,12034085765,4,-3,175240
l2205,20220218,20220218,112837500,11:28:37,8762,275700,320933,12034129575,1,1,43810
l2205,20220218,20220218,112838000,11:28:38,8762,275702,320934,12034217195,2,1,87620
l2205,20220218,20220218,112838500,11:28:38,8762,275704,320934,12034304815,2,0,87620
l2205,20220218,20220218,112839000,11:28:40,8763,275706,320933,12034392440,2,-1,87625
l2205,20220218,20220218,112839500,11:28:40,8763,275706,320933,12034392440,0,0,0
l2205,20220218,20220218,112840500,11:28:40,8763,275707,320933,12034436255,1,0,43815
l2205,20220218,20220218,112841000,11:28:41,8763,275712,320931,12034655310,5,-2,219055
l2205,20220218,20220218,112841500,11:28:41,8761,275719,320932,12034961975,7,1,306665
l2205,20220218,20220218,112842000,11:28:42,8762,275721,320932,12035049595,2,0,87620
l2205,20220218,20220218,112842500,11:28:42,8763,275722,320932,12035093410,1,0,43815
l2205,20220218,20220218,112843000,11:28:43,8762,275723,320931,12035137220,1,-1,43810
l2205,20220218,20220218,112843500,11:28:44,8762,275723,320931,12035137220,0,0,0
l2205,20220218,20220218,112844000,11:28:44,8763,275724,320930,12035181035,1,-1,43815
l2205,20220218,20220218,112844500,11:28:44,8763,275737,320932,12035750630,13,2,569595
l2205,20220218,20220218,112845000,11:28:45,8762,275741,320930,12035925875,4,-2,175245
l2205,20220218,20220218,112845500,11:28:45,8763,275742,320931,12035969690,1,1,43815
l2205,20220218,20220218,112846000,11:28:46,8763,275743,320931,12036013505,1,0,43815
l2205,20220218,20220218,112846500,11:28:46,8763,275747,320934,12036188780,4,3,175275
l2205,20220218,20220218,112847000,11:28:47,8764,275763,320949,12036889895,16,15,701115
l2205,20220218,20220218,112847500,11:28:48,8763,275764,320949,12036933710,1,0,43815
l2205,20220218,20220218,112848000,11:28:48,8764,275766,320951,12037021345,2,2,87635
l2205,20220218,20220218,112848500,11:28:48,8764,275766,320951,12037021345,0,0,0
l2205,20220218,20220218,112849000,11:28:49,8764,275766,320951,12037021345,0,0,0
l2205,20220218,20220218,112849500,11:28:50,8762,275770,320955,12037196585,4,4,175240
l2205,20220218,20220218,112850000,11:28:50,8762,275771,320955,12037240395,1,0,43810
l2205,20220218,20220218,112850500,11:28:50,8763,275774,320956,12037371835,3,1,131440
l2205,20220218,20220218,112851000,11:28:51,8763,275774,320956,12037371835,0,0,0
l2205,20220218,20220218,112852000,11:28:53,8763,275774,320956,12037371835,0,0,0
l2205,20220218,20220218,112852500,11:28:53,8762,275790,320957,12038072820,16,1,700985
l2205,20220218,20220218,112853000,11:28:54,8762,275790,320957,12038072820,0,0,0
l2205,20220218,20220218,112854000,11:28:54,8762,275792,320957,12038160440,2,0,87620
l2205,20220218,20220218,112854500,11:28:54,8762,275796,320956,12038335680,4,-1,175240
l2205,20220218,20220218,112855000,11:28:55,8763,275804,320957,12038686200,8,1,350520
l2205,20220218,20220218,112855500,11:28:56,8763,275813,320960,12039080545,9,3,394345
l2205,20220218,20220218,112856500,11:28:56,8764,275816,320963,12039211995,3,3,131450
l2205,20220218,20220218,112857000,11:28:57,8763,275883,321003,12042147930,67,40,2935935
l2205,20220218,20220218,112857500,11:28:58,8764,275888,320999,12042367010,5,-4,219080
l2205,20220218,20220218,112858000,11:28:58,8764,275895,321000,12042673745,7,1,306735
l2205,20220218,20220218,112858500,11:28:59,8764,275896,320999,12042717565,1,-1,43820
l2205,20220218,20220218,112859000,11:28:59,8764,275896,320999,12042717565,0,0,0
l2205,20220218,20220218,112900500,11:29:01,8763,275897,320999,12042761380,1,0,43815
l2205,20220218,20220218,112901500,11:29:01,8763,275898,320998,12042805195,1,-1,43815
l2205,20220218,20220218,112902000,11:29:02,8764,275906,320990,12043155745,8,-8,350550
l2205,20220218,20220218,112902500,11:29:03,8763,275908,320988,12043243375,2,-2,87630
l2205,20220218,20220218,112903000,11:29:03,8763,275908,320988,12043243375,0,0,0
l2205,20220218,20220218,112903500,11:29:04,8763,275912,320984,12043418635,4,-4,175260
l2205,20220218,20220218,112904000,11:29:04,8764,275917,320979,12043637735,5,-5,219100
l2205,20220218,20220218,112904500,11:29:04,8763,275930,320969,12044207330,13,-10,569595
l2205,20220218,20220218,112905000,11:29:05,8763,275931,320969,12044251145,1,0,43815
l2205,20220218,20220218,112905500,11:29:06,8763,275931,320969,12044251145,0,0,0
l2205,20220218,20220218,112906000,11:29:06,8763,275931,320969,12044251145,0,0,0
l2205,20220218,20220218,112906500,11:29:06,8763,275936,320969,12044470215,5,0,219070
l2205,20220218,20220218,112907000,11:29:07,8762,275939,320967,12044601645,3,-2,131430
l2205,20220218,20220218,112907500,11:29:08,8762,275939,320967,12044601645,0,0,0
l2205,20220218,20220218,112908500,11:29:08,8762,275939,320967,12044601645,0,0,0
l2205,20220218,20220218,112909500,11:29:09,8762,275939,320967,12044601645,0,0,0
l2205,20220218,20220218,112910000,11:29:10,8762,275940,320966,12044645455,1,-1,43810
l2205,20220218,20220218,112910500,11:29:10,8762,275941,320966,12044689265,1,0,43810
l2205,20220218,20220218,112911000,11:29:11,8762,275942,320965,12044733075,1,-1,43810
l2205,20220218,20220218,112911500,11:29:12,8762,275942,320965,12044733075,0,0,0
l2205,20220218,20220218,112912000,11:29:12,8763,275959,320957,12045477870,17,-8,744795
l2205,20220218,20220218,112912500,11:29:12,8762,275960,320957,12045521680,1,0,43810
l2205,20220218,20220218,112913000,11:29:13,8762,275964,320956,12045696920,4,-1,175240
l2205,20220218,20220218,112914000,11:29:14,8761,275985,320945,12046616825,21,-11,919905
l2205,20220218,20220218,112914500,11:29:15,8761,275999,320938,12047230085,14,-7,613260
l2205,20220218,20220218,112915000,11:29:15,8760,276004,320935,12047449095,5,-3,219010
l2205,20220218,20220218,112915500,11:29:16,8759,276013,320931,12047843285,9,-4,394190
l2205,20220218,20220218,112916000,11:29:16,8760,276015,320932,12047930885,2,1,87600
l2205,20220218,20220218,112916500,11:29:20,8759,276018,320931,12048062275,3,-1,131390
l2205,20220218,20220218,112917500,11:29:21,8760,276022,320928,12048237470,4,-3,175195
l2205,20220218,20220218,112918000,11:29:21,8759,276027,320928,12048456450,5,0,218980
l2205,20220218,20220218,112920500,11:29:21,8760,276079,320893,12050734020,52,-35,2277570
l2205,20220218,20220218,112921000,11:29:22,8760,276080,320892,12050777820,1,-1,43800
l2205,20220218,20220218,112921500,11:29:24,8761,276093,320895,12051347225,13,3,569405
l2205,20220218,20220218,112922000,11:29:24,8761,276094,320894,12051391030,1,-1,43805
l2205,20220218,20220218,112922500,11:29:24,8761,276094,320894,12051391030,0,0,0
l2205,20220218,20220218,112923000,11:29:24,8760,276096,320894,12051478630,2,0,87600
l2205,20220218,20220218,112924500,11:29:25,8760,276111,320888,12052135690,15,-6,657060
l2205,20220218,20220218,112925000,11:29:25,8760,276113,320888,12052223295,2,0,87605
l2205,20220218,20220218,112925500,11:29:25,8761,276156,320848,12054106710,43,-40,1883415
l2205,20220218,20220218,112926000,11:29:26,8761,276156,320848,12054106710,0,0,0
l2205,20220218,20220218,112926500,11:29:26,8761,276160,320848,12054281930,4,0,175220
l2205,20220218,20220218,112927000,11:29:27,8761,276161,320847,12054325735,1,-1,43805
l2205,20220218,20220218,112927500,11:29:27,8761,276162,320846,12054369540,1,-1,43805
l2205,20220218,20220218,112928000,11:29:28,8761,276164,320847,12054457150,2,1,87610
l2205,20220218,20220218,112928500,11:29:29,8761,276164,320847,12054457150,0,0,0
l2205,20220218,20220218,112929000,11:29:29,8762,276180,320836,12055158105,16,-11,700955
l2205,20220218,20220218,112929500,11:29:29,8761,276221,320798,12056953920,41,-38,1795815
l2205,20220218,20220218,112930000,11:29:30,8761,276221,320798,12056953920,0,0,0
l2205,20220218,20220218,112930500,11:29:31,8761,276232,320790,12057435775,11,-8,481855
l2205,20220218,20220218,112931000,11:29:32,8760,276239,320783,12057742405,7,-7,306630
l2205,20220218,20220218,112931500,11:29:32,8760,276250,320773,12058224205,11,-10,481800
l2205,20220218,20220218,112932000,11:29:32,8762,276251,320772,12058268015,1,-1,43810
l2205,20220218,20220218,112932500,11:29:36,8762,276252,320771,12058311825,1,-1,43810
l2205,20220218,20220218,112933000,11:29:37,8761,276253,320771,12058355630,1,0,43805
l2205,20220218,20220218,112936000,11:29:38,8761,276263,320771,12058793685,10,0,438055
l2205,20220218,20220218,112937500,11:29:38,8761,276263,320771,12058793685,0,0,0
l2205,20220218,20220218,112938000,11:29:38,8762,276287,320767,12059845075,24,-4,1051390
l2205,20220218,20220218,112938500,11:29:39,8762,276287,320767,12059845075,0,0,0
l2205,20220218,20220218,112939000,11:29:39,8762,276289,320765,12059932695,2,-2,87620
l2205,20220218,20220218,112939500,11:29:40,8762,276290,320764,12059976505,1,-1,43810
l2205,20220218,20220218,112940000,11:29:40,8763,276295,320764,12060195580,5,0,219075
l2205,20220218,20220218,112940500,11:29:40,8762,276296,320764,12060239390,1,0,43810
l2205,20220218,20220218,112941000,11:29:41,8763,276300,320764,12060414650,4,0,175260
l2205,20220218,20220218,112941500,11:29:42,8763,276300,320764,12060414650,0,0,0
l2205,20220218,20220218,112942000,11:29:42,8763,276306,320763,12060677525,6,-1,262875
l2205,20220218,20220218,112942500,11:29:44,8762,276311,320758,12060896590,5,-5,219065
l2205,20220218,20220218,112943500,11:29:45,8763,276312,320757,12060940405,1,-1,43815
l2205,20220218,20220218,112944000,11:29:45,8763,276312,320757,12060940405,0,0,0
l2205,20220218,20220218,112944500,11:29:45,8762,276314,320757,12061028025,2,0,87620
l2205,20220218,20220218,112946000,11:29:46,8763,276315,320756,12061071840,1,-1,43815
l2205,20220218,20220218,112946500,11:29:47,8763,276335,320737,12061948140,20,-19,876300
l2205,20220218,20220218,112947000,11:29:47,8762,276339,320734,12062123395,4,-3,175255
l2205,20220218,20220218,112947500,11:29:48,8763,276340,320733,12062167210,1,-1,43815
l2205,20220218,20220218,112948000,11:29:48,8763,276345,320733,12062386285,5,0,219075
l2205,20220218,20220218,112948500,11:29:49,8763,276348,320733,12062517730,3,0,131445
l2205,20220218,20220218,112949000,11:29:50,8763,276353,320729,12062736805,5,-4,219075
l2205,20220218,20220218,112950000,11:29:51,8763,276353,320729,12062736805,0,0,0
l2205,20220218,20220218,112950500,11:29:51,8763,276356,320726,12062868250,3,-3,131445
l2205,20220218,20220218,112951500,11:29:52,8764,276368,320718,12063394065,12,-8,525815
l2205,20220218,20220218,112952000,11:29:52,8762,276375,320714,12063700745,7,-4,306680
l2205,20220218,20220218,112952500,11:29:53,8763,276376,320713,12063744560,1,-1,43815
l2205,20220218,20220218,112953000,11:29:53,8762,276382,320713,12064007425,6,0,262865
l2205,20220218,20220218,112953500,11:29:54,8762,276382,320713,12064007425,0,0,0
l2205,20220218,20220218,112954000,11:29:54,8763,276410,320694,12065234155,28,-19,1226730
l2205,20220218,20220218,112954500,11:29:54,8762,276417,320690,12065540825,7,-4,306670
l2205,20220218,20220218,112955000,11:29:55,8762,276429,320684,12066066560,12,-6,525735
l2205,20220218,20220218,112955500,11:29:56,8762,276435,320680,12066329420,6,-4,262860
l2205,20220218,20220218,112956000,11:29:56,8762,276435,320680,12066329420,0,0,0
l2205,20220218,20220218,112956500,11:30:00,8762,276442,320675,12066636090,7,-5,306670
l2205,20220218,20220218,112957000,11:30:00,8761,276458,320672,12067337020,16,-3,700930
l2205,20220218,20220218,112957500,11:30:02,8763,276460,320672,12067424645,2,0,87625
l2205,20220218,20220218,112959500,11:30:02,8763,276474,320663,12068037995,14,-9,613350
l2205,20220218,20220218,113000000,11:30:03,8763,276474,320663,12068037995,0,0,0
l2205,20220218,20220218,113001000,11:30:03,8763,276482,320657,12068388505,8,-6,350510
l2205,20220218,20220218,113001500,11:30:03,8763,276486,320658,12068563755,4,1,175250
l2205,20220218,20220218,133001500,13:30:02,8767,276627,320591,12074743270,141,-67,6179515
l2205,20220218,20220218,133002000,13:30:08,8765,276759,320549,12080526465,132,-42,5783195
l2205,20220218,20220218,133002500,13:30:09,8766,276846,320540,12084339315,87,-9,3812850
l2205,20220218,20220218,133008500,13:30:10,8757,277454,320331,12110971060,608,-209,26631745
l2205,20220218,20220218,133009500,13:30:10,8755,277467,320324,12111540190,13,-7,569130
l2205,20220218,20220218,133010000,13:30:11,8755,277476,320323,12111934185,9,-1,393995
l2205,20220218,20220218,133010500,13:30:12,8756,277500,320317,12112984770,24,-6,1050585
l2205,20220218,20220218,133011000,13:30:12,8753,277515,320316,12113641315,15,-1,656545
l2205,20220218,20220218,133011500,13:30:13,8754,277536,320307,12114560345,21,-9,919030
l2205,20220218,20220218,133012500,13:30:13,8754,277616,320345,12118061565,80,38,3501220
l2205,20220218,20220218,133013000,13:30:13,8754,277655,320343,12119768465,39,-2,1706900
l2205,20220218,20220218,133013500,13:30:14,8753,277689,320325,12121256475,34,-18,1488010
l2205,20220218,20220218,133014000,13:30:16,8753,277702,320316,12121825420,13,-9,568945
l2205,20220218,20220218,133014500,13:30:17,8752,277711,320312,12122219300,9,-4,393880
l2205,20220218,20220218,133015000,13:30:17,8753,277721,320307,12122656950,10,-5,437650
l2205,20220218,20220218,133016500,13:30:18,8756,277773,320301,12124933020,52,-6,2276070
l2205,20220218,20220218,133017000,13:30:18,8755,277775,320301,12125020570,2,0,87550
l2205,20220218,20220218,133017500,13:30:19,8756,277798,320305,12126027480,23,4,1006910
l2205,20220218,20220218,133018000,13:30:19,8756,277810,320303,12126552825,12,-2,525345
l2205,20220218,20220218,133018500,13:30:20,8756,277863,320270,12128872545,53,-33,2319720
l2205,20220218,20220218,133019000,13:30:20,8756,277914,320284,12131105410,51,14,2232865
l2205,20220218,20220218,133019500,13:30:20,8757,277924,320290,12131543250,10,6,437840
l2205,20220218,20220218,133020000,13:30:21,8757,277943,320297,12132375140,19,7,831890
l2205,20220218,20220218,133020500,13:30:21,8758,277947,320297,12132550300,4,0,175160
l2205,20220218,20220218,133021000,13:30:21,8756,277964,320287,12133294590,17,-10,744290
l2205,20220218,20220218,133021500,13:30:22,8757,277971,320290,12133601085,7,3,306495
l2205,20220218,20220218,133022000,13:30:38,8757,277976,320291,12133820020,5,1,218935
l2205,20220218,20220218,133022500,13:30:38,8759,277996,320286,12134695830,20,-5,875810
l2205,20220218,20220218,133023000,13:30:38,8758,278001,320286,12134914795,5,0,218965
l2205,20220218,20220218,133038000,13:30:40,8761,278407,320199,12152703020,406,-87,17788225
l2205,20220218,20220218,133038500,13:30:42,8762,278411,320198,12152878265,4,-1,175245
l2205,20220218,20220218,133040500,13:30:42,8762,278422,320188,12153360180,11,-10,481915
l2205,20220218,20220218,133041000,13:30:43,8763,278428,320193,12153623070,6,5,262890
l2205,20220218,20220218,133042500,13:30:44,8763,278440,320199,12154148840,12,6,525770
l2205,20220218,20220218,133043000,13:30:44,8762,278441,320199,12154192650,1,0,43810
l2205,20220218,20220218,133043500,13:30:45,8763,278454,320198,12154762245,13,-1,569595
l2205,20220218,20220218,133044000,13:30:46,8764,278490,320197,12156339755,36,-1,1577510
l2205,20220218,20220218,133044500,13:30:46,8764,278494,320194,12156515035,4,-3,175280
l2205,20220218,20220218,133045000,13:30:46,8765,278496,320196,12156602675,2,2,87640
l2205,20220218,20220218,133045500,13:30:46,8765,278497,320197,12156646500,1,1,43825
l2205,20220218,20220218,133046000,13:30:47,8763,278499,320199,12156734130,2,2,87630
l2205,20220218,20220218,133046500,13:30:47,8764,278500,320199,12156777950,1,0,43820
l2205,20220218,20220218,133047000,13:30:48,8765,278551,320213,12159013020,51,14,2235070
l2205,20220218,20220218,133047500,13:30:48,8766,278557,320214,12159275975,6,1,262955
l2205,20220218,20220218,133048000,13:30:48,8765,278574,320210,12160021080,17,-4,745105
l2205,20220218,20220218,133048500,13:30:49,8766,278579,320210,12160240230,5,0,219150
l2205,20220218,20220218,133049000,13:30:49,8766,278588,320219,12160634700,9,9,394470
l2205,20220218,20220218,133049500,13:30:50,8768,278619,320223,12161993630,31,4,1358930
l2205,20220218,20220218,133050000,13:30:51,8768,278628,320223,12162388165,9,0,394535
l2205,20220218,20220218,133050500,13:30:52,8768,278650,320222,12163352615,22,-1,964450
l2205,20220218,20220218,133051000,13:30:52,8768,278777,320310,12168919865,127,88,5567250
l2205,20220218,20220218,133051500,13:30:52,8768,278803,320327,12170059675,26,17,1139810
l2205,20220218,20220218,133052000,13:30:53,8768,278836,320327,12171506230,33,0,1446555
l2205,20220218,20220218,133052500,13:30:54,8767,278847,320321,12171988465,11,-6,482235
l2205,20220218,20220218,133053000,13:30:54,8768,278849,320321,12172076145,2,0,87680
l2205,20220218,20220218,133053500,13:30:54,8768,278853,320319,12172251505,4,-2,175360
l2205,20220218,20220218,133054000,13:30:55,8768,278859,320318,12172514545,6,-1,263040
l2205,20220218,20220218,133054500,13:30:55,8768,278877,320311,12173303720,18,-7,789175
l2205,20220218,20220218,133055000,13:30:55,8769,278973,320252,12177512840,96,-59,4209120
l2205,20220218,20220218,133055500,13:30:56,8770,279020,320255,12179573735,47,3,2060895
l2205,20220218,20220218,133056000,13:30:57,8770,279079,320222,12182160785,59,-33,2587050
l2205,20220218,20220218,133056500,13:30:57,8770,279093,320214,12182774640,14,-8,613855
l2205,20220218,20220218,133057000,13:30:58,8770,279128,320220,12184309365,35,6,1534725
l2205,20220218,20220218,133057500,13:30:58,8769,279139,320213,12184791675,11,-7,482310
l2205,20220218,20220218,133058000,13:30:58,8769,279147,320208,12185142440,8,-5,350765
l2205,20220218,20220218,133058500,13:30:59,8769,279204,320199,12187641455,57,-9,2499015
l2205,20220218,20220218,133059000,13:30:59,8767,279222,320193,12188430500,18,-6,789045
l2205,20220218,20220218,133059500,13:31:00,8768,279225,320194,12188562010,3,1,131510
l2205,20220218,20220218,133100000,13:31:00,8767,279226,320195,12188605845,1,1,43835
l2205,20220218,20220218,133100500,13:31:00,8768,279228,320196,12188693520,2,1,87675
l2205,20220218,20220218,133101000,13:31:01,8767,279240,320192,12189219540,12,-4,526020
l2205,20220218,20220218,133101500,13:31:01,8769,279347,320249,12193910855,107,57,4691315
l2205,20220218,20220218,133102000,13:31:02,8769,279372,320250,12195006920,25,1,1096065
l2205,20220218,20220218,133102500,13:31:03,8769,279372,320250,12195006920,0,0,0
l2205,20220218,20220218,133103000,13:31:03,8768,279390,320240,12195796100,18,-10,789180
l2205,20220218,20220218,133103500,13:31:05,8768,279392,320239,12195883780,2,-1,87680
l2205,20220218,20220218,133104000,13:31:06,8769,279440,320230,12197988340,48,-9,2104560
l2205,20220218,20220218,133104500,13:31:07,8769,279452,320219,12198514480,12,-11,526140
l2205,20220218,20220218,133105500,13:31:08,8773,279895,320369,12217943595,443,150,19429115
l2205,20220218,20220218,133106000,13:31:08,8774,279935,320363,12219698300,40,-6,1754705
l2205,20220218,20220218,133107000,13:31:09,8774,279975,320346,12221452965,40,-17,1754665
l2205,20220218,20220218,133107500,13:31:09,8773,279996,320334,12222374155,21,-12,921190
l2205,20220218,20220218,133108500,13:31:09,8774,280049,320321,12224699085,53,-13,2324930
l2205,20220218,20220218,133109000,13:31:09,8773,280061,320324,12225225500,12,3,526415
l2205,20220218,20220218,133109500,13:31:10,8774,280067,320319,12225488695,6,-5,263195
l2205,20220218,20220218,133110000,13:31:11,8773,280073,320316,12225751885,6,-3,263190
l2205,20220218,20220218,133110500,13:31:11,8774,280240,320431,12233078000,167,115,7326115
l2205,20220218,20220218,133111000,13:31:11,8774,280263,320435,12234086955,23,4,1008955
l2205,20220218,20220218,133111500,13:31:12,8774,280276,320436,12234657210,13,1,570255
l2205,20220218,20220218,133112000,13:31:12,8773,280293,320431,12235402960,17,-5,745750
l2205,20220218,20220218,133112500,13:31:13,8773,280329,320430,12236982075,36,-1,1579115
l2205,20220218,20220218,133113000,13:31:13,8774,280396,320473,12239921235,67,43,2939160
l2205,20220218,20220218,133113500,13:31:14,8775,280549,320524,12246634110,153,51,6712875
l2205,20220218,20220218,133114000,13:31:15,8776,280569,320518,12247511700,20,-6,877590
l2205,20220218,20220218,133114500,13:31:15,8776,280582,320515,12248082140,13,-3,570440
l2205,20220218,20220218,133115000,13:31:15,8775,280592,320514,12248520925,10,-1,438785
l2205,20220218,20220218,133115500,13:31:16,8776,280595,320512,12248652560,3,-2,131635
l2205,20220218,20220218,133116000,13:31:16,8775,280604,320511,12249047470,9,-1,394910
l2205,20220218,20220218,133116500,13:31:17,8775,280623,320523,12249881095,19,12,833625
l2205,20220218,20220218,133117000,13:31:17,8776,280682,320543,12252469990,59,20,2588895
l2205,20220218,20220218,133117500,13:31:18,8778,280886,320487,12261423415,204,-56,8953425
l2205,20220218,20220218,133118000,13:31:19,8778,281042,320473,12268270345,156,-14,6846930
l2205,20220218,20220218,133118500,13:31:19,8778,281056,320475,12268884830,14,2,614485
l2205,20220218,20220218,133119000,13:31:19,8779,281072,320475,12269587145,16,0,702315
l2205,20220218,20220218,133119500,13:31:20,8780,281089,320475,12270333385,17,0,746240
l2205,20220218,20220218,133120000,13:31:20,8777,281185,320430,12274546850,96,-45,4213465
l2205,20220218,20220218,133120500,13:31:21,8777,281348,320481,12281700150,163,51,7153300
l2205,20220218,20220218,133121000,13:31:21,8776,281665,320573,12295611195,317,92,13911045
l2205,20220218,20220218,133121500,13:31:22,8776,281669,320570,12295786710,4,-3,175515
l2205,20220218,20220218,133122000,13:31:23,8776,281683,320566,12296401030,14,-4,614320
l2205,20220218,20220218,133122500,13:31:23,8777,281729,320574,12298419655,46,8,2018625
l2205,20220218,20220218,133123000,13:31:25,8776,281743,320577,12299034010,14,3,614355
l2205,20220218,20220218,133123500,13:31:25,8775,281748,320580,12299253390,5,3,219380
l2205,20220218,20220218,133124500,13:31:25,8775,281828,320592,12302763495,80,12,3510105
l2205,20220218,20220218,133157500,13:31:57,8775,281836,320586,12303114470,8,-6,350975
l2205,20220218,20220218,133158500,13:31:58,8774,281850,320583,12303728685,14,-3,614215
l2205,20220218,20220218,133159000,13:31:59,8774,281864,320578,12304342840,14,-5,614155
l2205,20220218,20220218,133159500,13:32:00,8774,281879,320567,12305000880,15,-11,658040
l2205,20220218,20220218,133200500,13:32:01,8774,281879,320567,12305000880,0,0,0
l2205,20220218,20220218,133201000,13:32:01,8773,282743,320466,12342904195,864,-101,37903315
l2205,20220218,20220218,133201500,13:32:01,8773,282782,320464,12344614860,39,-2,1710665
l2205,20220218,20220218,133202000,13:32:03,8773,282806,320465,12345667590,24,1,1052730
l2205,20220218,20220218,133202500,13:32:03,8773,282821,320456,12346325505,15,-9,657915
l2205,20220218,20220218,133203000,13:32:04,8773,282836,320458,12346983400,15,2,657895
l2205,20220218,20220218,133203500,13:32:05,8772,282873,320454,12348606305,37,-4,1622905
l2205,20220218,20220218,133204000,13:32:05,8773,282882,320450,12349001090,9,-4,394785
l2205,20220218,20220218,133205000,13:32:06,8771,282957,320417,12352290355,75,-33,3289265
l2205,20220218,20220218,133205500,13:32:06,8770,283055,320374,12356587665,98,-43,4297310
l2205,20220218,20220218,133206000,13:32:06,8769,283139,320323,12360270450,84,-51,3682785
l2205,20220218,20220218,133206500,13:32:07,8769,283153,320316,12360884280,14,-7,613830
l2205,20220218,20220218,133207000,13:32:07,8769,283176,320319,12361892585,23,3,1008305
l2205,20220218,20220218,133207500,13:32:07,8769,283177,320320,12361936430,1,1,43845
l2205,20220218,20220218,133208000,13:32:09,8767,283210,320291,12363383005,33,-29,1446575
l2205,20220218,20220218,133208500,13:32:10,8767,283223,320284,12363952840,13,-7,569835
l2205,20220218,20220218,133209000,13:32:10,8766,283225,320282,12364040500,2,-2,87660
l2205,20220218,20220218,133209500,13:32:10,8767,283238,320274,12364610305,13,-8,569805
l2205,20220218,20220218,133210000,13:32:10,8766,283261,320265,12365618395,23,-9,1008090
l2205,20220218,20220218,133210500,13:32:13,8764,283285,320272,12366670235,24,7,1051840
l2205,20220218,20220218,133211000,13:32:14,8766,283291,320271,12366933190,6,-1,262955
l2205,20220218,20220218,133213000,13:32:15,8764,283341,320279,12369124265,50,8,2191075
l2205,20220218,20220218,133214000,13:32:15,8764,283374,320278,12370570325,33,-1,1446060
l2205,20220218,20220218,133214500,13:32:16,8765,283386,320279,12371096215,12,1,525890
l2205,20220218,20220218,133215000,13:32:16,8766,283452,320270,12373988950,66,-9,2892735
l2205,20220218,20220218,133215500,13:32:16,8766,283458,320271,12374251930,6,1,262980
l2205,20220218,20220218,133216000,13:32:17,8767,283475,320288,12374997125,17,17,745195
l2205,20220218,20220218,133216500,13:32:17,8766,283480,320284,12375216295,5,-4,219170
l2205,20220218,20220218,133217000,13:32:17,8768,283483,320287,12375347815,3,3,131520
l2205,20220218,20220218,133217500,13:32:18,8764,283762,320189,12387575565,279,-98,12227750
l2205,20220218,20220218,133218000,13:32:18,8762,283888,320250,12393095860,126,61,5520295
l2205,20220218,20220218,133218500,13:32:19,8762,283939,320243,12395330045,51,-7,2234185
l2205,20220218,20220218,133219000,13:32:20,8760,283965,320257,12396468975,26,14,1138930
l2205,20220218,20220218,133219500,13:32:20,8761,284020,320206,12398878485,55,-51,2409510
l2205,20220218,20220218,133220000,13:32:21,8762,284029,320207,12399272770,9,1,394285
l2205,20220218,20220218,133220500,13:32:21,8762,284036,320207,12399579440,7,0,306670
l2205,20220218,20220218,133221000,13:32:21,8762,284044,320211,12399929920,8,4,350480
l2205,20220218,20220218,133221500,13:32:22,8764,284073,320194,12401200550,29,-17,1270630
l2205,20220218,20220218,133222000,13:32:22,8764,284301,320111,12411191480,228,-83,9990930
l2205,20220218,20220218,133222500,13:32:23,8764,284654,319967,12426659935,353,-144,15468455
l2205,20220218,20220218,133223000,13:32:24,8766,284688,319951,12428150100,34,-16,1490165
l2205,20220218,20220218,133223500,13:32:24,8764,284724,319944,12429727665,36,-7,1577565
l2205,20220218,20220218,133224000,13:32:24,8763,284748,319936,12430779230,24,-8,1051565
l2205,20220218,20220218,133224500,13:32:24,8763,284769,319951,12431699325,21,15,920095
l2205,20220218,20220218,133225000,13:32:25,8762,284794,319958,12432794625,25,7,1095300
l2205,20220218,20220218,133225500,13:32:25,8762,284802,319952,12433145125,8,-6,350500
l2205,20220218,20220218,133226000,13:32:27,8761,284824,319956,12434108845,22,4,963720
l2205,20220218,20220218,133226500,13:32:27,8761,284846,319954,12435072555,22,-2,963710
l2205,20220218,20220218,133227000,13:32:27,8761,284856,319958,12435510605,10,4,438050
l2205,20220218,20220218,133227500,13:32:28,8761,284859,319961,12435642020,3,3,131415
l2205,20220218,20220218,133228000,13:32:32,8760,284860,319961,12435685820,1,0,43800
l2205,20220218,20220218,133228500,13:32:32,8761,284865,319960,12435904845,5,-1,219025
l2205,20220218,20220218,133229000,13:32:33,8761,284871,319964,12436167670,6,4,262825
l2205,20220218,20220218,133232000,13:32:35,8761,284895,319960,12437219105,24,-4,1051435
l2205,20220218,20220218,133232500,13:32:35,8760,284968,319999,12440416480,73,39,3197375
l2205,20220218,20220218,133234500,13:32:35,8760,285023,319975,12442825630,55,-24,2409150
l2205,20220218,20220218,133235000,13:32:36,8760,285034,319970,12443307380,11,-5,481750
l2205,20220218,20220218,133235500,13:32:36,8759,285041,319966,12443613945,7,-4,306565
l2205,20220218,20220218,133236000,13:32:36,8760,285042,319966,12443657745,1,0,43800
l2205,20220218,20220218,133236500,13:32:37,8760,285053,319962,12444139505,11,-4,481760
l2205,20220218,20220218,133237000,13:32:37,8759,285062,319954,12444533660,9,-8,394155
l2205,20220218,20220218,133237500,13:32:38,8759,285063,319954,12444577455,1,0,43795
l2205,20220218,20220218,133238000,13:32:38,8759,285073,319955,12445015405,10,1,437950
l2205,20220218,20220218,133238500,13:32:39,8758,285090,319949,12445759835,17,-6,744430
l2205,20220218,20220218,133239000,13:32:39,8757,285092,319949,12445847415,2,0,87580
l2205,20220218,20220218,133239500,13:32:40,8758,285103,319944,12446329060,11,-5,481645
l2205,20220218,20220218,133240000,13:32:40,8758,285104,319944,12446372850,1,0,43790
l2205,20220218,20220218,133240500,13:32:40,8757,285140,319936,12447949110,36,-8,1576260
l2205,20220218,20220218,133241000,13:32:41,8757,285144,319936,12448124250,4,0,175140
l2205,20220218,20220218,133241500,13:32:42,8757,285148,319938,12448299395,4,2,175145
l2205,20220218,20220218,133242000,13:32:42,8757,285153,319936,12448518320,5,-2,218925
l2205,20220218,20220218,133242500,13:32:42,8758,285158,319937,12448737250,5,1,218930
l2205,20220218,20220218,133243000,13:32:43,8757,285207,319948,12450882930,49,11,2145680
l2205,20220218,20220218,133243500,13:32:43,8758,285219,319956,12451408410,12,8,525480
l2205,20220218,20220218,133244000,13:32:44,8758,285225,319955,12451671150,6,-1,262740
l2205,20220218,20220218,133244500,13:32:45,8758,285227,319955,12451758730,2,0,87580
l2205,20220218,20220218,133245000,13:32:45,8759,285229,319953,12451846310,2,-2,87580
l2205,20220218,20220218,133245500,13:32:45,8758,285242,319950,12452415605,13,-3,569295
l2205,20220218,20220218,133246000,13:32:47,8758,285297,319906,12454824320,55,-44,2408715
l2205,20220218,20220218,133246500,13:32:47,8758,285302,319911,12455043250,5,5,218930
l2205,20220218,20220218,133247000,13:32:47,8758,285312,319913,12455481140,10,2,437890
l2205,20220218,20220218,133247500,13:32:48,8758,285314,319911,12455568720,2,-2,87580
l2205,20220218,20220218,133248000,13:32:48,8758,285314,319911,12455568720,0,0,0
l2205,20220218,20220218,133248500,13:32:49,8758,285325,319912,12456050410,11,1,481690
l2205,20220218,20220218,133249000,13:32:49,8758,285325,319912,12456050410,0,0,0
l2205,20220218,20220218,133249500,13:32:50,8757,285328,319911,12456181770,3,-1,131360
l2205,20220218,20220218,133250000,13:32:50,8757,285341,319914,12456750975,13,3,569205
l2205,20220218,20220218,133250500,13:32:52,8757,285351,319924,12457188825,10,10,437850
l2205,20220218,20220218,133251000,13:32:52,8756,285357,319923,12457451520,6,-1,262695
l2205,20220218,20220218,133251500,13:32:53,8756,285363,319921,12457714205,6,-2,262685
l2205,20220218,20220218,133252500,13:32:53,8755,285412,319938,12459859235,49,17,2145030
l2205,20220218,20220218,133253000,13:32:53,8755,285415,319940,12459990560,3,2,131325
l2205,20220218,20220218,133253500,13:32:54,8755,285427,319949,12460515860,12,9,525300
l2205,20220218,20220218,133254000,13:32:54,8754,285443,319946,12461216205,16,-3,700345
l2205,20220218,20220218,133254500,13:32:55,8754,285445,319945,12461303745,2,-1,87540
l2205,20220218,20220218,133255000,13:32:55,8754,285450,319945,12461522605,5,0,218860
l2205,20220218,20220218,133255500,13:32:55,8754,285487,319959,12463142255,37,14,1619650
l2205,20220218,20220218,133256000,13:32:56,8755,285508,319941,12464061485,21,-18,919230
l2205,20220218,20220218,133256500,13:32:57,8756,285520,319941,12464586840,12,0,525355
l2205,20220218,20220218,133257000,13:32:59,8755,285529,319937,12464980815,9,-4,393975
l2205,20220218,20220218,133257500,13:33:00,8755,285532,319940,12465112140,3,3,131325
l2205,20220218,20220218,133258000,13:33:00,8755,285532,319940,12465112140,0,0,0
l2205,20220218,20220218,133258500,13:33:00,8756,285534,319942,12465199700,2,2,87560
l2205,20220218,20220218,133259500,13:33:01,8755,285598,319973,12468001605,64,31,2801905
l2205,20220218,20220218,133300000,13:33:01,8756,285599,319973,12468045385,1,0,43780
l2205,20220218,20220218,133300500,13:33:01,8756,285603,319974,12468220505,4,1,175120
l2205,20220218,20220218,133301000,13:33:02,8757,285617,319975,12468833495,14,1,612990
l2205,20220218,20220218,133301500,13:33:02,8758,285622,319980,12469052440,5,5,218945
l2205,20220218,20220218,133302000,13:33:02,8758,285643,319979,12469972045,21,-1,919605
l2205,20220218,20220218,133302500,13:33:03,8757,285649,319984,12470234765,6,5,262720
l2205,20220218,20220218,133303000,13:33:03,8757,285658,319984,12470628830,9,0,394065
l2205,20220218,20220218,133303500,13:33:04,8758,285692,319990,12472117695,34,6,1488865
l2205,20220218,20220218,133304000,13:33:04,8758,285704,319987,12472643175,12,-3,525480
l2205,20220218,20220218,133304500,13:33:05,8757,285710,319989,12472905920,6,2,262745
l2205,20220218,20220218,133305000,13:33:05,8757,285710,319989,12472905920,0,0,0
l2205,20220218,20220218,133305500,13:33:05,8758,285716,319985,12473168665,6,-4,262745
l2205,20220218,20220218,133306000,13:33:06,8758,285723,319983,12473475195,7,-2,306530
l2205,20220218,20220218,133306500,13:33:06,8757,285739,319983,12474175755,16,0,700560
l2205,20220218,20220218,133307000,13:33:07,8757,285743,319983,12474350895,4,0,175140
l2205,20220218,20220218,133307500,13:33:08,8757,285743,319983,12474350895,0,0,0
l2205,20220218,20220218,133308000,13:33:08,8757,285746,319983,12474482250,3,0,131355
l2205,20220218,20220218,133308500,13:33:09,8757,285783,319998,12476102155,37,15,1619905
l2205,20220218,20220218,133309000,13:33:09,8755,285795,319994,12476627470,12,-4,525315
l2205,20220218,20220218,133309500,13:33:10,8757,285797,319994,12476715040,2,0,87570
l2205,20220218,20220218,133310000,13:33:11,8757,285802,319996,12476933965,5,2,218925
l2205,20220218,20220218,133310500,13:33:12,8757,285806,319996,12477109105,4,0,175140
l2205,20220218,20220218,133311000,13:33:13,8757,285808,319995,12477196675,2,-1,87570
l2205,20220218,20220218,133311500,13:33:14,8757,285808,319995,12477196675,0,0,0
l2205,20220218,20220218,133312000,13:33:14,8757,285808,319995,12477196675,0,0,0
l2205,20220218,20220218,133313500,13:33:15,8757,285808,319995,12477196675,0,0,0
l2205,20220218,20220218,133314000,13:33:17,8757,285834,320008,12478335085,26,13,1138410
l2205,20220218,20220218,133314500,13:33:17,8757,285851,320023,12479079460,17,15,744375
l2205,20220218,20220218,133315000,13:33:18,8757,285851,320023,12479079460,0,0,0
l2205,20220218,20220218,133315500,13:33:18,8758,285862,320031,12479561150,11,8,481690
l2205,20220218,20220218,133317000,13:33:18,8759,285898,320048,12481137770,36,17,1576620
l2205,20220218,20220218,133317500,13:33:19,8759,285898,320048,12481137770,0,0,0
l2205,20220218,20220218,133318000,13:33:19,8759,285898,320048,12481137770,0,0,0
l2205,20220218,20220218,133318500,13:33:19,8759,285906,320044,12481488135,8,-4,350365
l2205,20220218,20220218,133319000,13:33:20,8759,285917,320053,12481969830,11,9,481695
l2205,20220218,20220218,133319500,13:33:20,8758,285925,320052,12482320180,8,-1,350350
l2205,20220218,20220218,133320000,13:33:21,8758,285937,320042,12482845670,12,-10,525490
l2205,20220218,20220218,133320500,13:33:22,8759,285943,320037,12483108415,6,-5,262745
l2205,20220218,20220218,133321000,13:33:22,8759,285944,320036,12483152210,1,-1,43795
l2205,20220218,20220218,133321500,13:33:22,8759,285944,320036,12483152210,0,0,0
l2205,20220218,20220218,133322000,13:33:22,8758,285954,320032,12483590155,10,-4,437945
l2205,20220218,20220218,133322500,13:33:22,8758,285967,320037,12484159430,13,5,569275
l2205,20220218,20220218,133323000,13:33:23,8759,285979,320036,12484684955,12,-1,525525
l2205,20220218,20220218,133323500,13:33:24,8759,285984,320034,12484903910,5,-2,218955
l2205,20220218,20220218,133324000,13:33:24,8757,286013,320016,12486173630,29,-18,1269720
l2205,20220218,20220218,133324500,13:33:25,8757,286049,320042,12487749605,36,26,1575975
l2205,20220218,20220218,133325000,13:33:26,8757,286051,320042,12487837170,2,0,87565
l2205,20220218,20220218,133325500,13:33:26,8757,286055,320044,12488012285,4,2,175115
l2205,20220218,20220218,133326000,13:33:28,8755,286080,320061,12489106870,25,17,1094585
l2205,20220218,20220218,133326500,13:33:29,8757,286083,320060,12489238225,3,-1,131355
l2205,20220218,20220218,133327000,13:33:29,8757,286084,320060,12489282010,1,0,43785
l2205,20220218,20220218,133327500,13:33:30,8757,286085,320060,12489325795,1,0,43785
l2205,20220218,20220218,133328500,13:33:30,8757,286089,320060,12489500925,4,0,175130
l2205,20220218,20220218,133329000,13:33:30,8757,286089,320060,12489500925,0,0,0
l2205,20220218,20220218,133329500,13:33:30,8757,286090,320060,12489544710,1,0,43785
l2205,20220218,20220218,133330000,13:33:30,8757,286090,320060,12489544710,0,0,0
l2205,20220218,20220218,133330500,13:33:31,8757,286097,320062,12489851175,7,2,306465
l2205,20220218,20220218,133331000,13:33:32,8756,286099,320063,12489938735,2,1,87560
l2205,20220218,20220218,133331500,13:33:32,8757,286101,320063,12490026300,2,0,87565
l2205,20220218,20220218,133332000,13:33:32,8756,286102,320062,12490070080,1,-1,43780
l2205,20220218,20220218,133332500,13:33:32,8756,286102,320062,12490070080,0,0,0
l2205,20220218,20220218,133333000,13:33:33,8756,286105,320061,12490201420,3,-1,131340
l2205,20220218,20220218,133333500,13:33:33,8756,286113,320058,12490551685,8,-3,350265
l2205,20220218,20220218,133334000,13:33:34,8756,286113,320058,12490551685,0,0,0
l2205,20220218,20220218,133334500,13:33:34,8756,286121,320055,12490901960,8,-3,350275
l2205,20220218,20220218,133335000,13:33:35,8758,286123,320056,12490989535,2,1,87575
l2205,20220218,20220218,133335500,13:33:35,8758,286123,320056,12490989535,0,0,0
l2205,20220218,20220218,133336000,13:33:36,8758,286126,320056,12491120895,3,0,131360
l2205,20220218,20220218,133337000,13:33:37,8758,286131,320054,12491339830,5,-2,218935
l2205,20220218,20220218,133337500,13:33:37,8758,286133,320055,12491427410,2,1,87580
l2205,20220218,20220218,133338000,13:33:38,8758,286134,320054,12491471200,1,-1,43790
l2205,20220218,20220218,133338500,13:33:39,8759,286160,320064,12492609870,26,10,1138670
l2205,20220218,20220218,133339000,13:33:39,8759,286161,320064,12492653665,1,0,43795
l2205,20220218,20220218,133339500,13:33:40,8759,286167,320063,12492916430,6,-1,262765
l2205,20220218,20220218,133340000,13:33:40,8759,286167,320063,12492916430,0,0,0
l2205,20220218,20220218,133340500,13:33:41,8758,286168,320063,12492960220,1,0,43790
l2205,20220218,20220218,133341000,13:33:41,8759,286170,320063,12493047810,2,0,87590
l2205,20220218,20220218,133341500,13:33:42,8759,286178,320067,12493398200,8,4,350390
l2205,20220218,20220218,133342000,13:33:42,8760,286207,320096,12494668400,29,29,1270200
l2205,20220218,20220218,133342500,13:33:42,8760,286253,320127,12496683200,46,31,2014800
l2205,20220218,20220218,133343000,13:33:43,8760,286259,320128,12496946000,6,1,262800
l2205,20220218,20220218,133343500,13:33:44,8761,286270,320126,12497427805,11,-2,481805
l2205,20220218,20220218,133344000,13:33:45,8760,286276,320130,12497690630,6,4,262825
l2205,20220218,20220218,133344500,13:33:45,8760,286276,320130,12497690630,0,0,0
l2205,20220218,20220218,133345000,13:33:45,8760,286276,320130,12497690630,0,0,0
l2205,20220218,20220218,133345500,13:33:46,8761,286278,320131,12497778240,2,1,87610
l2205,20220218,20220218,133346000,13:33:47,8761,286300,320140,12498741935,22,9,963695
l2205,20220218,20220218,133346500,13:33:48,8760,286316,320125,12499442800,16,-15,700865
l2205,20220218,20220218,133347000,13:33:48,8761,286317,320126,12499486605,1,1,43805
l2205,20220218,20220218,133347500,13:33:49,8760,286328,320125,12499968415,11,-1,481810
l2205,20220218,20220218,133348000,13:33:49,8760,286330,320124,12500056015,2,-1,87600
l2205,20220218,20220218,133348500,13:33:49,8760,286330,320124,12500056015,0,0,0
l2205,20220218,20220218,133349000,13:33:50,8760,286331,320124,12500099815,1,0,43800
l2205,20220218,20220218,133350000,13:33:50,8761,286333,320124,12500187425,2,0,87610
l2205,20220218,20220218,133350500,13:33:50,8761,286333,320124,12500187425,0,0,0
l2205,20220218,20220218,133351500,13:33:52,8761,286355,320117,12501151085,22,-7,963660
l2205,20220218,20220218,133352000,13:33:52,8761,286355,320117,12501151085,0,0,0
l2205,20220218,20220218,133352500,13:33:52,8758,286428,320131,12504347845,73,14,3196760
l2205,20220218,20220218,133353000,13:33:53,8758,286431,320128,12504479215,3,-3,131370
l2205,20220218,20220218,133353500,13:33:53,8758,286433,320130,12504566795,2,2,87580
l2205,20220218,20220218,133354000,13:33:54,8758,286440,320130,12504873350,7,0,306555
l2205,20220218,20220218,133354500,13:33:54,8758,286442,320130,12504960930,2,0,87580
l2205,20220218,20220218,133355000,13:33:56,8758,286443,320129,12505004720,1,-1,43790
l2205,20220218,20220218,133355500,13:33:56,8758,286444,320130,12505048510,1,1,43790
l2205,20220218,20220218,133356000,13:33:56,8758,286449,320132,12505267460,5,2,218950
l2205,20220218,20220218,133356500,13:33:57,8757,286453,320133,12505442610,4,1,175150
l2205,20220218,20220218,133357000,13:33:57,8757,286454,320133,12505486395,1,0,43785
l2205,20220218,20220218,133357500,13:33:58,8758,286455,320134,12505530185,1,1,43790
l2205,20220218,20220218,133358000,13:33:58,8758,286455,320134,12505530185,0,0,0
l2205,20220218,20220218,133358500,13:33:58,8759,286458,320134,12505661560,3,0,131375
l2205,20220218,20220218,133359000,13:33:59,8759,286459,320135,12505705355,1,1,43795
l2205,20220218,20220218,133359500,13:33:59,8759,286459,320135,12505705355,0,0,0
l2205,20220218,20220218,133400500,13:34:00,8759,286469,320142,12506143305,10,7,437950
l2205,20220218,20220218,133401000,13:34:01,8759,286469,320142,12506143305,0,0,0
l2205,20220218,20220218,133401500,13:34:02,8760,286470,320142,12506187105,1,0,43800
l2205,20220218,20220218,133402000,13:34:02,8760,286470,320142,12506187105,0,0,0
l2205,20220218,20220218,133402500,13:34:10,8760,286475,320142,12506406100,5,0,218995
l2205,20220218,20220218,133403000,13:34:10,8760,286477,320141,12506493700,2,-1,87600
l2205,20220218,20220218,133403500,13:34:11,8760,286484,320142,12506800330,7,1,306630
l2205,20220218,20220218,133410000,13:34:12,8763,286563,320128,12510261220,79,-14,3460890
l2205,20220218,20220218,133410500,13:34:12,8762,286570,320125,12510567920,7,-3,306700
l2205,20220218,20220218,133411000,13:34:12,8764,286575,320126,12510787010,5,1,219090
l2205,20220218,20220218,133411500,13:34:12,8764,286575,320126,12510787010,0,0,0
l2205,20220218,20220218,133412000,13:34:12,8764,286575,320126,12510787010,0,0,0
l2205,20220218,20220218,133412500,13:34:13,8763,286577,320126,12510874635,2,0,87625
l2205,20220218,20220218,133413000,13:34:13,8763,286580,320129,12511006080,3,3,131445
l2205,20220218,20220218,133413500,13:34:14,8763,286581,320129,12511049895,1,0,43815
l2205,20220218,20220218,133414000,13:34:14,8761,286609,320114,12512276505,28,-15,1226610
l2205,20220218,20220218,133414500,13:34:15,8764,286643,320122,12513766255,34,8,1489750
l2205,20220218,20220218,133415000,13:34:15,8765,286664,320109,12514686505,21,-13,920250
l2205,20220218,20220218,133415500,13:34:16,8765,286664,320109,12514686505,0,0,0
l2205,20220218,20220218,133416000,13:34:16,8765,286681,320103,12515431530,17,-6,745025
l2205,20220218,20220218,133416500,13:34:17,8765,286720,320091,12517140465,39,-12,1708935
l2205,20220218,20220218,133417000,13:34:17,8765,286728,320086,12517491030,8,-5,350565
l2205,20220218,20220218,133417500,13:34:17,8763,286733,320082,12517710120,5,-4,219090
l2205,20220218,20220218,133418000,13:34:18,8763,286744,320071,12518192115,11,-11,481995
l2205,20220218,20220218,133418500,13:34:19,8764,286746,320071,12518279755,2,0,87640
l2205,20220218,20220218,133419000,13:34:19,8765,286747,320071,12518323580,1,0,43825
l2205,20220218,20220218,133419500,13:34:20,8763,286753,320065,12518586470,6,-6,262890
l2205,20220218,20220218,133420000,13:34:20,8765,286759,320060,12518849420,6,-5,262950
l2205,20220218,20220218,133420500,13:34:23,8763,286771,320052,12519375220,12,-8,525800
l2205,20220218,20220218,133421000,13:34:23,8763,286812,320017,12521171635,41,-35,1796415
l2205,20220218,20220218,133421500,13:34:23,8763,286816,320018,12521346895,4,1,175260
l2205,20220218,20220218,133423000,13:34:24,8763,286816,320018,12521346895,0,0,0
l2205,20220218,20220218,133423500,13:34:24,8762,286853,320009,12522967805,37,-9,1620910
l2205,20220218,20220218,133424000,13:34:24,8764,286865,320016,12523493605,12,7,525800
l2205,20220218,20220218,133424500,13:34:24,8763,286868,320016,12523625050,3,0,131445
l2205,20220218,20220218,133425000,13:34:25,8763,286868,320016,12523625050,0,0,0
l2205,20220218,20220218,133426000,13:34:26,8762,286887,320020,12524457530,19,4,832480
l2205,20220218,20220218,133426500,13:34:26,8762,286897,320023,12524895655,10,3,438125
l2205,20220218,20220218,133427000,13:34:27,8762,286897,320023,12524895655,0,0,0
l2205,20220218,20220218,133428000,13:34:28,8761,286914,320017,12525640400,17,-6,744745
l2205,20220218,20220218,133428500,13:34:29,8761,286914,320017,12525640400,0,0,0
l2205,20220218,20220218,133429000,13:34:29,8761,286926,320005,12526166060,12,-12,525660
l2205,20220218,20220218,133429500,13:34:29,8761,287012,320017,12529933350,86,12,3767290
l2205,20220218,20220218,133430000,13:34:30,8762,287013,320016,12529977160,1,-1,43810
l2205,20220218,20220218,133430500,13:34:30,8761,287028,320014,12530634255,15,-2,657095
l2205,20220218,20220218,133431000,13:34:31,8761,287028,320014,12530634255,0,0,0
l2205,20220218,20220218,133431500,13:34:31,8761,287033,320013,12530853280,5,-1,219025
l2205,20220218,20220218,133432000,13:34:32,8761,287042,320012,12531247525,9,-1,394245
l2205,20220218,20220218,133432500,13:34:32,8760,287051,320005,12531641740,9,-7,394215
l2205,20220218,20220218,133433000,13:34:33,8759,287065,319995,12532254920,14,-10,613180
l2205,20220218,20220218,133433500,13:34:34,8759,287065,319995,12532254920,0,0,0
l2205,20220218,20220218,133434000,13:34:34,8761,287069,319996,12532430140,4,1,175220
l2205,20220218,20220218,133434500,13:34:35,8759,287093,319984,12533481290,24,-12,1051150
l2205,20220218,20220218,133435000,13:34:35,8759,287101,319982,12533831685,8,-2,350395
l2205,20220218,20220218,133435500,13:34:36,8759,287116,319978,12534488620,15,-4,656935
l2205,20220218,20220218,133436000,13:34:36,8760,287129,319969,12535057965,13,-9,569345
l2205,20220218,20220218,133436500,13:34:36,8758,287151,319969,12536021370,22,0,963405
l2205,20220218,20220218,133437000,13:34:37,8759,287168,319983,12536765885,17,14,744515
l2205,20220218,20220218,133437500,13:34:38,8758,287184,319976,12537466600,16,-7,700715
l2205,20220218,20220218,133438000,13:34:38,8760,287196,319969,12537992200,12,-7,525600
l2205,20220218,20220218,133438500,13:34:38,8760,287196,319969,12537992200,0,0,0
l2205,20220218,20220218,133439000,13:34:39,8760,287200,319969,12538167400,4,0,175200
l2205,20220218,20220218,133439500,13:34:39,8759,287236,319967,12539744240,36,-2,1576840
l2205,20220218,20220218,133440000,13:34:40,8760,287240,319965,12539919450,4,-2,175210
l2205,20220218,20220218,133440500,13:34:41,8761,287248,319965,12540269890,8,0,350440
l2205,20220218,20220218,133441000,13:34:41,8762,287260,319959,12540795600,12,-6,525710
l2205,20220218,20220218,133441500,13:34:43,8761,287270,319960,12541233695,10,1,438095
