l2207,20220218,20220218,112004500,11:20:09,0,0,0,0,0,0,0
l2207,20220218,20220218,112002700,11:20:09,8712,14491,58402,629814220,14491,58402,629814220
l2207,20220218,20220218,112005500,11:20:10,8712,14491,58402,629814220,0,0,0
l2207,20220218,20220218,112007500,11:20:10,8712,14491,58402,629814220,0,0,0
l2207,20220218,20220218,112008000,11:20:10,8712,14491,58402,629814220,0,0,0
l2207,20220218,20220218,112010000,11:20:10,8712,14491,58402,629814220,0,0,0
l2207,20220218,20220218,112011000,11:20:11,8712,14491,58402,629814220,0,0,0
l2207,20220218,20220218,112011500,11:20:12,8712,14491,58402,629814220,0,0,0
l2207,20220218,20220218,112012000,11:20:12,8712,14491,58402,629814220,0,0,0
l2207,20220218,20220218,112012500,11:20:12,8712,14491,58402,629814220,0,0,0
l2207,20220218,20220218,112013000,11:20:13,8712,14491,58402,629814220,0,0,0
l2207,20220218,20220218,112013500,11:20:13,8712,14491,58402,629814220,0,0,0
l2207,20220218,20220218,112014000,11:20:14,8712,14491,58402,629814220,0,0,0
l2207,20220218,20220218,112014500,11:20:14,8712,14491,58402,629814220,0,0,0
l2207,20220218,20220218,112015000,11:20:15,8712,14491,58402,629814220,0,0,0
l2207,20220218,20220218,112015500,11:20:16,8712,14491,58402,629814220,0,0,0
l2207,20220218,20220218,112016000,11:20:16,8712,14491,58402,629814220,0,0,0
l2207,20220218,20220218,112017000,11:20:17,8712,14491,58402,629814220,0,0,0
l2207,20220218,20220218,112017500,11:20:17,8712,14491,58402,629814220,0,0,0
l2207,20220218,20220218,112018000,11:20:18,8712,14491,58402,629814220,0,0,0
l2207,20220218,20220218,112018500,11:20:18,8712,14491,58402,629814220,0,0,0
l2207,20220218,20220218,112019000,11:20:19,8712,14491,58402,629814220,0,0,0
l2207,20220218,20220218,112020000,11:20:20,8712,14491,58402,629814220,0,0,0
l2207,20220218,20220218,112020500,11:20:21,8712,14491,58402,629814220,0,0,0
l2207,20220218,20220218,112021000,11:20:21,8712,14491,58402,629814220,0,0,0
l2207,20220218,20220218,112021500,11:20:21,8712,14491,58402,629814220,0,0,0
l2207,20220218,20220218,112024000,11:20:24,8712,14491,58402,629814220,0,0,0
l2207,20220218,20220218,112024500,11:20:24,8712,14491,58402,629814220,0,0,0
l2207,20220218,20220218,112025000,11:20:25,8712,14491,58402,629814220,0,0,0
l2207,20220218,20220218,112025500,11:20:25,8712,14491,58402,629814220,0,0,0
l2207,20220218,20220218,112026000,11:20:26,8712,14491,58402,629814220,0,0,0
l2207,20220218,20220218,112026500,11:20:26,8712,14491,58402,629814220,0,0,0
l2207,20220218,20220218,112027000,11:20:27,8712,14491,58402,629814220,0,0,0
l2207,20220218,20220218,112027500,11:20:28,8712,14491,58402,629814220,0,0,0
l2207,20220218,20220218,112028000,11:20:28,8712,14491,58402,629814220,0,0,0
l2207,20220218,20220218,112028500,11:20:28,8712,14491,58402,629814220,0,0,0
l2207,20220218,20220218,112029000,11:20:29,8712,14491,58402,629814220,0,0,0
l2207,20220218,20220218,112029500,11:20:31,8712,14491,58402,629814220,0,0,0
l2207,20220218,20220218,112030500,11:20:31,8712,14491,58402,629814220,0,0,0
l2207,20220218,20220218,112031000,11:20:32,8714,14511,58414,630685630,20,12,871410
l2207,20220218,20220218,112031500,11:20:32,8713,14528,58417,631426260,17,3,740630
l2207,20220218,20220218,112032000,11:20:32,8713,14528,58417,631426260,0,0,0
l2207,20220218,20220218,112032500,11:20:32,8713,14528,58417,631426260,0,0,0
l2207,20220218,20220218,112033000,11:20:33,8713,14528,58417,631426260,0,0,0
l2207,20220218,20220218,112033500,11:20:33,8713,14528,58417,631426260,0,0,0
l2207,20220218,20220218,112035500,11:20:35,8713,14528,58417,631426260,0,0,0
l2207,20220218,20220218,112036000,11:20:36,8713,14528,58417,631426260,0,0,0
l2207,20220218,20220218,112036500,11:20:37,8713,14528,58417,631426260,0,0,0
l2207,20220218,20220218,112040000,11:20:40,8713,14528,58417,631426260,0,0,0
l2207,20220218,20220218,112040500,11:20:41,8713,14528,58417,631426260,0,0,0
l2207,20220218,20220218,112045500,11:20:46,8713,14528,58417,631426260,0,0,0
l2207,20220218,20220218,112046000,11:20:46,8713,14528,58417,631426260,0,0,0
l2207,20220218,20220218,112046500,11:20:46,8713,14528,58417,631426260,0,0,0
l2207,20220218,20220218,112047500,11:20:48,8713,14528,58417,631426260,0,0,0
l2207,20220218,20220218,112048000,11:20:48,8713,14528,58417,631426260,0,0,0
l2207,20220218,20220218,112049500,11:20:50,8713,14528,58417,631426260,0,0,0
l2207,20220218,20220218,112050500,11:20:51,8713,14528,58417,631426260,0,0,0
l2207,20220218,20220218,112051000,11:20:51,8713,14528,58417,631426260,0,0,0
l2207,20220218,20220218,112051500,11:20:52,8713,14528,58417,631426260,0,0,0
l2207,20220218,20220218,112052000,11:20:53,8715,14532,58420,631600560,4,3,174300
l2207,20220218,20220218,112052500,11:20:53,8715,14532,58420,631600560,0,0,0
l2207,20220218,20220218,112053000,11:20:53,8715,14532,58420,631600560,0,0,0
l2207,20220218,20220218,112053500,11:20:53,8715,14532,58420,631600560,0,0,0
l2207,20220218,20220218,112056000,11:20:56,8715,14532,58420,631600560,0,0,0
l2207,20220218,20220218,112058000,11:20:59,8715,14532,58420,631600560,0,0,0
l2207,20220218,20220218,112058500,11:20:59,8715,14532,58420,631600560,0,0,0
l2207,20220218,20220218,112059000,11:21:00,8715,14532,58420,631600560,0,0,0
l2207,20220218,20220218,112100000,11:21:00,8715,14532,58420,631600560,0,0,0
l2207,20220218,20220218,112102500,11:21:03,8715,14532,58420,631600560,0,0,0
l2207,20220218,20220218,112103500,11:21:04,8715,14532,58420,631600560,0,0,0
l2207,20220218,20220218,112104000,11:21:04,8716,14536,58424,631774880,4,4,174320
l2207,20220218,20220218,112104500,11:21:05,8716,14536,58424,631774880,0,0,0
l2207,20220218,20220218,112105000,11:21:06,8716,14536,58424,631774880,0,0,0
l2207,20220218,20220218,112105500,11:21:07,8716,14536,58424,631774880,0,0,0
l2207,20220218,20220218,112106000,11:21:07,8716,14536,58424,631774880,0,0,0
l2207,20220218,20220218,112106500,11:21:09,8716,14536,58424,631774880,0,0,0
l2207,20220218,20220218,112107000,11:21:09,8718,14538,58422,631862060,2,-2,87180
l2207,20220218,20220218,112107500,11:21:10,8718,14538,58422,631862060,0,0,0
l2207,20220218,20220218,112110000,11:21:10,8718,14538,58422,631862060,0,0,0
l2207,20220218,20220218,112110500,11:21:11,8718,14538,58422,631862060,0,0,0
l2207,20220218,20220218,112111000,11:21:11,8718,14538,58422,631862060,0,0,0
l2207,20220218,20220218,112111500,11:21:12,8718,14538,58422,631862060,0,0,0
l2207,20220218,20220218,112112000,11:21:12,8718,14538,58422,631862060,0,0,0
l2207,20220218,20220218,112112500,11:21:13,8718,14538,58422,631862060,0,0,0
l2207,20220218,20220218,112113000,11:21:13,8718,14538,58422,631862060,0,0,0
l2207,20220218,20220218,112113500,11:21:13,8718,14538,58422,631862060,0,0,0
l2207,20220218,20220218,112114000,11:21:14,8718,14538,58422,631862060,0,0,0
l2207,20220218,20220218,112114500,11:21:15,8718,14538,58422,631862060,0,0,0
l2207,20220218,20220218,112115000,11:21:15,8718,14538,58422,631862060,0,0,0
l2207,20220218,20220218,112115500,11:21:15,8718,14538,58422,631862060,0,0,0
l2207,20220218,20220218,112116500,11:21:17,8718,14538,58422,631862060,0,0,0
l2207,20220218,20220218,112117000,11:21:17,8718,14538,58422,631862060,0,0,0
l2207,20220218,20220218,112117500,11:21:18,8718,14538,58422,631862060,0,0,0
l2207,20220218,20220218,112118000,11:21:18,8718,14538,58422,631862060,0,0,0
l2207,20220218,20220218,112118500,11:21:18,8718,14538,58422,631862060,0,0,0
l2207,20220218,20220218,112119000,11:21:19,8718,14538,58422,631862060,0,0,0
l2207,20220218,20220218,112119500,11:21:20,8718,14538,58422,631862060,0,0,0
l2207,20220218,20220218,112120000,11:21:20,8718,14538,58422,631862060,0,0,0
l2207,20220218,20220218,112120500,11:21:22,8718,14538,58422,631862060,0,0,0
l2207,20220218,20220218,112121000,11:21:22,8718,14538,58422,631862060,0,0,0
l2207,20220218,20220218,112121500,11:21:22,8718,14538,58422,631862060,0,0,0
l2207,20220218,20220218,112122000,11:21:22,8718,14538,58422,631862060,0,0,0
l2207,20220218,20220218,112123500,11:21:24,8718,14538,58422,631862060,0,0,0
l2207,20220218,20220218,112124000,11:21:24,8718,14538,58422,631862060,0,0,0
l2207,20220218,20220218,112332500,11:23:33,8718,14538,58422,631862060,0,0,0
l2207,20220218,20220218,112333000,11:23:33,8718,14538,58422,631862060,0,0,0
l2207,20220218,20220218,112340500,11:23:40,8718,14538,58422,631862060,0,0,0
l2207,20220218,20220218,112341000,11:23:41,8718,14538,58422,631862060,0,0,0
l2207,20220218,20220218,112341500,11:23:42,8718,14538,58422,631862060,0,0,0
l2207,20220218,20220218,112342000,11:23:42,8718,14538,58422,631862060,0,0,0
l2207,20220218,20220218,112342500,11:23:43,8718,14538,58422,631862060,0,0,0
l2207,20220218,20220218,112343000,11:23:43,8718,14538,58422,631862060,0,0,0
l2207,20220218,20220218,112343500,11:23:43,8718,14538,58422,631862060,0,0,0
l2207,20220218,20220218,112344000,11:23:48,8718,14538,58422,631862060,0,0,0
l2207,20220218,20220218,112344500,11:23:48,8718,14538,58422,631862060,0,0,0
l2207,20220218,20220218,112345000,11:23:48,8718,14538,58422,631862060,0,0,0
l2207,20220218,20220218,112345500,11:23:48,8718,14538,58422,631862060,0,0,0
l2207,20220218,20220218,112348000,11:23:48,8718,14538,58422,631862060,0,0,0
l2207,20220218,20220218,112348500,11:23:49,8718,14538,58422,631862060,0,0,0
l2207,20220218,20220218,112349000,11:23:49,8718,14538,58422,631862060,0,0,0
l2207,20220218,20220218,112349500,11:23:50,8718,14538,58422,631862060,0,0,0
l2207,20220218,20220218,112350000,11:23:50,8718,14538,58422,631862060,0,0,0
l2207,20220218,20220218,112350500,11:23:50,8718,14538,58422,631862060,0,0,0
l2207,20220218,20220218,112351000,11:23:51,8718,14538,58422,631862060,0,0,0
l2207,20220218,20220218,112351500,11:23:51,8718,14538,58422,631862060,0,0,0
l2207,20220218,20220218,112354000,11:23:54,8718,14538,58422,631862060,0,0,0
l2207,20220218,20220218,112354500,11:23:55,8718,14538,58422,631862060,0,0,0
l2207,20220218,20220218,112355000,11:23:55,8718,14538,58422,631862060,0,0,0
l2207,20220218,20220218,112355500,11:23:55,8718,14538,58422,631862060,0,0,0
l2207,20220218,20220218,112356000,11:23:56,8718,14538,58422,631862060,0,0,0
l2207,20220218,20220218,112356500,11:23:56,8718,14538,58422,631862060,0,0,0
l2207,20220218,20220218,112357500,11:23:57,8718,14538,58422,631862060,0,0,0
l2207,20220218,20220218,112358000,11:23:58,8718,14538,58422,631862060,0,0,0
l2207,20220218,20220218,112358500,11:23:58,8715,14555,58430,632602925,17,8,740865
l2207,20220218,20220218,112359000,11:23:59,8715,14555,58430,632602925,0,0,0
l2207,20220218,20220218,112359500,11:23:59,8715,14555,58430,632602925,0,0,0
l2207,20220218,20220218,112400000,11:24:00,8715,14555,58430,632602925,0,0,0
l2207,20220218,20220218,112400500,11:24:00,8715,14555,58430,632602925,0,0,0
l2207,20220218,20220218,112401000,11:24:01,8715,14555,58430,632602925,0,0,0
l2207,20220218,20220218,112401500,11:24:01,8715,14555,58430,632602925,0,0,0
l2207,20220218,20220218,112402000,11:24:02,8715,14555,58430,632602925,0,0,0
l2207,20220218,20220218,112402500,11:24:02,8715,14555,58430,632602925,0,0,0
l2207,20220218,20220218,112403000,11:24:03,8715,14555,58430,632602925,0,0,0
l2207,20220218,20220218,112403500,11:24:04,8715,14555,58430,632602925,0,0,0
l2207,20220218,20220218,112404000,11:24:04,8715,14555,58430,632602925,0,0,0
l2207,20220218,20220218,112404500,11:24:04,8715,14555,58430,632602925,0,0,0
l2207,20220218,20220218,112405000,11:24:05,8715,14555,58430,632602925,0,0,0
l2207,20220218,20220218,112405500,11:24:05,8715,14555,58430,632602925,0,0,0
l2207,20220218,20220218,112406000,11:24:06,8715,14555,58430,632602925,0,0,0
l2207,20220218,20220218,112406500,11:24:06,8715,14555,58430,632602925,0,0,0
l2207,20220218,20220218,112407000,11:24:07,8715,14555,58430,632602925,0,0,0
l2207,20220218,20220218,112407500,11:24:08,8715,14555,58430,632602925,0,0,0
l2207,20220218,20220218,112408000,11:24:08,8715,14555,58430,632602925,0,0,0
l2207,20220218,20220218,112408500,11:24:08,8715,14555,58430,632602925,0,0,0
l2207,20220218,20220218,112409000,11:24:11,8715,14555,58430,632602925,0,0,0
l2207,20220218,20220218,112409500,11:24:11,8714,14568,58431,633169390,13,1,566465
l2207,20220218,20220218,112410000,11:24:12,8714,14570,58432,633256530,2,1,87140
l2207,20220218,20220218,112411000,11:24:12,8714,14570,58432,633256530,0,0,0
l2207,20220218,20220218,112412500,11:24:13,8714,14570,58432,633256530,0,0,0
l2207,20220218,20220218,112413000,11:24:13,8714,14570,58432,633256530,0,0,0
l2207,20220218,20220218,112413500,11:24:14,8714,14570,58432,633256530,0,0,0
l2207,20220218,20220218,112414000,11:24:14,8714,14570,58432,633256530,0,0,0
l2207,20220218,20220218,112414500,11:24:15,8714,14570,58432,633256530,0,0,0
l2207,20220218,20220218,112415000,11:24:15,8714,14570,58432,633256530,0,0,0
l2207,20220218,20220218,112416000,11:24:16,8714,14570,58432,633256530,0,0,0
l2207,20220218,20220218,112416500,11:24:17,8714,14570,58432,633256530,0,0,0
l2207,20220218,20220218,112417000,11:24:17,8714,14570,58432,633256530,0,0,0
l2207,20220218,20220218,112417500,11:24:18,8714,14570,58432,633256530,0,0,0
l2207,20220218,20220218,112418000,11:24:18,8714,14570,58432,633256530,0,0,0
l2207,20220218,20220218,112422500,11:24:23,8714,14570,58432,633256530,0,0,0
l2207,20220218,20220218,112423000,11:24:23,8714,14570,58432,633256530,0,0,0
l2207,20220218,20220218,112423500,11:24:24,8714,14570,58432,633256530,0,0,0
l2207,20220218,20220218,112424500,11:24:24,8714,14570,58432,633256530,0,0,0
l2207,20220218,20220218,112425000,11:24:25,8714,14570,58432,633256530,0,0,0
l2207,20220218,20220218,112425500,11:24:25,8714,14570,58432,633256530,0,0,0
l2207,20220218,20220218,112426000,11:24:26,8714,14570,58432,633256530,0,0,0
l2207,20220218,20220218,112426500,11:24:26,8714,14570,58432,633256530,0,0,0
l2207,20220218,20220218,112427500,11:24:28,8714,14570,58432,633256530,0,0,0
l2207,20220218,20220218,112428000,11:24:28,8714,14570,58432,633256530,0,0,0
l2207,20220218,20220218,112428500,11:24:28,8714,14570,58432,633256530,0,0,0
l2207,20220218,20220218,112429000,11:24:29,8714,14570,58432,633256530,0,0,0
l2207,20220218,20220218,112429500,11:24:29,8714,14570,58432,633256530,0,0,0
l2207,20220218,20220218,112430500,11:24:30,8714,14570,58432,633256530,0,0,0
l2207,20220218,20220218,112431000,11:24:31,8714,14570,58432,633256530,0,0,0
l2207,20220218,20220218,112431500,11:24:31,8714,14570,58432,633256530,0,0,0
l2207,20220218,20220218,112432000,11:24:32,8714,14570,58432,633256530,0,0,0
l2207,20220218,20220218,112432500,11:24:32,8714,14570,58432,633256530,0,0,0
l2207,20220218,20220218,112433000,11:24:33,8714,14570,58432,633256530,0,0,0
l2207,20220218,20220218,112433500,11:24:33,8714,14570,58432,633256530,0,0,0
l2207,20220218,20220218,112434000,11:24:34,8714,14570,58432,633256530,0,0,0
l2207,20220218,20220218,112434500,11:24:34,8714,14570,58432,633256530,0,0,0
l2207,20220218,20220218,112435000,11:24:35,8714,14570,58432,633256530,0,0,0
l2207,20220218,20220218,112435500,11:24:35,8714,14570,58432,633256530,0,0,0
l2207,20220218,20220218,112436000,11:24:36,8714,14570,58432,633256530,0,0,0
l2207,20220218,20220218,112436500,11:24:36,8714,14570,58432,633256530,0,0,0
l2207,20220218,20220218,112437000,11:24:37,8714,14570,58432,633256530,0,0,0
l2207,20220218,20220218,112437500,11:24:39,8714,14570,58432,633256530,0,0,0
l2207,20220218,20220218,112439500,11:24:40,8714,14570,58432,633256530,0,0,0
l2207,20220218,20220218,112441000,11:24:41,8714,14570,58432,633256530,0,0,0
l2207,20220218,20220218,112442500,11:24:42,8714,14570,58432,633256530,0,0,0
l2207,20220218,20220218,112443000,11:24:43,8714,14570,58432,633256530,0,0,0
l2207,20220218,20220218,112443500,11:24:43,8714,14570,58432,633256530,0,0,0
l2207,20220218,20220218,112444000,11:24:44,8714,14570,58432,633256530,0,0,0
l2207,20220218,20220218,112444500,11:24:44,8714,14570,58432,633256530,0,0,0
l2207,20220218,20220218,112445000,11:24:45,8714,14570,58432,633256530,0,0,0
l2207,20220218,20220218,112445500,11:24:45,8714,14570,58432,633256530,0,0,0
l2207,20220218,20220218,112446000,11:24:46,8714,14570,58432,633256530,0,0,0
l2207,20220218,20220218,112446500,11:24:46,8714,14570,58432,633256530,0,0,0
l2207,20220218,20220218,112447000,11:24:47,8714,14570,58432,633256530,0,0,0
l2207,20220218,20220218,112447500,11:24:47,8714,14570,58432,633256530,0,0,0
l2207,20220218,20220218,112448000,11:24:48,8714,14570,58432,633256530,0,0,0
l2207,20220218,20220218,112448500,11:24:49,8714,14570,58432,633256530,0,0,0
l2207,20220218,20220218,112449000,11:24:49,8714,14570,58432,633256530,0,0,0
l2207,20220218,20220218,112449500,11:24:49,8714,14570,58432,633256530,0,0,0
l2207,20220218,20220218,112450000,11:24:50,8714,14570,58432,633256530,0,0,0
l2207,20220218,20220218,112450500,11:24:50,8714,14570,58432,633256530,0,0,0
l2207,20220218,20220218,112451000,11:24:51,8714,14570,58432,633256530,0,0,0
l2207,20220218,20220218,112451500,11:24:52,8714,14570,58432,633256530,0,0,0
l2207,20220218,20220218,112452000,11:24:52,8714,14570,58432,633256530,0,0,0
l2207,20220218,20220218,112452500,11:24:52,8714,14570,58432,633256530,0,0,0
l2207,20220218,20220218,112453000,11:24:53,8714,14570,58432,633256530,0,0,0
l2207,20220218,20220218,112454000,11:24:54,8714,14570,58432,633256530,0,0,0
l2207,20220218,20220218,112454500,11:24:54,8714,14570,58432,633256530,0,0,0
l2207,20220218,20220218,112455000,11:24:55,8714,14570,58432,633256530,0,0,0
l2207,20220218,20220218,112455500,11:24:56,8714,14570,58432,633256530,0,0,0
l2207,20220218,20220218,112456000,11:24:56,8714,14570,58432,633256530,0,0,0
l2207,20220218,20220218,112456500,11:24:56,8714,14570,58432,633256530,0,0,0
l2207,20220218,20220218,112457000,11:24:57,8714,14570,58432,633256530,0,0,0
l2207,20220218,20220218,112458500,11:24:58,8714,14572,58432,633343670,2,0,87140
l2207,20220218,20220218,112459000,11:24:59,8714,14572,58432,633343670,0,0,0
l2207,20220218,20220218,112459500,11:24:59,8714,14572,58432,633343670,0,0,0
l2207,20220218,20220218,112500000,11:25:00,8714,14572,58432,633343670,0,0,0
l2207,20220218,20220218,112500500,11:25:01,8714,14572,58432,633343670,0,0,0
l2207,20220218,20220218,112501000,11:25:02,8714,14572,58432,633343670,0,0,0
l2207,20220218,20220218,112501500,11:25:05,8714,14572,58432,633343670,0,0,0
l2207,20220218,20220218,112502000,11:25:05,8714,14572,58432,633343670,0,0,0
l2207,20220218,20220218,112502500,11:25:06,8714,14572,58432,633343670,0,0,0
l2207,20220218,20220218,112504500,11:25:06,8717,14616,58452,635261450,44,20,1917780
l2207,20220218,20220218,112505500,11:25:06,8717,14616,58452,635261450,0,0,0
l2207,20220218,20220218,112506000,11:25:06,8717,14616,58452,635261450,0,0,0
l2207,20220218,20220218,112506500,11:25:07,8717,14616,58452,635261450,0,0,0
l2207,20220218,20220218,112507000,11:25:07,8717,14616,58452,635261450,0,0,0
l2207,20220218,20220218,112507500,11:25:07,8717,14616,58452,635261450,0,0,0
l2207,20220218,20220218,112509000,11:25:09,8717,14620,58454,635435790,4,2,174340
l2207,20220218,20220218,112509500,11:25:09,8717,14620,58454,635435790,0,0,0
l2207,20220218,20220218,112510000,11:25:10,8717,14620,58454,635435790,0,0,0
l2207,20220218,20220218,112510500,11:25:10,8717,14620,58454,635435790,0,0,0
l2207,20220218,20220218,112511000,11:25:11,8717,14620,58454,635435790,0,0,0
l2207,20220218,20220218,112511500,11:25:11,8717,14620,58454,635435790,0,0,0
l2207,20220218,20220218,112512000,11:25:12,8717,14620,58454,635435790,0,0,0
l2207,20220218,20220218,112512500,11:25:12,8717,14620,58454,635435790,0,0,0
l2207,20220218,20220218,112513000,11:25:13,8717,14620,58454,635435790,0,0,0
l2207,20220218,20220218,112513500,11:25:15,8717,14620,58454,635435790,0,0,0
l2207,20220218,20220218,112514000,11:25:15,8717,14620,58454,635435790,0,0,0
l2207,20220218,20220218,112514500,11:25:16,8717,14620,58454,635435790,0,0,0
l2207,20220218,20220218,112515000,11:25:16,8717,14620,58454,635435790,0,0,0
l2207,20220218,20220218,112515500,11:25:16,8717,14620,58454,635435790,0,0,0
l2207,20220218,20220218,112516000,11:25:16,8717,14620,58454,635435790,0,0,0
l2207,20220218,20220218,112516500,11:25:16,8717,14620,58454,635435790,0,0,0
l2207,20220218,20220218,112517000,11:25:18,8717,14620,58454,635435790,0,0,0
l2207,20220218,20220218,112518500,11:25:19,8717,14620,58454,635435790,0,0,0
l2207,20220218,20220218,112519000,11:25:19,8717,14620,58454,635435790,0,0,0
l2207,20220218,20220218,112519500,11:25:20,8717,14620,58454,635435790,0,0,0
l2207,20220218,20220218,112520000,11:25:20,8717,14620,58454,635435790,0,0,0
l2207,20220218,20220218,112520500,11:25:21,8717,14620,58454,635435790,0,0,0
l2207,20220218,20220218,112521000,11:25:22,8717,14620,58454,635435790,0,0,0
l2207,20220218,20220218,112521500,11:25:22,8717,14620,58454,635435790,0,0,0
l2207,20220218,20220218,112522000,11:25:22,8717,14620,58454,635435790,0,0,0
l2207,20220218,20220218,112522500,11:25:23,8717,14620,58454,635435790,0,0,0
l2207,20220218,20220218,112527500,11:25:28,8717,14620,58454,635435790,0,0,0
l2207,20220218,20220218,112528000,11:25:28,8717,14620,58454,635435790,0,0,0
l2207,20220218,20220218,112528500,11:25:28,8717,14620,58454,635435790,0,0,0
l2207,20220218,20220218,112529000,11:25:29,8716,14622,58452,635522950,2,-2,87160
l2207,20220218,20220218,112529500,11:25:30,8716,14622,58452,635522950,0,0,0
l2207,20220218,20220218,112530000,11:25:31,8716,14622,58452,635522950,0,0,0
l2207,20220218,20220218,112530500,11:25:31,8716,14622,58452,635522950,0,0,0
l2207,20220218,20220218,112531000,11:25:31,8716,14622,58452,635522950,0,0,0
l2207,20220218,20220218,112531500,11:25:32,8716,14622,58452,635522950,0,0,0
l2207,20220218,20220218,112532000,11:25:32,8716,14622,58452,635522950,0,0,0
l2207,20220218,20220218,112532500,11:25:33,8716,14622,58452,635522950,0,0,0
l2207,20220218,20220218,112533000,11:25:33,8716,14622,58452,635522950,0,0,0
l2207,20220218,20220218,112533500,11:25:33,8716,14622,58452,635522950,0,0,0
l2207,20220218,20220218,112534000,11:25:34,8716,14622,58452,635522950,0,0,0
l2207,20220218,20220218,112534500,11:25:36,8716,14622,58452,635522950,0,0,0
l2207,20220218,20220218,112535000,11:25:36,8716,14622,58452,635522950,0,0,0
l2207,20220218,20220218,112536000,11:25:37,8716,14622,58452,635522950,0,0,0
l2207,20220218,20220218,112536500,11:25:37,8716,14622,58452,635522950,0,0,0
l2207,20220218,20220218,112537000,11:25:38,8716,14622,58452,635522950,0,0,0
l2207,20220218,20220218,112538500,11:25:39,8716,14622,58452,635522950,0,0,0
l2207,20220218,20220218,112539000,11:25:39,8716,14622,58452,635522950,0,0,0
l2207,20220218,20220218,112539500,11:25:40,8716,14624,58452,635610110,2,0,87160
l2207,20220218,20220218,112540000,11:25:40,8716,14624,58452,635610110,0,0,0
l2207,20220218,20220218,112540500,11:25:41,8716,14624,58452,635610110,0,0,0
l2207,20220218,20220218,112541000,11:25:41,8717,14631,58458,635915205,7,6,305095
l2207,20220218,20220218,112541500,11:25:41,8717,14633,58460,636002375,2,2,87170
l2207,20220218,20220218,112542000,11:25:42,8717,14633,58460,636002375,0,0,0
l2207,20220218,20220218,112542500,11:25:43,8717,14633,58460,636002375,0,0,0
l2207,20220218,20220218,112543000,11:25:43,8717,14633,58460,636002375,0,0,0
l2207,20220218,20220218,112543500,11:25:43,8719,14642,58463,636394720,9,3,392345
l2207,20220218,20220218,112544000,11:25:44,8719,14645,58464,636525505,3,1,130785
l2207,20220218,20220218,112544500,11:25:44,8719,14645,58464,636525505,0,0,0
l2207,20220218,20220218,112545000,11:25:45,8719,14645,58464,636525505,0,0,0
l2207,20220218,20220218,112545500,11:25:46,8719,14645,58464,636525505,0,0,0
l2207,20220218,20220218,112546000,11:25:47,8720,14646,58464,636569105,1,0,43600
l2207,20220218,20220218,112546500,11:25:47,8720,14646,58464,636569105,0,0,0
l2207,20220218,20220218,112547000,11:25:48,8720,14646,58464,636569105,0,0,0
l2207,20220218,20220218,112547500,11:25:48,8720,14646,58464,636569105,0,0,0
l2207,20220218,20220218,112548000,11:25:48,8720,14646,58464,636569105,0,0,0
l2207,20220218,20220218,112548500,11:25:48,8720,14646,58464,636569105,0,0,0
l2207,20220218,20220218,112549000,11:25:49,8720,14646,58464,636569105,0,0,0
l2207,20220218,20220218,112549500,11:25:49,8720,14646,58464,636569105,0,0,0
l2207,20220218,20220218,112550000,11:25:50,8720,14646,58464,636569105,0,0,0
l2207,20220218,20220218,112550500,11:25:51,8720,14646,58464,636569105,0,0,0
l2207,20220218,20220218,112551000,11:25:51,8721,14648,58464,636656315,2,0,87210
l2207,20220218,20220218,112551500,11:25:51,8721,14648,58464,636656315,0,0,0
l2207,20220218,20220218,112552000,11:25:52,8721,14648,58464,636656315,0,0,0
l2207,20220218,20220218,112552500,11:25:53,8721,14648,58464,636656315,0,0,0
l2207,20220218,20220218,112553000,11:25:53,8721,14648,58464,636656315,0,0,0
l2207,20220218,20220218,112553500,11:25:54,8721,14648,58464,636656315,0,0,0
l2207,20220218,20220218,112554000,11:25:54,8721,14648,58464,636656315,0,0,0
l2207,20220218,20220218,112554500,11:25:55,8721,14648,58464,636656315,0,0,0
l2207,20220218,20220218,112555000,11:25:55,8721,14648,58464,636656315,0,0,0
l2207,20220218,20220218,112555500,11:25:57,8721,14648,58464,636656315,0,0,0
l2207,20220218,20220218,112556000,11:25:57,8721,14648,58464,636656315,0,0,0
l2207,20220218,20220218,112556500,11:25:57,8721,14648,58464,636656315,0,0,0
l2207,20220218,20220218,112557000,11:25:57,8721,14648,58464,636656315,0,0,0
l2207,20220218,20220218,112557500,11:25:57,8721,14648,58464,636656315,0,0,0
l2207,20220218,20220218,112558000,11:25:59,8720,14650,58464,636743515,2,0,87200
l2207,20220218,20220218,112558500,11:25:59,8720,14652,58463,636830715,2,-1,87200
l2207,20220218,20220218,112559000,11:26:00,8720,14652,58463,636830715,0,0,0
l2207,20220218,20220218,112559500,11:26:00,8720,14652,58463,636830715,0,0,0
l2207,20220218,20220218,112600000,11:26:00,8720,14652,58463,636830715,0,0,0
l2207,20220218,20220218,112600500,11:26:01,8720,14652,58463,636830715,0,0,0
l2207,20220218,20220218,112601000,11:26:01,8720,14652,58463,636830715,0,0,0
l2207,20220218,20220218,112601500,11:26:03,8720,14652,58463,636830715,0,0,0
l2207,20220218,20220218,112602000,11:26:03,8720,14652,58463,636830715,0,0,0
l2207,20220218,20220218,112602500,11:26:03,8720,14652,58463,636830715,0,0,0
l2207,20220218,20220218,112603000,11:26:03,8720,14652,58463,636830715,0,0,0
l2207,20220218,20220218,112603500,11:26:04,8720,14652,58463,636830715,0,0,0
l2207,20220218,20220218,112604000,11:26:05,8723,14658,58465,637092405,6,2,261690
l2207,20220218,20220218,112604500,11:26:05,8723,14658,58465,637092405,0,0,0
l2207,20220218,20220218,112605000,11:26:05,8723,14658,58465,637092405,0,0,0
l2207,20220218,20220218,112605500,11:26:06,8724,14660,58465,637179645,2,0,87240
l2207,20220218,20220218,112606000,11:26:06,8724,14660,58465,637179645,0,0,0
l2207,20220218,20220218,112606500,11:26:07,8725,14661,58465,637223270,1,0,43625
l2207,20220218,20220218,112607000,11:26:09,8724,14663,58466,637310510,2,1,87240
l2207,20220218,20220218,112607500,11:26:09,8722,14675,58466,637833880,12,0,523370
l2207,20220218,20220218,112609000,11:26:10,8722,14675,58466,637833880,0,0,0
l2207,20220218,20220218,112609500,11:26:10,8723,14678,58465,637964725,3,-1,130845
l2207,20220218,20220218,112610000,11:26:10,8723,14678,58465,637964725,0,0,0
l2207,20220218,20220218,112610500,11:26:11,8723,14678,58465,637964725,0,0,0
l2207,20220218,20220218,112611000,11:26:11,8723,14678,58465,637964725,0,0,0
l2207,20220218,20220218,112612000,11:26:14,8723,14678,58465,637964725,0,0,0
l2207,20220218,20220218,112612500,11:26:15,8723,14678,58465,637964725,0,0,0
l2207,20220218,20220218,112613000,11:26:15,8723,14678,58465,637964725,0,0,0
l2207,20220218,20220218,112613500,11:26:15,8723,14678,58465,637964725,0,0,0
l2207,20220218,20220218,112614000,11:26:15,8720,14691,58464,638531525,13,-1,566800
l2207,20220218,20220218,112614500,11:26:16,8720,14691,58464,638531525,0,0,0
l2207,20220218,20220218,112615000,11:26:16,8720,14691,58464,638531525,0,0,0
l2207,20220218,20220218,112615500,11:26:16,8720,14691,58464,638531525,0,0,0
l2207,20220218,20220218,112616000,11:26:16,8720,14691,58464,638531525,0,0,0
l2207,20220218,20220218,112616500,11:26:17,8720,14691,58464,638531525,0,0,0
l2207,20220218,20220218,112617000,11:26:17,8720,14691,58464,638531525,0,0,0
l2207,20220218,20220218,112617500,11:26:17,8720,14694,58466,638662325,3,2,130800
l2207,20220218,20220218,112618000,11:26:18,8720,14694,58466,638662325,0,0,0
l2207,20220218,20220218,112618500,11:26:19,8720,14694,58466,638662325,0,0,0
l2207,20220218,20220218,112619000,11:26:19,8720,14694,58466,638662325,0,0,0
l2207,20220218,20220218,112619500,11:26:20,8720,14694,58466,638662325,0,0,0
l2207,20220218,20220218,112620000,11:26:20,8720,14694,58466,638662325,0,0,0
l2207,20220218,20220218,112620500,11:26:20,8720,14694,58466,638662325,0,0,0
l2207,20220218,20220218,112621000,11:26:21,8717,14695,58465,638705910,1,-1,43585
l2207,20220218,20220218,112621500,11:26:21,8717,14695,58465,638705910,0,0,0
l2207,20220218,20220218,112622000,11:26:22,8717,14695,58465,638705910,0,0,0
l2207,20220218,20220218,112622500,11:26:23,8717,14695,58465,638705910,0,0,0
l2207,20220218,20220218,112623000,11:26:23,8717,14695,58465,638705910,0,0,0
l2207,20220218,20220218,112623500,11:26:23,8717,14695,58465,638705910,0,0,0
l2207,20220218,20220218,112624000,11:26:24,8717,14695,58465,638705910,0,0,0
l2207,20220218,20220218,112624500,11:26:24,8717,14695,58465,638705910,0,0,0
l2207,20220218,20220218,112625000,11:26:25,8718,14697,58463,638793090,2,-2,87180
l2207,20220218,20220218,112625500,11:26:26,8718,14699,58463,638880270,2,0,87180
l2207,20220218,20220218,112626000,11:26:26,8718,14699,58463,638880270,0,0,0
l2207,20220218,20220218,112626500,11:26:27,8719,14703,58467,639054650,4,4,174380
l2207,20220218,20220218,112627000,11:26:27,8719,14706,58468,639185435,3,1,130785
l2207,20220218,20220218,112627500,11:26:27,8719,14706,58468,639185435,0,0,0
l2207,20220218,20220218,112628000,11:26:28,8719,14706,58468,639185435,0,0,0
l2207,20220218,20220218,112628500,11:26:28,8719,14706,58468,639185435,0,0,0
l2207,20220218,20220218,112629000,11:26:30,8719,14706,58468,639185435,0,0,0
l2207,20220218,20220218,112629500,11:26:31,8719,14706,58468,639185435,0,0,0
l2207,20220218,20220218,112630000,11:26:31,8719,14706,58468,639185435,0,0,0
l2207,20220218,20220218,112630500,11:26:31,8719,14706,58468,639185435,0,0,0
l2207,20220218,20220218,112631000,11:26:31,8719,14706,58468,639185435,0,0,0
l2207,20220218,20220218,112631500,11:26:32,8719,14706,58468,639185435,0,0,0
l2207,20220218,20220218,112632000,11:26:32,8719,14706,58468,639185435,0,0,0
l2207,20220218,20220218,112632500,11:26:32,8719,14706,58468,639185435,0,0,0
l2207,20220218,20220218,112633000,11:26:33,8719,14706,58468,639185435,0,0,0
l2207,20220218,20220218,112634000,11:26:35,8719,14706,58468,639185435,0,0,0
l2207,20220218,20220218,112634500,11:26:37,8720,14708,58470,639272635,2,2,87200
l2207,20220218,20220218,112635000,11:26:37,8719,14710,58470,639359825,2,0,87190
l2207,20220218,20220218,112635500,11:26:38,8719,14712,58470,639447015,2,0,87190
l2207,20220218,20220218,112637000,11:26:46,8719,14712,58470,639447015,0,0,0
l2207,20220218,20220218,112637500,11:27:10,8719,14712,58470,639447015,0,0,0
l2207,20220218,20220218,112638000,11:27:10,8719,14712,58470,639447015,0,0,0
l2207,20220218,20220218,112653500,11:27:11,8719,14712,58470,639447015,0,0,0
l2207,20220218,20220218,112710000,11:27:12,8719,14712,58470,639447015,0,0,0
l2207,20220218,20220218,112710500,11:27:12,8719,14712,58470,639447015,0,0,0
l2207,20220218,20220218,112712000,11:27:12,8719,14712,58470,639447015,0,0,0
l2207,20220218,20220218,112712500,11:27:13,8719,14712,58470,639447015,0,0,0
l2207,20220218,20220218,112713000,11:27:14,8719,14712,58470,639447015,0,0,0
l2207,20220218,20220218,112713500,11:27:14,8719,14712,58470,639447015,0,0,0
l2207,20220218,20220218,112714000,11:27:15,8719,14712,58470,639447015,0,0,0
l2207,20220218,20220218,112714500,11:27:15,8719,14712,58470,639447015,0,0,0
l2207,20220218,20220218,112715000,11:27:16,8719,14712,58470,639447015,0,0,0
l2207,20220218,20220218,112715500,11:27:16,8719,14712,58470,639447015,0,0,0
l2207,20220218,20220218,112716000,11:27:17,8719,14712,58470,639447015,0,0,0
l2207,20220218,20220218,112716500,11:27:17,8727,14819,58487,644113710,107,17,4666695
l2207,20220218,20220218,112717000,11:27:17,8726,14820,58488,644157340,1,1,43630
l2207,20220218,20220218,112717500,11:27:17,8726,14820,58488,644157340,0,0,0
l2207,20220218,20220218,112718000,11:27:18,8726,14820,58488,644157340,0,0,0
l2207,20220218,20220218,112718500,11:27:19,8726,14820,58488,644157340,0,0,0
l2207,20220218,20220218,112719000,11:27:19,8726,14820,58488,644157340,0,0,0
l2207,20220218,20220218,112720000,11:27:20,8726,14820,58488,644157340,0,0,0
l2207,20220218,20220218,112720500,11:27:21,8726,14820,58488,644157340,0,0,0
l2207,20220218,20220218,112721000,11:27:21,8726,14820,58488,644157340,0,0,0
l2207,20220218,20220218,112723500,11:27:27,8725,14826,58486,644419090,6,-2,261750
l2207,20220218,20220218,112724000,11:27:27,8724,14839,58489,644986160,13,3,567070
l2207,20220218,20220218,112726500,11:27:27,8724,14839,58489,644986160,0,0,0
l2207,20220218,20220218,112727000,11:27:27,8724,14839,58489,644986160,0,0,0
l2207,20220218,20220218,112727500,11:27:27,8724,14839,58489,644986160,0,0,0
l2207,20220218,20220218,112728000,11:27:28,8724,14839,58489,644986160,0,0,0
l2207,20220218,20220218,112728500,11:27:28,8724,14839,58489,644986160,0,0,0
l2207,20220218,20220218,112729000,11:27:29,8724,14839,58489,644986160,0,0,0
l2207,20220218,20220218,112729500,11:27:30,8724,14839,58489,644986160,0,0,0
l2207,20220218,20220218,112730000,11:27:30,8724,14839,58489,644986160,0,0,0
l2207,20220218,20220218,112730500,11:27:31,8721,14870,58492,646338160,31,3,1352000
l2207,20220218,20220218,112731000,11:27:33,8722,14872,58492,646425380,2,0,87220
l2207,20220218,20220218,112731500,11:27:35,8722,14872,58492,646425380,0,0,0
l2207,20220218,20220218,112732000,11:27:36,8722,14874,58494,646512600,2,2,87220
l2207,20220218,20220218,112732500,11:27:36,8722,14874,58494,646512600,0,0,0
l2207,20220218,20220218,112735500,11:27:36,8723,14888,58488,647123210,14,-6,610610
l2207,20220218,20220218,112736000,11:27:37,8723,14890,58490,647210440,2,2,87230
l2207,20220218,20220218,112736500,11:27:38,8723,14890,58490,647210440,0,0,0
l2207,20220218,20220218,112737000,11:27:38,8723,14890,58490,647210440,0,0,0
l2207,20220218,20220218,112737500,11:27:38,8723,14890,58490,647210440,0,0,0
l2207,20220218,20220218,112738000,11:27:39,8723,14890,58490,647210440,0,0,0
l2207,20220218,20220218,112738500,11:27:39,8723,14890,58490,647210440,0,0,0
l2207,20220218,20220218,112739000,11:27:39,8723,14890,58490,647210440,0,0,0
l2207,20220218,20220218,112739500,11:27:39,8723,14890,58490,647210440,0,0,0
l2207,20220218,20220218,112740000,11:27:40,8723,14890,58490,647210440,0,0,0
l2207,20220218,20220218,112742000,11:27:42,8723,14890,58490,647210440,0,0,0
l2207,20220218,20220218,112742500,11:27:43,8723,14890,58490,647210440,0,0,0
l2207,20220218,20220218,112743000,11:27:43,8723,14890,58490,647210440,0,0,0
l2207,20220218,20220218,112743500,11:27:43,8723,14890,58490,647210440,0,0,0
l2207,20220218,20220218,112744000,11:27:44,8723,14890,58490,647210440,0,0,0
l2207,20220218,20220218,112744500,11:27:45,8723,14890,58490,647210440,0,0,0
l2207,20220218,20220218,112745000,11:27:46,8723,14890,58490,647210440,0,0,0
l2207,20220218,20220218,112745500,11:27:46,8723,14890,58490,647210440,0,0,0
l2207,20220218,20220218,112746000,11:27:46,8723,14890,58490,647210440,0,0,0
l2207,20220218,20220218,112746500,11:27:47,8723,14890,58490,647210440,0,0,0
l2207,20220218,20220218,112747000,11:27:47,8723,14890,58490,647210440,0,0,0
l2207,20220218,20220218,112747500,11:27:48,8723,14890,58490,647210440,0,0,0
l2207,20220218,20220218,112748000,11:27:53,8723,14890,58490,647210440,0,0,0
l2207,20220218,20220218,112748500,11:27:54,8723,14890,58490,647210440,0,0,0
l2207,20220218,20220218,112749000,11:27:54,8723,14890,58490,647210440,0,0,0
l2207,20220218,20220218,112749500,11:27:54,8723,14890,58490,647210440,0,0,0
l2207,20220218,20220218,112754000,11:27:54,8723,14890,58490,647210440,0,0,0
l2207,20220218,20220218,112754500,11:27:55,8723,14890,58490,647210440,0,0,0
l2207,20220218,20220218,112755000,11:27:55,8723,14890,58490,647210440,0,0,0
l2207,20220218,20220218,112755500,11:27:55,8722,14892,58490,647297660,2,0,87220
l2207,20220218,20220218,112756000,11:27:56,8722,14892,58490,647297660,0,0,0
l2207,20220218,20220218,112756500,11:27:56,8723,14898,58496,647559350,6,6,261690
l2207,20220218,20220218,112757000,11:27:57,8724,14908,58500,647995550,10,4,436200
l2207,20220218,20220218,112757500,11:27:57,8724,14912,58496,648170030,4,-4,174480
l2207,20220218,20220218,112758000,11:27:58,8724,14912,58496,648170030,0,0,0
l2207,20220218,20220218,112758500,11:27:59,8724,14912,58496,648170030,0,0,0
l2207,20220218,20220218,112759000,11:27:59,8724,14912,58496,648170030,0,0,0
l2207,20220218,20220218,112759500,11:27:59,8724,14912,58496,648170030,0,0,0
l2207,20220218,20220218,112800000,11:28:00,8724,14912,58496,648170030,0,0,0
l2207,20220218,20220218,112800500,11:28:01,8724,14912,58496,648170030,0,0,0
l2207,20220218,20220218,112801000,11:28:01,8724,14912,58496,648170030,0,0,0
l2207,20220218,20220218,112801500,11:28:02,8724,14912,58496,648170030,0,0,0
l2207,20220218,20220218,112802000,11:28:03,8724,14912,58496,648170030,0,0,0
l2207,20220218,20220218,112802500,11:28:03,8724,14912,58496,648170030,0,0,0
l2207,20220218,20220218,112803000,11:28:04,8724,14912,58496,648170030,0,0,0
l2207,20220218,20220218,112803500,11:28:04,8726,14914,58496,648257290,2,0,87260
l2207,20220218,20220218,112804000,11:28:04,8726,14914,58496,648257290,0,0,0
l2207,20220218,20220218,112804500,11:28:06,8726,14914,58496,648257290,0,0,0
l2207,20220218,20220218,112805000,11:28:06,8726,14914,58496,648257290,0,0,0
l2207,20220218,20220218,112805500,11:28:06,8726,14914,58496,648257290,0,0,0
l2207,20220218,20220218,112806000,11:28:10,8726,14914,58496,648257290,0,0,0
l2207,20220218,20220218,112806500,11:28:10,8726,14914,58496,648257290,0,0,0
l2207,20220218,20220218,112807000,11:28:10,8726,14914,58496,648257290,0,0,0
l2207,20220218,20220218,112810000,11:28:11,8726,14914,58496,648257290,0,0,0
l2207,20220218,20220218,112810500,11:28:12,8726,14914,58496,648257290,0,0,0
l2207,20220218,20220218,112811000,11:28:12,8726,14914,58496,648257290,0,0,0
l2207,20220218,20220218,112811500,11:28:12,8726,14914,58496,648257290,0,0,0
l2207,20220218,20220218,112812000,11:28:13,8726,14914,58496,648257290,0,0,0
l2207,20220218,20220218,112812500,11:28:13,8726,14914,58496,648257290,0,0,0
l2207,20220218,20220218,112813000,11:28:13,8726,14914,58496,648257290,0,0,0
l2207,20220218,20220218,112813500,11:28:14,8726,14914,58496,648257290,0,0,0
l2207,20220218,20220218,112814000,11:28:14,8726,14914,58496,648257290,0,0,0
l2207,20220218,20220218,112815500,11:28:15,8726,14914,58496,648257290,0,0,0
l2207,20220218,20220218,112816000,11:28:16,8726,14914,58496,648257290,0,0,0
l2207,20220218,20220218,112816500,11:28:16,8726,14914,58496,648257290,0,0,0
l2207,20220218,20220218,112817000,11:28:17,8726,14914,58496,648257290,0,0,0
l2207,20220218,20220218,112817500,11:28:17,8726,14914,58496,648257290,0,0,0
l2207,20220218,20220218,112818000,11:28:18,8726,14914,58496,648257290,0,0,0
l2207,20220218,20220218,112818500,11:28:18,8726,14914,58496,648257290,0,0,0
l2207,20220218,20220218,112819000,11:28:19,8726,14914,58496,648257290,0,0,0
l2207,20220218,20220218,112819500,11:28:19,8726,14914,58496,648257290,0,0,0
l2207,20220218,20220218,112820000,11:28:20,8726,14914,58496,648257290,0,0,0
l2207,20220218,20220218,112820500,11:28:20,8726,14914,58496,648257290,0,0,0
l2207,20220218,20220218,112821000,11:28:21,8723,14928,58496,648867960,14,0,610670
l2207,20220218,20220218,112821500,11:28:22,8724,14932,58498,649042440,4,2,174480
l2207,20220218,20220218,112822000,11:28:22,8724,14932,58498,649042440,0,0,0
l2207,20220218,20220218,112822500,11:28:22,8724,14932,58498,649042440,0,0,0
l2207,20220218,20220218,112823000,11:28:23,8724,14932,58498,649042440,0,0,0
l2207,20220218,20220218,112823500,11:28:24,8724,14932,58498,649042440,0,0,0
l2207,20220218,20220218,112824000,11:28:24,8724,14932,58498,649042440,0,0,0
l2207,20220218,20220218,112824500,11:28:25,8724,14932,58498,649042440,0,0,0
l2207,20220218,20220218,112825000,11:28:25,8724,14932,58498,649042440,0,0,0
l2207,20220218,20220218,112825500,11:28:25,8724,14932,58498,649042440,0,0,0
l2207,20220218,20220218,112826000,11:28:26,8724,14932,58498,649042440,0,0,0
l2207,20220218,20220218,112826500,11:28:27,8724,14932,58498,649042440,0,0,0
l2207,20220218,20220218,112827000,11:28:27,8724,14932,58498,649042440,0,0,0
l2207,20220218,20220218,112827500,11:28:27,8722,14950,58498,649827430,18,0,784990
l2207,20220218,20220218,112828000,11:28:28,8722,14954,58498,650001870,4,0,174440
l2207,20220218,20220218,112828500,11:28:28,8722,14958,58500,650176310,4,2,174440
l2207,20220218,20220218,112829000,11:28:29,8722,14959,58501,650219920,1,1,43610
l2207,20220218,20220218,112829500,11:28:30,8722,14959,58501,650219920,0,0,0
l2207,20220218,20220218,112830000,11:28:30,8722,14959,58501,650219920,0,0,0
l2207,20220218,20220218,112830500,11:28:31,8721,14960,58502,650263525,1,1,43605
l2207,20220218,20220218,112831000,11:28:31,8721,14960,58502,650263525,0,0,0
l2207,20220218,20220218,112831500,11:28:32,8721,14960,58502,650263525,0,0,0
l2207,20220218,20220218,112832000,11:28:33,8721,14960,58502,650263525,0,0,0
l2207,20220218,20220218,112832500,11:28:33,8721,14960,58502,650263525,0,0,0
l2207,20220218,20220218,112833000,11:28:33,8721,14960,58502,650263525,0,0,0
l2207,20220218,20220218,112833500,11:28:34,8721,14960,58502,650263525,0,0,0
l2207,20220218,20220218,112834000,11:28:34,8721,14960,58502,650263525,0,0,0
l2207,20220218,20220218,112834500,11:28:34,8721,14960,58502,650263525,0,0,0
l2207,20220218,20220218,112835500,11:28:36,8721,14960,58502,650263525,0,0,0
l2207,20220218,20220218,112836000,11:28:37,8721,14960,58502,650263525,0,0,0
l2207,20220218,20220218,112836500,11:28:37,8721,14960,58502,650263525,0,0,0
l2207,20220218,20220218,112841000,11:28:41,8721,14960,58502,650263525,0,0,0
l2207,20220218,20220218,112842000,11:28:42,8721,14960,58502,650263525,0,0,0
l2207,20220218,20220218,112842500,11:28:43,8721,14960,58502,650263525,0,0,0
l2207,20220218,20220218,112845000,11:28:45,8721,14960,58502,650263525,0,0,0
l2207,20220218,20220218,112845500,11:28:46,8721,14960,58502,650263525,0,0,0
l2207,20220218,20220218,112846000,11:28:46,8721,14960,58502,650263525,0,0,0
l2207,20220218,20220218,112848500,11:28:48,8721,14960,58502,650263525,0,0,0
l2207,20220218,20220218,112850500,11:28:51,8721,14960,58502,650263525,0,0,0
l2207,20220218,20220218,112851000,11:28:51,8721,14960,58502,650263525,0,0,0
l2207,20220218,20220218,112853000,11:28:54,8721,14960,58502,650263525,0,0,0
l2207,20220218,20220218,112853500,11:28:54,8721,14960,58502,650263525,0,0,0
l2207,20220218,20220218,112854500,11:28:54,8721,14960,58502,650263525,0,0,0
l2207,20220218,20220218,112855000,11:28:55,8721,14960,58502,650263525,0,0,0
l2207,20220218,20220218,112855500,11:28:56,8721,14960,58502,650263525,0,0,0
l2207,20220218,20220218,112856000,11:28:56,8721,14960,58502,650263525,0,0,0
l2207,20220218,20220218,112857500,11:28:58,8721,14960,58502,650263525,0,0,0
l2207,20220218,20220218,112902000,11:29:02,8721,14960,58502,650263525,0,0,0
l2207,20220218,20220218,112902500,11:29:03,8721,14960,58502,650263525,0,0,0
l2207,20220218,20220218,112903000,11:29:03,8721,14960,58502,650263525,0,0,0
l2207,20220218,20220218,112903500,11:29:04,8721,14960,58502,650263525,0,0,0
l2207,20220218,20220218,112904000,11:29:04,8721,14960,58502,650263525,0,0,0
l2207,20220218,20220218,112904500,11:29:04,8721,14960,58502,650263525,0,0,0
l2207,20220218,20220218,112905000,11:29:05,8721,14960,58502,650263525,0,0,0
l2207,20220218,20220218,112905500,11:29:06,8721,14960,58502,650263525,0,0,0
l2207,20220218,20220218,112906000,11:29:06,8721,14960,58502,650263525,0,0,0
l2207,20220218,20220218,112912500,11:29:12,8721,14960,58502,650263525,0,0,0
l2207,20220218,20220218,112913000,11:29:13,8721,14960,58502,650263525,0,0,0
l2207,20220218,20220218,112913500,11:29:14,8721,14960,58502,650263525,0,0,0
l2207,20220218,20220218,112914000,11:29:14,8721,14960,58502,650263525,0,0,0
l2207,20220218,20220218,112914500,11:29:15,8721,14960,58502,650263525,0,0,0
l2207,20220218,20220218,112916000,11:29:16,8719,14972,58498,650786665,12,-4,523140
l2207,20220218,20220218,112916500,11:29:20,8719,14972,58498,650786665,0,0,0
l2207,20220218,20220218,112917000,11:29:20,8719,14972,58498,650786665,0,0,0
l2207,20220218,20220218,112917500,11:29:21,8719,14972,58498,650786665,0,0,0
l2207,20220218,20220218,112918000,11:29:21,8719,14972,58498,650786665,0,0,0
l2207,20220218,20220218,112920500,11:29:21,8719,14972,58498,650786665,0,0,0
l2207,20220218,20220218,112921000,11:29:22,8719,14972,58498,650786665,0,0,0
l2207,20220218,20220218,112921500,11:29:24,8719,14972,58498,650786665,0,0,0
l2207,20220218,20220218,112922000,11:29:24,8719,14972,58498,650786665,0,0,0
l2207,20220218,20220218,112932000,11:29:32,8719,14972,58498,650786665,0,0,0
l2207,20220218,20220218,112932500,11:29:37,8719,14972,58498,650786665,0,0,0
l2207,20220218,20220218,112933500,11:29:38,8719,14972,58498,650786665,0,0,0
l2207,20220218,20220218,112948500,11:29:50,8721,15006,58498,652268945,34,0,1482280
l2207,20220218,20220218,112949000,11:29:50,8721,15008,58500,652356155,2,2,87210
l2207,20220218,20220218,112951500,11:29:52,8721,15008,58500,652356155,0,0,0
l2207,20220218,20220218,112952000,11:29:53,8721,15008,58500,652356155,0,0,0
l2207,20220218,20220218,112952500,11:29:53,8721,15008,58500,652356155,0,0,0
l2207,20220218,20220218,112953000,11:29:54,8721,15008,58500,652356155,0,0,0
l2207,20220218,20220218,112955000,11:29:55,8721,15008,58500,652356155,0,0,0
l2207,20220218,20220218,112955500,11:29:56,8721,15008,58500,652356155,0,0,0
l2207,20220218,20220218,112956000,11:30:00,8721,15008,58500,652356155,0,0,0
l2207,20220218,20220218,112957000,11:30:02,8721,15008,58500,652356155,0,0,0
l2207,20220218,20220218,112959500,11:30:02,8721,15008,58500,652356155,0,0,0
l2207,20220218,20220218,133001500,13:30:02,8721,15008,58500,652356155,0,0,0
l2207,20220218,20220218,133002000,13:30:08,8721,15008,58500,652356155,0,0,0
l2207,20220218,20220218,133002500,13:30:10,8721,15008,58500,652356155,0,0,0
l2207,20220218,20220218,133008000,13:30:10,8721,15008,58500,652356155,0,0,0
l2207,20220218,20220218,133009500,13:30:10,8721,15008,58500,652356155,0,0,0
l2207,20220218,20220218,133010000,13:30:11,8721,15008,58500,652356155,0,0,0
l2207,20220218,20220218,133010500,13:30:12,8721,15008,58500,652356155,0,0,0
l2207,20220218,20220218,133012500,13:30:13,8721,15008,58500,652356155,0,0,0
l2207,20220218,20220218,133013500,13:30:14,8721,15008,58500,652356155,0,0,0
l2207,20220218,20220218,133016500,13:30:18,8721,15008,58500,652356155,0,0,0
l2207,20220218,20220218,133017000,13:30:18,8721,15008,58500,652356155,0,0,0
l2207,20220218,20220218,133018000,13:30:19,8721,15008,58500,652356155,0,0,0
l2207,20220218,20220218,133020000,13:30:21,8721,15008,58500,652356155,0,0,0
l2207,20220218,20220218,133020500,13:30:21,8721,15008,58500,652356155,0,0,0
l2207,20220218,20220218,133021000,13:30:21,8712,15022,58499,652965955,14,-1,609800
l2207,20220218,20220218,133021500,13:30:22,8712,15022,58499,652965955,0,0,0
l2207,20220218,20220218,133038000,13:30:40,8712,15022,58499,652965955,0,0,0
l2207,20220218,20220218,133038500,13:30:42,8712,15022,58499,652965955,0,0,0
l2207,20220218,20220218,133040500,13:30:42,8717,15029,58500,653271100,7,1,305145
l2207,20220218,20220218,133041000,13:30:43,8719,15038,58497,653663445,9,-3,392345
l2207,20220218,20220218,133042000,13:30:44,8717,15046,58494,654012145,8,-3,348700
l2207,20220218,20220218,133042500,13:30:44,8724,15051,58492,654230245,5,-2,218100
l2207,20220218,20220218,133043000,13:30:44,8724,15051,58492,654230245,0,0,0
l2207,20220218,20220218,133044000,13:30:46,8724,15051,58492,654230245,0,0,0
l2207,20220218,20220218,133044500,13:30:46,8724,15051,58492,654230245,0,0,0
l2207,20220218,20220218,133045000,13:30:46,8724,15051,58492,654230245,0,0,0
l2207,20220218,20220218,133045500,13:30:46,8724,15051,58492,654230245,0,0,0
l2207,20220218,20220218,133046000,13:30:47,8724,15051,58492,654230245,0,0,0
l2207,20220218,20220218,133046500,13:30:47,8724,15051,58492,654230245,0,0,0
l2207,20220218,20220218,133047000,13:30:48,8724,15051,58492,654230245,0,0,0
l2207,20220218,20220218,133047500,13:30:48,8724,15051,58492,654230245,0,0,0
l2207,20220218,20220218,133048000,13:30:48,8724,15051,58492,654230245,0,0,0
l2207,20220218,20220218,133048500,13:30:49,8724,15051,58492,654230245,0,0,0
l2207,20220218,20220218,133049000,13:30:50,8724,15051,58492,654230245,0,0,0
l2207,20220218,20220218,133049500,13:30:50,8724,15051,58492,654230245,0,0,0
l2207,20220218,20220218,133050000,13:30:51,8724,15051,58492,654230245,0,0,0
l2207,20220218,20220218,133050500,13:30:52,8724,15053,58492,654317485,2,0,87240
l2207,20220218,20220218,133051000,13:30:52,8725,15059,58492,654579225,6,0,261740
l2207,20220218,20220218,133051500,13:30:52,8724,15063,58493,654753705,4,1,174480
l2207,20220218,20220218,133052000,13:30:53,8724,15063,58493,654753705,0,0,0
l2207,20220218,20220218,133052500,13:30:54,8724,15063,58493,654753705,0,0,0
l2207,20220218,20220218,133053000,13:30:54,8724,15063,58493,654753705,0,0,0
l2207,20220218,20220218,133055000,13:30:56,8724,15063,58493,654753705,0,0,0
l2207,20220218,20220218,133055500,13:30:56,8724,15063,58493,654753705,0,0,0
l2207,20220218,20220218,133056000,13:30:57,8724,15063,58493,654753705,0,0,0
l2207,20220218,20220218,133058500,13:30:59,8724,15063,58493,654753705,0,0,0
l2207,20220218,20220218,133059000,13:30:59,8724,15063,58493,654753705,0,0,0
l2207,20220218,20220218,133059500,13:31:00,8724,15063,58493,654753705,0,0,0
l2207,20220218,20220218,133100500,13:31:01,8724,15063,58493,654753705,0,0,0
l2207,20220218,20220218,133101500,13:31:01,8724,15063,58493,654753705,0,0,0
l2207,20220218,20220218,133102000,13:31:02,8724,15063,58493,654753705,0,0,0
l2207,20220218,20220218,133102500,13:31:03,8724,15063,58493,654753705,0,0,0
l2207,20220218,20220218,133104500,13:31:07,8724,15063,58493,654753705,0,0,0
l2207,20220218,20220218,133105500,13:31:08,8729,15073,58492,655190065,10,-1,436360
l2207,20220218,20220218,133107000,13:31:09,8729,15073,58492,655190065,0,0,0
l2207,20220218,20220218,133110500,13:31:11,8729,15073,58492,655190065,0,0,0
l2207,20220218,20220218,133111000,13:31:12,8729,15073,58492,655190065,0,0,0
l2207,20220218,20220218,133111500,13:31:12,8729,15073,58492,655190065,0,0,0
l2207,20220218,20220218,133113000,13:31:14,8729,15073,58492,655190065,0,0,0
l2207,20220218,20220218,133113500,13:31:15,8729,15077,58494,655364635,4,2,174570
l2207,20220218,20220218,133114000,13:31:15,8729,15077,58494,655364635,0,0,0
l2207,20220218,20220218,133114500,13:31:15,8729,15077,58494,655364635,0,0,0
l2207,20220218,20220218,133115000,13:31:15,8731,15079,58494,655451945,2,0,87310
l2207,20220218,20220218,133115500,13:31:16,8731,15079,58494,655451945,0,0,0
l2207,20220218,20220218,133116000,13:31:16,8731,15079,58494,655451945,0,0,0
l2207,20220218,20220218,133117000,13:31:18,8731,15079,58494,655451945,0,0,0
l2207,20220218,20220218,133117500,13:31:18,8731,15079,58494,655451945,0,0,0
l2207,20220218,20220218,133118000,13:31:19,8733,15080,58495,655495610,1,1,43665
l2207,20220218,20220218,133118500,13:31:19,8733,15080,58495,655495610,0,0,0
l2207,20220218,20220218,133119000,13:31:20,8733,15080,58495,655495610,0,0,0
l2207,20220218,20220218,133119500,13:31:20,8733,15080,58495,655495610,0,0,0
l2207,20220218,20220218,133120000,13:31:20,8733,15081,58495,655539275,1,0,43665
l2207,20220218,20220218,133120500,13:31:21,8733,15081,58495,655539275,0,0,0
l2207,20220218,20220218,133121000,13:31:21,8733,15081,58495,655539275,0,0,0
l2207,20220218,20220218,133121500,13:31:22,8733,15081,58495,655539275,0,0,0
l2207,20220218,20220218,133122000,13:31:23,8733,15081,58495,655539275,0,0,0
l2207,20220218,20220218,133122500,13:31:23,8733,15081,58495,655539275,0,0,0
l2207,20220218,20220218,133123000,13:31:25,8733,15081,58495,655539275,0,0,0
l2207,20220218,20220218,133123500,13:31:25,8733,15081,58495,655539275,0,0,0
l2207,20220218,20220218,133124500,13:31:25,8733,15081,58495,655539275,0,0,0
l2207,20220218,20220218,133157500,13:31:57,8733,15081,58495,655539275,0,0,0
l2207,20220218,20220218,133158500,13:31:58,8733,15081,58495,655539275,0,0,0
l2207,20220218,20220218,133159000,13:31:59,8733,15081,58495,655539275,0,0,0
l2207,20220218,20220218,133159500,13:32:00,8733,15081,58495,655539275,0,0,0
l2207,20220218,20220218,133200500,13:32:01,8733,15081,58495,655539275,0,0,0
l2207,20220218,20220218,133201000,13:32:01,8733,15081,58495,655539275,0,0,0
l2207,20220218,20220218,133201500,13:32:01,8733,15081,58495,655539275,0,0,0
l2207,20220218,20220218,133202000,13:32:03,8733,15081,58495,655539275,0,0,0
l2207,20220218,20220218,133202500,13:32:04,8733,15081,58495,655539275,0,0,0
l2207,20220218,20220218,133205000,13:32:06,8733,15081,58495,655539275,0,0,0
l2207,20220218,20220218,133205500,13:32:06,8725,15100,58495,656368265,19,0,828990
l2207,20220218,20220218,133206000,13:32:07,8724,15108,58499,656717255,8,4,348990
l2207,20220218,20220218,133206500,13:32:07,8724,15110,58499,656804495,2,0,87240
l2207,20220218,20220218,133207000,13:32:07,8724,15110,58499,656804495,0,0,0
l2207,20220218,20220218,133207500,13:32:07,8724,15110,58499,656804495,0,0,0
l2207,20220218,20220218,133208500,13:32:10,8722,15116,58499,657066135,6,0,261640
l2207,20220218,20220218,133209000,13:32:10,8722,15116,58499,657066135,0,0,0
l2207,20220218,20220218,133209500,13:32:10,8722,15116,58499,657066135,0,0,0
l2207,20220218,20220218,133210000,13:32:12,8722,15116,58499,657066135,0,0,0
l2207,20220218,20220218,133210500,13:32:13,8722,15116,58499,657066135,0,0,0
l2207,20220218,20220218,133211000,13:32:14,8722,15116,58499,657066135,0,0,0
l2207,20220218,20220218,133213000,13:32:15,8722,15116,58499,657066135,0,0,0
l2207,20220218,20220218,133214000,13:32:15,8722,15116,58499,657066135,0,0,0
l2207,20220218,20220218,133215000,13:32:16,8720,15118,58497,657153330,2,-2,87195
l2207,20220218,20220218,133215500,13:32:16,8720,15118,58497,657153330,0,0,0
l2207,20220218,20220218,133216000,13:32:17,8722,15123,58498,657371380,5,1,218050
l2207,20220218,20220218,133216500,13:32:17,8722,15123,58498,657371380,0,0,0
l2207,20220218,20220218,133217000,13:32:18,8722,15123,58498,657371380,0,0,0
l2207,20220218,20220218,133217500,13:32:18,8722,15123,58498,657371380,0,0,0
l2207,20220218,20220218,133218000,13:32:18,8719,15147,58510,658417790,24,12,1046410
l2207,20220218,20220218,133218500,13:32:19,8717,15153,58510,658679310,6,0,261520
l2207,20220218,20220218,133219000,13:32:20,8717,15155,58510,658766480,2,0,87170
l2207,20220218,20220218,133220000,13:32:21,8717,15155,58510,658766480,0,0,0
l2207,20220218,20220218,133220500,13:32:21,8717,15155,58510,658766480,0,0,0
l2207,20220218,20220218,133221000,13:32:22,8717,15155,58510,658766480,0,0,0
l2207,20220218,20220218,133221500,13:32:22,8717,15157,58508,658853650,2,-2,87170
l2207,20220218,20220218,133222000,13:32:23,8717,15157,58508,658853650,0,0,0
l2207,20220218,20220218,133222500,13:32:24,8721,15187,58505,660161550,30,-3,1307900
l2207,20220218,20220218,133223000,13:32:24,8720,15189,58503,660248750,2,-2,87200
l2207,20220218,20220218,133223500,13:32:24,8722,15197,58507,660597650,8,4,348900
l2207,20220218,20220218,133224000,13:32:24,8718,15205,58507,660946390,8,0,348740
l2207,20220218,20220218,133224500,13:32:25,8718,15207,58509,661033570,2,2,87180
l2207,20220218,20220218,133225000,13:32:25,8718,15207,58509,661033570,0,0,0
l2207,20220218,20220218,133225500,13:32:26,8718,15207,58509,661033570,0,0,0
l2207,20220218,20220218,133226000,13:32:27,8718,15207,58509,661033570,0,0,0
l2207,20220218,20220218,133226500,13:32:27,8718,15207,58509,661033570,0,0,0
l2207,20220218,20220218,133227000,13:32:27,8718,15207,58509,661033570,0,0,0
l2207,20220218,20220218,133227500,13:32:32,8718,15207,58509,661033570,0,0,0
l2207,20220218,20220218,133228000,13:32:32,8718,15207,58509,661033570,0,0,0
l2207,20220218,20220218,133228500,13:32:32,8718,15207,58509,661033570,0,0,0
l2207,20220218,20220218,133229000,13:32:33,8718,15207,58509,661033570,0,0,0
l2207,20220218,20220218,133230500,13:32:35,8718,15207,58509,661033570,0,0,0
l2207,20220218,20220218,133234500,13:32:35,8718,15207,58509,661033570,0,0,0
l2207,20220218,20220218,133235000,13:32:36,8718,15207,58509,661033570,0,0,0
l2207,20220218,20220218,133235500,13:32:36,8718,15207,58509,661033570,0,0,0
l2207,20220218,20220218,133236000,13:32:37,8718,15207,58509,661033570,0,0,0
l2207,20220218,20220218,133236500,13:32:37,8718,15207,58509,661033570,0,0,0
l2207,20220218,20220218,133237000,13:32:37,8718,15207,58509,661033570,0,0,0
l2207,20220218,20220218,133237500,13:32:38,8718,15207,58509,661033570,0,0,0
l2207,20220218,20220218,133238000,13:32:38,8718,15207,58509,661033570,0,0,0
l2207,20220218,20220218,133238500,13:32:39,8718,15207,58509,661033570,0,0,0
l2207,20220218,20220218,133239000,13:32:39,8718,15207,58509,661033570,0,0,0
l2207,20220218,20220218,133239500,13:32:40,8718,15207,58509,661033570,0,0,0
l2207,20220218,20220218,133240000,13:32:40,8718,15207,58509,661033570,0,0,0
l2207,20220218,20220218,133240500,13:32:41,8718,15207,58509,661033570,0,0,0
l2207,20220218,20220218,133241000,13:32:41,8718,15207,58509,661033570,0,0,0
l2207,20220218,20220218,133241500,13:32:42,8718,15207,58509,661033570,0,0,0
l2207,20220218,20220218,133242500,13:32:42,8718,15207,58509,661033570,0,0,0
l2207,20220218,20220218,133243000,13:32:43,8718,15207,58509,661033570,0,0,0
l2207,20220218,20220218,133243500,13:32:44,8718,15207,58509,661033570,0,0,0
l2207,20220218,20220218,133244000,13:32:44,8718,15207,58509,661033570,0,0,0
l2207,20220218,20220218,133244500,13:32:45,8718,15207,58509,661033570,0,0,0
l2207,20220218,20220218,133245500,13:32:45,8718,15207,58509,661033570,0,0,0
l2207,20220218,20220218,133246000,13:32:47,8718,15207,58509,661033570,0,0,0
l2207,20220218,20220218,133246500,13:32:47,8718,15207,58509,661033570,0,0,0
l2207,20220218,20220218,133247500,13:32:48,8718,15207,58509,661033570,0,0,0
l2207,20220218,20220218,133248000,13:32:49,8718,15207,58509,661033570,0,0,0
l2207,20220218,20220218,133250000,13:32:51,8718,15207,58509,661033570,0,0,0
l2207,20220218,20220218,133250500,13:32:52,8718,15207,58509,661033570,0,0,0
l2207,20220218,20220218,133251000,13:32:53,8718,15207,58509,661033570,0,0,0
l2207,20220218,20220218,133251500,13:32:53,8718,15207,58509,661033570,0,0,0
l2207,20220218,20220218,133252500,13:32:53,8718,15207,58509,661033570,0,0,0
l2207,20220218,20220218,133253000,13:32:53,8710,15227,58511,661904840,20,2,871270
l2207,20220218,20220218,133253500,13:32:54,8710,15231,58509,662079040,4,-2,174200
l2207,20220218,20220218,133254000,13:32:54,8710,15231,58509,662079040,0,0,0
l2207,20220218,20220218,133254500,13:32:55,8710,15231,58509,662079040,0,0,0
l2207,20220218,20220218,133255000,13:32:55,8710,15231,58509,662079040,0,0,0
l2207,20220218,20220218,133255500,13:32:55,8710,15231,58509,662079040,0,0,0
l2207,20220218,20220218,133256000,13:32:56,8710,15231,58509,662079040,0,0,0
l2207,20220218,20220218,133256500,13:32:57,8710,15231,58509,662079040,0,0,0
l2207,20220218,20220218,133257000,13:32:59,8710,15231,58509,662079040,0,0,0
l2207,20220218,20220218,133257500,13:33:00,8710,15231,58509,662079040,0,0,0
l2207,20220218,20220218,133259500,13:33:01,8710,15231,58509,662079040,0,0,0
l2207,20220218,20220218,133300000,13:33:01,8710,15231,58509,662079040,0,0,0
l2207,20220218,20220218,133300500,13:33:01,8710,15231,58509,662079040,0,0,0
l2207,20220218,20220218,133301000,13:33:02,8710,15231,58509,662079040,0,0,0
l2207,20220218,20220218,133301500,13:33:02,8710,15231,58509,662079040,0,0,0
l2207,20220218,20220218,133302000,13:33:03,8714,15253,58511,663037510,22,2,958470
l2207,20220218,20220218,133302500,13:33:03,8713,15254,58510,663081075,1,-1,43565
l2207,20220218,20220218,133303500,13:33:04,8713,15254,58510,663081075,0,0,0
l2207,20220218,20220218,133304000,13:33:04,8713,15254,58510,663081075,0,0,0
l2207,20220218,20220218,133304500,13:33:05,8713,15254,58510,663081075,0,0,0
l2207,20220218,20220218,133307000,13:33:07,8713,15257,58509,663211770,3,-1,130695
l2207,20220218,20220218,133307500,13:33:08,8713,15257,58509,663211770,0,0,0
l2207,20220218,20220218,133308000,13:33:08,8713,15257,58509,663211770,0,0,0
l2207,20220218,20220218,133308500,13:33:09,8713,15257,58509,663211770,0,0,0
l2207,20220218,20220218,133309000,13:33:09,8712,15259,58509,663298890,2,0,87120
l2207,20220218,20220218,133309500,13:33:11,8712,15259,58509,663298890,0,0,0
l2207,20220218,20220218,133310000,13:33:11,8712,15259,58509,663298890,0,0,0
l2207,20220218,20220218,133311000,13:33:13,8712,15259,58509,663298890,0,0,0
l2207,20220218,20220218,133311500,13:33:14,8712,15259,58509,663298890,0,0,0
l2207,20220218,20220218,133312000,13:33:14,8712,15259,58509,663298890,0,0,0
l2207,20220218,20220218,133314000,13:33:17,8712,15259,58509,663298890,0,0,0
l2207,20220218,20220218,133314500,13:33:18,8712,15259,58509,663298890,0,0,0
l2207,20220218,20220218,133317000,13:33:18,8712,15259,58509,663298890,0,0,0
l2207,20220218,20220218,133318000,13:33:19,8712,15259,58509,663298890,0,0,0
l2207,20220218,20220218,133318500,13:33:19,8716,15268,58507,663691130,9,-2,392240
l2207,20220218,20220218,133319000,13:33:20,8715,15269,58507,663734705,1,0,43575
l2207,20220218,20220218,133319500,13:33:21,8713,15273,58509,663908975,4,2,174270
l2207,20220218,20220218,133320000,13:33:21,8714,15275,58511,663996115,2,2,87140
l2207,20220218,20220218,133320500,13:33:22,8714,15275,58511,663996115,0,0,0
l2207,20220218,20220218,133321000,13:33:22,8714,15275,58511,663996115,0,0,0
l2207,20220218,20220218,133321500,13:33:22,8714,15275,58511,663996115,0,0,0
l2207,20220218,20220218,133322000,13:33:22,8714,15275,58511,663996115,0,0,0
l2207,20220218,20220218,133322500,13:33:22,8714,15275,58511,663996115,0,0,0
l2207,20220218,20220218,133323000,13:33:23,8714,15275,58511,663996115,0,0,0
l2207,20220218,20220218,133323500,13:33:24,8714,15275,58511,663996115,0,0,0
l2207,20220218,20220218,133324000,13:33:24,8714,15275,58511,663996115,0,0,0
l2207,20220218,20220218,133324500,13:33:25,8712,15293,58514,664780205,18,3,784090
l2207,20220218,20220218,133325000,13:33:26,8711,15314,58516,665694880,21,2,914675
l2207,20220218,20220218,133325500,13:33:27,8711,15314,58516,665694880,0,0,0
l2207,20220218,20220218,133326000,13:33:28,8712,15318,58516,665869120,4,0,174240
l2207,20220218,20220218,133326500,13:33:29,8714,15324,58512,666130520,6,-4,261400
l2207,20220218,20220218,133327000,13:33:29,8714,15324,58512,666130520,0,0,0
l2207,20220218,20220218,133328500,13:33:30,8714,15324,58512,666130520,0,0,0
l2207,20220218,20220218,133331000,13:33:32,8714,15324,58512,666130520,0,0,0
l2207,20220218,20220218,133332000,13:33:32,8714,15324,58512,666130520,0,0,0
l2207,20220218,20220218,133332500,13:33:33,8714,15324,58512,666130520,0,0,0
l2207,20220218,20220218,133333500,13:33:34,8714,15324,58512,666130520,0,0,0
l2207,20220218,20220218,133334000,13:33:34,8714,15324,58512,666130520,0,0,0
l2207,20220218,20220218,133334500,13:33:34,8714,15324,58512,666130520,0,0,0
l2207,20220218,20220218,133335000,13:33:35,8714,15324,58512,666130520,0,0,0
l2207,20220218,20220218,133335500,13:33:35,8714,15324,58512,666130520,0,0,0
l2207,20220218,20220218,133336000,13:33:36,8714,15324,58512,666130520,0,0,0
l2207,20220218,20220218,133336500,13:33:36,8714,15324,58512,666130520,0,0,0
l2207,20220218,20220218,133337000,13:33:37,8714,15324,58512,666130520,0,0,0
l2207,20220218,20220218,133337500,13:33:37,8714,15324,58512,666130520,0,0,0
l2207,20220218,20220218,133338500,13:33:39,8714,15324,58512,666130520,0,0,0
l2207,20220218,20220218,133339000,13:33:39,8714,15324,58512,666130520,0,0,0
l2207,20220218,20220218,133339500,13:33:40,8714,15324,58512,666130520,0,0,0
l2207,20220218,20220218,133340000,13:33:40,8714,15324,58512,666130520,0,0,0
l2207,20220218,20220218,133340500,13:33:41,8714,15324,58512,666130520,0,0,0
l2207,20220218,20220218,133341000,13:33:41,8714,15324,58512,666130520,0,0,0
l2207,20220218,20220218,133341500,13:33:42,8714,15324,58512,666130520,0,0,0
l2207,20220218,20220218,133342000,13:33:42,8714,15324,58512,666130520,0,0,0
l2207,20220218,20220218,133342500,13:33:42,8714,15324,58512,666130520,0,0,0
l2207,20220218,20220218,133343000,13:33:43,8714,15324,58512,666130520,0,0,0
l2207,20220218,20220218,133343500,13:33:44,8714,15324,58512,666130520,0,0,0
l2207,20220218,20220218,133344000,13:33:45,8714,15324,58512,666130520,0,0,0
l2207,20220218,20220218,133344500,13:33:45,8714,15324,58512,666130520,0,0,0
l2207,20220218,20220218,133345000,13:33:45,8714,15324,58512,666130520,0,0,0
l2207,20220218,20220218,133346000,13:33:47,8714,15324,58512,666130520,0,0,0
l2207,20220218,20220218,133346500,13:33:48,8714,15324,58512,666130520,0,0,0
l2207,20220218,20220218,133347000,13:33:48,8714,15324,58512,666130520,0,0,0
l2207,20220218,20220218,133347500,13:33:49,8717,15326,58514,666217690,2,2,87170
l2207,20220218,20220218,133348000,13:33:49,8717,15326,58514,666217690,0,0,0
l2207,20220218,20220218,133348500,13:33:50,8717,15326,58514,666217690,0,0,0
l2207,20220218,20220218,133350500,13:33:50,8717,15326,58514,666217690,0,0,0
l2207,20220218,20220218,133351000,13:33:51,8717,15326,58514,666217690,0,0,0
l2207,20220218,20220218,133351500,13:33:52,8717,15326,58514,666217690,0,0,0
l2207,20220218,20220218,133352000,13:33:52,8717,15326,58514,666217690,0,0,0
l2207,20220218,20220218,133352500,13:33:52,8717,15326,58514,666217690,0,0,0
l2207,20220218,20220218,133353000,13:33:53,8717,15326,58514,666217690,0,0,0
l2207,20220218,20220218,133353500,13:33:53,8714,15348,58526,667176300,22,12,958610
l2207,20220218,20220218,133354000,13:33:54,8714,15348,58526,667176300,0,0,0
l2207,20220218,20220218,133354500,13:33:55,8714,15348,58526,667176300,0,0,0
l2207,20220218,20220218,133355000,13:33:56,8714,15348,58526,667176300,0,0,0
l2207,20220218,20220218,133355500,13:33:56,8714,15348,58526,667176300,0,0,0
l2207,20220218,20220218,133356000,13:33:57,8714,15350,58526,667263440,2,0,87140
l2207,20220218,20220218,133356500,13:33:57,8714,15350,58526,667263440,0,0,0
l2207,20220218,20220218,133357000,13:33:58,8714,15350,58526,667263440,0,0,0
l2207,20220218,20220218,133357500,13:33:58,8714,15350,58526,667263440,0,0,0
l2207,20220218,20220218,133358500,13:33:59,8714,15350,58526,667263440,0,0,0
l2207,20220218,20220218,133359500,13:34:00,8714,15350,58526,667263440,0,0,0
l2207,20220218,20220218,133400000,13:34:00,8714,15350,58526,667263440,0,0,0
l2207,20220218,20220218,133401000,13:34:02,8714,15350,58526,667263440,0,0,0
l2207,20220218,20220218,133401500,13:34:02,8715,15356,58524,667524890,6,-2,261450
l2207,20220218,20220218,133402000,13:34:10,8715,15356,58524,667524890,0,0,0
l2207,20220218,20220218,133402500,13:34:10,8715,15356,58524,667524890,0,0,0
l2207,20220218,20220218,133403000,13:34:11,8715,15356,58524,667524890,0,0,0
l2207,20220218,20220218,133410000,13:34:12,8715,15356,58524,667524890,0,0,0
l2207,20220218,20220218,133410500,13:34:12,8715,15356,58524,667524890,0,0,0
l2207,20220218,20220218,133411500,13:34:12,8715,15356,58524,667524890,0,0,0
l2207,20220218,20220218,133412000,13:34:13,8715,15356,58524,667524890,0,0,0
l2207,20220218,20220218,133412500,13:34:13,8715,15356,58524,667524890,0,0,0
l2207,20220218,20220218,133413500,13:34:14,8715,15356,58524,667524890,0,0,0
l2207,20220218,20220218,133414000,13:34:14,8715,15356,58524,667524890,0,0,0
l2207,20220218,20220218,133414500,13:34:15,8719,15358,58526,667612080,2,2,87190
l2207,20220218,20220218,133415000,13:34:15,8721,15386,58526,668832990,28,0,1220910
l2207,20220218,20220218,133415500,13:34:16,8721,15392,58527,669094620,6,1,261630
l2207,20220218,20220218,133416000,13:34:16,8721,15392,58527,669094620,0,0,0
l2207,20220218,20220218,133416500,13:34:17,8721,15392,58527,669094620,0,0,0
l2207,20220218,20220218,133417000,13:34:17,8721,15392,58527,669094620,0,0,0
l2207,20220218,20220218,133417500,13:34:17,8721,15392,58527,669094620,0,0,0
l2207,20220218,20220218,133418000,13:34:18,8721,15392,58527,669094620,0,0,0
l2207,20220218,20220218,133418500,13:34:19,8721,15392,58527,669094620,0,0,0
l2207,20220218,20220218,133419000,13:34:19,8721,15392,58527,669094620,0,0,0
l2207,20220218,20220218,133419500,13:34:20,8721,15392,58527,669094620,0,0,0
l2207,20220218,20220218,133420000,13:34:20,8721,15392,58527,669094620,0,0,0
l2207,20220218,20220218,133420500,13:34:23,8721,15392,58527,669094620,0,0,0
l2207,20220218,20220218,133421000,13:34:23,8721,15392,58527,669094620,0,0,0
l2207,20220218,20220218,133421500,13:34:23,8718,15418,58543,670228040,26,16,1133420
l2207,20220218,20220218,133423000,13:34:24,8718,15418,58543,670228040,0,0,0
l2207,20220218,20220218,133423500,13:34:24,8718,15418,58543,670228040,0,0,0
l2207,20220218,20220218,133424000,13:34:24,8718,15418,58543,670228040,0,0,0
l2207,20220218,20220218,133424500,13:34:24,8718,15418,58543,670228040,0,0,0
l2207,20220218,20220218,133425000,13:34:25,8718,15418,58543,670228040,0,0,0
l2207,20220218,20220218,133425500,13:34:26,8718,15418,58543,670228040,0,0,0
l2207,20220218,20220218,133426000,13:34:26,8718,15418,58543,670228040,0,0,0
l2207,20220218,20220218,133426500,13:34:26,8718,15418,58543,670228040,0,0,0
l2207,20220218,20220218,133427000,13:34:27,8718,15418,58543,670228040,0,0,0
l2207,20220218,20220218,133427500,13:34:27,8718,15418,58543,670228040,0,0,0
l2207,20220218,20220218,133428000,13:34:28,8718,15418,58543,670228040,0,0,0
l2207,20220218,20220218,133428500,13:34:29,8718,15418,58543,670228040,0,0,0
l2207,20220218,20220218,133429000,13:34:29,8718,15418,58543,670228040,0,0,0
l2207,20220218,20220218,133429500,13:34:29,8718,15418,58543,670228040,0,0,0
l2207,20220218,20220218,133430000,13:34:30,8718,15418,58543,670228040,0,0,0
l2207,20220218,20220218,133430500,13:34:30,8718,15418,58543,670228040,0,0,0
l2207,20220218,20220218,133431000,13:34:31,8718,15418,58543,670228040,0,0,0
l2207,20220218,20220218,133431500,13:34:31,8718,15418,58543,670228040,0,0,0
l2207,20220218,20220218,133432000,13:34:32,8718,15418,58543,670228040,0,0,0
l2207,20220218,20220218,133432500,13:34:32,8718,15418,58543,670228040,0,0,0
l2207,20220218,20220218,133433000,13:34:33,8718,15418,58543,670228040,0,0,0
l2207,20220218,20220218,133433500,13:34:34,8718,15418,58543,670228040,0,0,0
l2207,20220218,20220218,133434000,13:34:34,8718,15418,58543,670228040,0,0,0
l2207,20220218,20220218,133434500,13:34:35,8718,15418,58543,670228040,0,0,0
l2207,20220218,20220218,133435000,13:34:35,8718,15418,58543,670228040,0,0,0
l2207,20220218,20220218,133435500,13:34:36,8718,15418,58543,670228040,0,0,0
l2207,20220218,20220218,133436000,13:34:36,8718,15418,58543,670228040,0,0,0
l2207,20220218,20220218,133436500,13:34:36,8715,15465,58542,672276455,47,-1,2048415
l2207,20220218,20220218,133437000,13:34:37,8715,15469,58538,672450755,4,-4,174300
l2207,20220218,20220218,133437500,13:34:38,8716,15476,58534,672755815,7,-4,305060
l2207,20220218,20220218,133438000,13:34:38,8716,15476,58534,672755815,0,0,0
l2207,20220218,20220218,133438500,13:34:39,8717,15480,58538,672930155,4,4,174340
l2207,20220218,20220218,133439000,13:34:39,8717,15480,58538,672930155,0,0,0
l2207,20220218,20220218,133439500,13:34:40,8717,15482,58540,673017325,2,2,87170
l2207,20220218,20220218,133440000,13:34:40,8717,15482,58540,673017325,0,0,0
l2207,20220218,20220218,133440500,13:34:41,8717,15482,58540,673017325,0,0,0
l2207,20220218,20220218,133441000,13:34:41,8717,15482,58540,673017325,0,0,0
l2207,20220218,20220218,133441500,13:34:43,8717,15482,58540,673017325,0,0,0
l2207,20220218,20220218,133442000,13:34:44,8717,15482,58540,673017325,0,0,0
l2207,20220218,20220218,133442500,13:34:44,8717,15482,58540,673017325,0,0,0
l2207,20220218,20220218,133443000,13:34:45,8717,15482,58540,673017325,0,0,0
l2207,20220218,20220218,133443500,13:34:45,8717,15482,58540,673017325,0,0,0
l2207,20220218,20220218,133444000,13:34:45,8717,15482,58540,673017325,0,0,0
l2207,20220218,20220218,133444500,13:34:46,8717,15482,58540,673017325,0,0,0
l2207,20220218,20220218,133445000,13:34:46,8717,15482,58540,673017325,0,0,0
l2207,20220218,20220218,133445500,13:34:46,8717,15482,58540,673017325,0,0,0
l2207,20220218,20220218,133446000,13:34:46,8717,15482,58540,673017325,0,0,0
l2207,20220218,20220218,133446500,13:34:47,8717,15482,58540,673017325,0,0,0
l2207,20220218,20220218,133447000,13:34:47,8717,15482,58540,673017325,0,0,0
l2207,20220218,20220218,133447500,13:34:47,8717,15482,58540,673017325,0,0,0
l2207,20220218,20220218,133448000,13:34:48,8717,15482,58540,673017325,0,0,0
l2207,20220218,20220218,133448500,13:34:49,8717,15482,58540,673017325,0,0,0
l2207,20220218,20220218,133449000,13:34:49,8715,15499,58551,673758165,17,11,740840
l2207,20220218,20220218,133449500,13:34:49,8716,15502,58551,673888905,3,0,130740
l2207,20220218,20220218,133450000,13:34:51,8716,15505,58553,674019645,3,2,130740
l2207,20220218,20220218,133450500,13:34:51,8716,15505,58553,674019645,0,0,0
l2207,20220218,20220218,133452000,13:34:52,8716,15505,58553,674019645,0,0,0
l2207,20220218,20220218,133452500,13:34:53,8716,15505,58553,674019645,0,0,0
l2207,20220218,20220218,133453000,13:34:53,8716,15505,58553,674019645,0,0,0
l2207,20220218,20220218,133453500,13:34:56,8716,15505,58553,674019645,0,0,0
l2207,20220218,20220218,133454000,13:34:56,8716,15505,58553,674019645,0,0,0
l2207,20220218,20220218,133454500,13:34:56,8716,15505,58553,674019645,0,0,0
l2207,20220218,20220218,133455500,13:34:56,8716,15505,58553,674019645,0,0,0
l2207,20220218,20220218,133456000,13:34:57,8717,15507,58553,674106815,2,0,87170
l2207,20220218,20220218,133456500,13:34:57,8717,15507,58553,674106815,0,0,0
l2207,20220218,20220218,133457000,13:34:57,8717,15507,58553,674106815,0,0,0
l2207,20220218,20220218,133458000,13:34:58,8717,15507,58553,674106815,0,0,0
l2207,20220218,20220218,133458500,13:34:59,8717,15507,58553,674106815,0,0,0
l2207,20220218,20220218,133459000,13:34:59,8717,15507,58553,674106815,0,0,0
l2207,20220218,20220218,133459500,13:35:00,8719,15509,58553,674194005,2,0,87190
l2207,20220218,20220218,133500000,13:35:00,8718,15513,58553,674368375,4,0,174370
l2207,20220218,20220218,133500500,13:35:00,8717,15542,58555,675632420,29,2,1264045
l2207,20220218,20220218,133501000,13:35:04,8717,15542,58555,675632420,0,0,0
l2207,20220218,20220218,133501500,13:35:05,8717,15542,58555,675632420,0,0,0
l2207,20220218,20220218,133502000,13:35:10,8717,15542,58555,675632420,0,0,0
l2207,20220218,20220218,133504500,13:35:10,8721,15626,58572,679294760,84,17,3662340
l2207,20220218,20220218,133510000,13:35:10,8721,15626,58572,679294760,0,0,0
l2207,20220218,20220218,133510500,13:35:11,8721,15626,58572,679294760,0,0,0
l2207,20220218,20220218,133511000,13:35:11,8722,15633,58579,679600000,7,7,305240
l2207,20220218,20220218,133511500,13:35:12,8722,15635,58579,679687220,2,0,87220
l2207,20220218,20220218,133512000,13:35:13,8722,15635,58579,679687220,0,0,0
l2207,20220218,20220218,133512500,13:35:13,8722,15635,58579,679687220,0,0,0
l2207,20220218,20220218,133513000,13:35:13,8722,15635,58579,679687220,0,0,0
l2207,20220218,20220218,133513500,13:35:14,8722,15635,58579,679687220,0,0,0
l2207,20220218,20220218,133514000,13:35:14,8722,15635,58579,679687220,0,0,0
l2207,20220218,20220218,133514500,13:35:15,8722,15635,58579,679687220,0,0,0
l2207,20220218,20220218,133515000,13:35:15,8722,15635,58579,679687220,0,0,0
l2207,20220218,20220218,133515500,13:35:16,8722,15635,58579,679687220,0,0,0
l2207,20220218,20220218,133516000,13:35:16,8722,15635,58579,679687220,0,0,0
l2207,20220218,20220218,133516500,13:35:17,8722,15635,58579,679687220,0,0,0
l2207,20220218,20220218,133517000,13:35:17,8722,15635,58579,679687220,0,0,0
l2207,20220218,20220218,133517500,13:35:18,8722,15635,58579,679687220,0,0,0
l2207,20220218,20220218,133518000,13:35:19,8722,15635,58579,679687220,0,0,0
l2207,20220218,20220218,133518500,13:35:19,8722,15635,58579,679687220,0,0,0
l2207,20220218,20220218,133519000,13:35:19,8722,15635,58579,679687220,0,0,0
l2207,20220218,20220218,133519500,13:35:20,8722,15635,58579,679687220,0,0,0
l2207,20220218,20220218,133520000,13:35:20,8722,15635,58579,679687220,0,0,0
l2207,20220218,20220218,133520500,13:35:21,8722,15635,58579,679687220,0,0,0
l2207,20220218,20220218,133521000,13:35:21,8722,15635,58579,679687220,0,0,0
l2207,20220218,20220218,133521500,13:35:22,8722,15635,58579,679687220,0,0,0
l2207,20220218,20220218,133522000,13:35:22,8722,15635,58579,679687220,0,0,0
l2207,20220218,20220218,133522500,13:35:23,8722,15635,58579,679687220,0,0,0
l2207,20220218,20220218,133523000,13:35:23,8722,15635,58579,679687220,0,0,0
l2207,20220218,20220218,133523500,13:35:23,8722,15635,58579,679687220,0,0,0
l2207,20220218,20220218,133524000,13:35:25,8722,15635,58579,679687220,0,0,0
l2207,20220218,20220218,133524500,13:35:25,8722,15635,58579,679687220,0,0,0
l2207,20220218,20220218,133525000,13:35:26,8722,15635,58579,679687220,0,0,0
l2207,20220218,20220218,133525500,13:35:26,8722,15635,58579,679687220,0,0,0
l2207,20220218,20220218,133526000,13:35:26,8722,15635,58579,679687220,0,0,0
l2207,20220218,20220218,133526500,13:35:27,8722,15635,58579,679687220,0,0,0
l2207,20220218,20220218,133527000,13:35:31,8722,15635,58579,679687220,0,0,0
l2207,20220218,20220218,133527500,13:35:31,8722,15635,58579,679687220,0,0,0
l2207,20220218,20220218,133528000,13:35:32,8722,15635,58579,679687220,0,0,0
l2207,20220218,20220218,133531000,13:35:33,8722,15635,58579,679687220,0,0,0
l2207,20220218,20220218,133531500,13:35:42,8722,15635,58579,679687220,0,0,0
l2207,20220218,20220218,133532000,13:35:42,8722,15635,58579,679687220,0,0,0
l2207,20220218,20220218,133540500,13:35:43,8722,15635,58579,679687220,0,0,0
l2207,20220218,20220218,133542000,13:35:44,8722,15635,58579,679687220,0,0,0
l2207,20220218,20220218,133542500,13:35:44,8722,15635,58579,679687220,0,0,0
l2207,20220218,20220218,133543500,13:35:44,8722,15635,58579,679687220,0,0,0
l2207,20220218,20220218,133544000,13:35:44,8722,15635,58579,679687220,0,0,0
l2207,20220218,20220218,133544500,13:35:45,8722,15635,58579,679687220,0,0,0
l2207,20220218,20220218,133545000,13:35:46,8722,15635,58579,679687220,0,0,0
l2207,20220218,20220218,133545500,13:35:46,8722,15635,58579,679687220,0,0,0
l2207,20220218,20220218,133546000,13:35:46,8722,15635,58579,679687220,0,0,0
l2207,20220218,20220218,133547000,13:35:47,8722,15635,58579,679687220,0,0,0
l2207,20220218,20220218,133547500,13:35:48,8722,15685,58587,681867970,50,8,2180750
l2207,20220218,20220218,133548000,13:35:48,8722,15685,58587,681867970,0,0,0
l2207,20220218,20220218,133548500,13:35:48,8722,15685,58587,681867970,0,0,0
l2207,20220218,20220218,133549000,13:35:49,8722,15685,58587,681867970,0,0,0
l2207,20220218,20220218,133549500,13:35:49,8722,15685,58587,681867970,0,0,0
l2207,20220218,20220218,133550000,13:35:50,8722,15685,58587,681867970,0,0,0
l2207,20220218,20220218,133550500,13:35:51,8722,15685,58587,681867970,0,0,0
l2207,20220218,20220218,133551000,13:35:51,8722,15685,58587,681867970,0,0,0
l2207,20220218,20220218,133551500,13:35:52,8722,15685,58587,681867970,0,0,0
l2207,20220218,20220218,133552000,13:35:52,8723,15689,58585,682042430,4,-2,174460
l2207,20220218,20220218,133552500,13:35:53,8723,15691,58585,682129660,2,0,87230
l2207,20220218,20220218,133553000,13:35:53,8724,15699,58586,682478620,8,1,348960
l2207,20220218,20220218,133553500,13:35:55,8724,15699,58586,682478620,0,0,0
l2207,20220218,20220218,133554000,13:35:55,8724,15699,58586,682478620,0,0,0
l2207,20220218,20220218,133554500,13:35:56,8724,15699,58586,682478620,0,0,0
l2207,20220218,20220218,133555000,13:35:56,8724,15699,58586,682478620,0,0,0
l2207,20220218,20220218,133555500,13:35:56,8724,15699,58586,682478620,0,0,0
l2207,20220218,20220218,133556000,13:35:56,8724,15699,58586,682478620,0,0,0
l2207,20220218,20220218,133557000,13:35:59,8724,15699,58586,682478620,0,0,0
l2207,20220218,20220218,133557500,13:35:59,8724,15699,58586,682478620,0,0,0
l2207,20220218,20220218,133558000,13:36:01,8724,15699,58586,682478620,0,0,0
l2207,20220218,20220218,133558500,13:36:03,8724,15699,58586,682478620,0,0,0
l2207,20220218,20220218,133559500,13:36:03,8724,15699,58586,682478620,0,0,0
l2207,20220218,20220218,133601500,13:36:03,8724,15699,58586,682478620,0,0,0
l2207,20220218,20220218,133602500,13:36:04,8724,15699,58586,682478620,0,0,0
l2207,20220218,20220218,133603000,13:36:05,8724,15699,58586,682478620,0,0,0
l2207,20220218,20220218,133603500,13:36:05,8724,15699,58586,682478620,0,0,0
l2207,20220218,20220218,133604500,13:36:06,8724,15699,58586,682478620,0,0,0
l2207,20220218,20220218,133605500,13:36:07,8724,15699,58586,682478620,0,0,0
l2207,20220218,20220218,133606000,13:36:07,8724,15699,58586,682478620,0,0,0
l2207,20220218,20220218,133606500,13:36:07,8724,15699,58586,682478620,0,0,0
l2207,20220218,20220218,133607000,13:36:08,8724,15699,58586,682478620,0,0,0
l2207,20220218,20220218,133608000,13:36:08,8723,15701,58586,682565850,2,0,87230
l2207,20220218,20220218,133608500,13:36:09,8723,15701,58586,682565850,0,0,0
l2207,20220218,20220218,133609000,13:36:09,8723,15701,58586,682565850,0,0,0
l2207,20220218,20220218,133609500,13:36:10,8723,15701,58586,682565850,0,0,0
l2207,20220218,20220218,133610000,13:36:11,8723,15701,58586,682565850,0,0,0
l2207,20220218,20220218,133610500,13:36:11,8723,15701,58586,682565850,0,0,0
l2207,20220218,20220218,133611000,13:36:11,8723,15701,58586,682565850,0,0,0
l2207,20220218,20220218,133611500,13:36:12,8723,15701,58586,682565850,0,0,0
l2207,20220218,20220218,133613000,13:36:13,8723,15701,58586,682565850,0,0,0
l2207,20220218,20220218,133613500,13:36:14,8723,15701,58586,682565850,0,0,0
l2207,20220218,20220218,133614000,13:36:14,8723,15701,58586,682565850,0,0,0
l2207,20220218,20220218,133614500,13:36:14,8723,15701,58586,682565850,0,0,0
l2207,20220218,20220218,133615000,13:36:15,8723,15701,58586,682565850,0,0,0
l2207,20220218,20220218,133615500,13:36:15,8723,15701,58586,682565850,0,0,0
l2207,20220218,20220218,133618000,13:36:19,8723,15703,58586,682653080,2,0,87230
l2207,20220218,20220218,133618500,13:36:19,8723,15703,58586,682653080,0,0,0
l2207,20220218,20220218,133619000,13:36:19,8724,15714,58590,683132890,11,4,479810
l2207,20220218,20220218,133619500,13:36:20,8724,15714,58590,683132890,0,0,0
l2207,20220218,20220218,133620000,13:36:20,8724,15714,58590,683132890,0,0,0
l2207,20220218,20220218,133622500,13:36:22,8724,15714,58590,683132890,0,0,0
l2207,20220218,20220218,133623000,13:36:23,8724,15714,58590,683132890,0,0,0
l2207,20220218,20220218,133623500,13:36:23,8724,15714,58590,683132890,0,0,0
l2207,20220218,20220218,133624000,13:36:24,8724,15714,58590,683132890,0,0,0
l2207,20220218,20220218,133624500,13:36:24,8724,15714,58590,683132890,0,0,0
l2207,20220218,20220218,133625000,13:36:25,8724,15714,58590,683132890,0,0,0
l2207,20220218,20220218,133628500,13:36:29,8724,15714,58590,683132890,0,0,0
l2207,20220218,20220218,133629000,13:36:30,8724,15714,58590,683132890,0,0,0
l2207,20220218,20220218,133629500,13:36:30,8724,15714,58590,683132890,0,0,0
l2207,20220218,20220218,133630000,13:36:30,8724,15714,58590,683132890,0,0,0
l2207,20220218,20220218,133630500,13:36:31,8724,15714,58590,683132890,0,0,0
l2207,20220218,20220218,133632000,13:36:32,8724,15714,58590,683132890,0,0,0
l2207,20220218,20220218,133632500,13:36:33,8724,15714,58590,683132890,0,0,0
l2207,20220218,20220218,133633000,13:36:33,8724,15714,58590,683132890,0,0,0
l2207,20220218,20220218,133633500,13:36:34,8724,15714,58590,683132890,0,0,0
l2207,20220218,20220218,133634000,13:36:34,8724,15714,58590,683132890,0,0,0
l2207,20220218,20220218,133634500,13:36:35,8724,15714,58590,683132890,0,0,0
l2207,20220218,20220218,133635000,13:36:36,8724,15714,58590,683132890,0,0,0
l2207,20220218,20220218,133635500,13:36:36,8724,15714,58590,683132890,0,0,0
l2207,20220218,20220218,133636000,13:36:36,8724,15714,58590,683132890,0,0,0
l2207,20220218,20220218,133637500,13:36:38,8724,15714,58590,683132890,0,0,0
l2207,20220218,20220218,133638000,13:36:38,8724,15714,58590,683132890,0,0,0
l2207,20220218,20220218,133638500,13:36:39,8724,15714,58590,683132890,0,0,0
l2207,20220218,20220218,133639000,13:36:39,8724,15714,58590,683132890,0,0,0
l2207,20220218,20220218,133640000,13:36:40,8724,15714,58590,683132890,0,0,0
l2207,20220218,20220218,133640500,13:36:40,8724,15714,58590,683132890,0,0,0
l2207,20220218,20220218,133641000,13:36:41,8724,15714,58590,683132890,0,0,0
l2207,20220218,20220218,133641500,13:36:42,8724,15738,58598,684179750,24,8,1046860
l2207,20220218,20220218,133642000,13:36:42,8723,15753,58595,684834010,15,-3,654260
l2207,20220218,20220218,133642500,13:36:43,8723,15753,58595,684834010,0,0,0
l2207,20220218,20220218,133643000,13:36:43,8723,15753,58595,684834010,0,0,0
l2207,20220218,20220218,133643500,13:36:44,8724,15755,58595,684921250,2,0,87240
l2207,20220218,20220218,133644000,13:36:44,8724,15755,58595,684921250,0,0,0
l2207,20220218,20220218,133644500,13:36:44,8724,15755,58595,684921250,0,0,0
l2207,20220218,20220218,133645000,13:36:45,8724,15755,58595,684921250,0,0,0
l2207,20220218,20220218,133645500,13:36:46,8724,15755,58595,684921250,0,0,0
l2207,20220218,20220218,133646000,13:36:46,8724,15755,58595,684921250,0,0,0
l2207,20220218,20220218,133646500,13:36:46,8724,15755,58595,684921250,0,0,0
l2207,20220218,20220218,133647000,13:36:47,8724,15755,58595,684921250,0,0,0
l2207,20220218,20220218,133647500,13:36:48,8724,15755,58595,684921250,0,0,0
l2207,20220218,20220218,133648000,13:36:48,8724,15755,58595,684921250,0,0,0
l2207,20220218,20220218,133648500,13:36:48,8724,15755,58595,684921250,0,0,0
l2207,20220218,20220218,133649000,13:36:49,8724,15755,58595,684921250,0,0,0
l2207,20220218,20220218,133649500,13:36:49,8724,15755,58595,684921250,0,0,0
l2207,20220218,20220218,133650000,13:36:50,8724,15755,58595,684921250,0,0,0
l2207,20220218,20220218,133650500,13:36:50,8724,15755,58595,684921250,0,0,0
l2207,20220218,20220218,133651000,13:36:51,8724,15755,58595,684921250,0,0,0
l2207,20220218,20220218,133651500,13:36:52,8724,15755,58595,684921250,0,0,0
l2207,20220218,20220218,133652000,13:36:52,8724,15755,58595,684921250,0,0,0
l2207,20220218,20220218,133652500,13:36:53,8724,15755,58595,684921250,0,0,0
l2207,20220218,20220218,133653000,13:36:53,8724,15755,58595,684921250,0,0,0
l2207,20220218,20220218,133653500,13:36:54,8724,15755,58595,684921250,0,0,0
l2207,20220218,20220218,133654000,13:36:54,8724,15755,58595,684921250,0,0,0
l2207,20220218,20220218,133654500,13:36:54,8724,15755,58595,684921250,0,0,0
l2207,20220218,20220218,133655000,13:36:55,8724,15755,58595,684921250,0,0,0
l2207,20220218,20220218,133656000,13:36:56,8724,15755,58595,684921250,0,0,0
l2207,20220218,20220218,133657000,13:36:58,8724,15755,58595,684921250,0,0,0
l2207,20220218,20220218,133658000,13:36:58,8724,15755,58595,684921250,0,0,0
l2207,20220218,20220218,133658500,13:36:59,8724,15755,58595,684921250,0,0,0
l2207,20220218,20220218,133659000,13:36:59,8724,15755,58595,684921250,0,0,0
l2207,20220218,20220218,133659500,13:37:00,8724,15755,58595,684921250,0,0,0
l2207,20220218,20220218,133700500,13:37:00,8724,15755,58595,684921250,0,0,0
l2207,20220218,20220218,133701000,13:37:01,8724,15755,58595,684921250,0,0,0
l2207,20220218,20220218,133701500,13:37:02,8724,15755,58595,684921250,0,0,0
l2207,20220218,20220218,133702000,13:37:02,8724,15755,58595,684921250,0,0,0
l2207,20220218,20220218,133702500,13:37:03,8724,15755,58595,684921250,0,0,0
l2207,20220218,20220218,133703000,13:37:03,8724,15755,58595,684921250,0,0,0
l2207,20220218,20220218,133703500,13:37:03,8724,15755,58595,684921250,0,0,0
l2207,20220218,20220218,133704000,13:37:04,8724,15755,58595,684921250,0,0,0
l2207,20220218,20220218,133704500,13:37:05,8724,15755,58595,684921250,0,0,0
l2207,20220218,20220218,133705000,13:37:05,8724,15755,58595,684921250,0,0,0
l2207,20220218,20220218,133705500,13:37:08,8724,15755,58595,684921250,0,0,0
l2207,20220218,20220218,133706000,13:37:08,8724,15755,58595,684921250,0,0,0
l2207,20220218,20220218,133706500,13:37:08,8724,15755,58595,684921250,0,0,0
l2207,20220218,20220218,133707000,13:37:08,8724,15755,58595,684921250,0,0,0
l2207,20220218,20220218,133710000,13:37:11,8724,15755,58595,684921250,0,0,0
l2207,20220218,20220218,133710500,13:37:11,8724,15755,58595,684921250,0,0,0
l2207,20220218,20220218,133711000,13:37:12,8729,15758,58598,685052185,3,3,130935
l2207,20220218,20220218,133711500,13:37:13,8729,15758,58598,685052185,0,0,0
l2207,20220218,20220218,133712000,13:37:13,8729,15758,58598,685052185,0,0,0
l2207,20220218,20220218,133712500,13:37:13,8729,15758,58598,685052185,0,0,0
l2207,20220218,20220218,133713000,13:37:14,8729,15758,58598,685052185,0,0,0
l2207,20220218,20220218,133713500,13:37:14,8729,15758,58598,685052185,0,0,0
l2207,20220218,20220218,133714000,13:37:14,8729,15758,58598,685052185,0,0,0
l2207,20220218,20220218,133715500,13:37:16,8729,15758,58598,685052185,0,0,0
l2207,20220218,20220218,133716000,13:37:16,8729,15758,58598,685052185,0,0,0
l2207,20220218,20220218,133716500,13:37:17,8729,15758,58598,685052185,0,0,0
l2207,20220218,20220218,133717000,13:37:18,8729,15758,58598,685052185,0,0,0
l2207,20220218,20220218,133717500,13:37:18,8729,15758,58598,685052185,0,0,0
l2207,20220218,20220218,133718000,13:37:19,8729,15758,58598,685052185,0,0,0
l2207,20220218,20220218,133718500,13:37:19,8729,15758,58598,685052185,0,0,0
l2207,20220218,20220218,133719000,13:37:19,8729,15758,58598,685052185,0,0,0
l2207,20220218,20220218,133719500,13:37:20,8729,15758,58598,685052185,0,0,0
l2207,20220218,20220218,133720000,13:37:21,8729,15758,58598,685052185,0,0,0
l2207,20220218,20220218,133720500,13:37:21,8729,15758,58598,685052185,0,0,0
l2207,20220218,20220218,133721000,13:37:21,8729,15758,58598,685052185,0,0,0
l2207,20220218,20220218,133721500,13:37:22,8729,15758,58598,685052185,0,0,0
l2207,20220218,20220218,133723000,13:37:23,8729,15758,58598,685052185,0,0,0
l2207,20220218,20220218,133723500,13:37:23,8729,15758,58598,685052185,0,0,0
l2207,20220218,20220218,133724000,13:37:24,8729,15758,58598,685052185,0,0,0
l2207,20220218,20220218,133724500,13:37:25,8729,15758,58598,685052185,0,0,0
l2207,20220218,20220218,133725000,13:37:25,8729,15758,58598,685052185,0,0,0
l2207,20220218,20220218,133725500,13:37:26,8729,15758,58598,685052185,0,0,0
l2207,20220218,20220218,133726000,13:37:26,8729,15758,58598,685052185,0,0,0
l2207,20220218,20220218,133726500,13:37:27,8729,15758,58598,685052185,0,0,0
l2207,20220218,20220218,133727000,13:37:27,8729,15758,58598,685052185,0,0,0
l2207,20220218,20220218,133727500,13:37:27,8729,15758,58598,685052185,0,0,0
l2207,20220218,20220218,133728000,13:37:28,8729,15758,58598,685052185,0,0,0
l2207,20220218,20220218,133728500,13:37:29,8729,15758,58598,685052185,0,0,0
l2207,20220218,20220218,133729000,13:37:29,8729,15758,58598,685052185,0,0,0
l2207,20220218,20220218,133729500,13:37:30,8729,15758,58598,685052185,0,0,0
l2207,20220218,20220218,133730000,13:37:30,8729,15758,58598,685052185,0,0,0
l2207,20220218,20220218,133730500,13:37:31,8729,15758,58598,685052185,0,0,0
l2207,20220218,20220218,133731000,13:37:31,8729,15758,58598,685052185,0,0,0
l2207,20220218,20220218,133731500,13:37:31,8729,15758,58598,685052185,0,0,0
l2207,20220218,20220218,133732000,13:37:32,8729,15758,58598,685052185,0,0,0
l2207,20220218,20220218,133732500,13:37:33,8729,15758,58598,685052185,0,0,0
l2207,20220218,20220218,133733000,13:37:33,8729,15758,58598,685052185,0,0,0
l2207,20220218,20220218,133733500,13:37:33,8729,15758,58598,685052185,0,0,0
l2207,20220218,20220218,133734000,13:37:34,8729,15758,58598,685052185,0,0,0
l2207,20220218,20220218,133734500,13:37:34,8729,15758,58598,685052185,0,0,0
l2207,20220218,20220218,133735000,13:37:35,8729,15758,58598,685052185,0,0,0
l2207,20220218,20220218,133735500,13:37:36,8729,15758,58598,685052185,0,0,0
l2207,20220218,20220218,133736000,13:37:36,8729,15758,58598,685052185,0,0,0
l2207,20220218,20220218,133736500,13:37:37,8729,15758,58598,685052185,0,0,0
l2207,20220218,20220218,133737000,13:37:37,8729,15758,58598,685052185,0,0,0
l2207,20220218,20220218,133737500,13:37:37,8729,15758,58598,685052185,0,0,0
l2207,20220218,20220218,133738000,13:37:39,8729,15758,58598,685052185,0,0,0
l2207,20220218,20220218,133738500,13:37:39,8729,15758,58598,685052185,0,0,0
l2207,20220218,20220218,133739000,13:37:39,8729,15758,58598,685052185,0,0,0
l2207,20220218,20220218,133739500,13:37:39,8729,15758,58598,685052185,0,0,0
l2207,20220218,20220218,133740000,13:37:40,8729,15758,58598,685052185,0,0,0
l2207,20220218,20220218,133740500,13:37:40,8729,15758,58598,685052185,0,0,0
l2207,20220218,20220218,133741000,13:37:41,8729,15758,58598,685052185,0,0,0
l2207,20220218,20220218,133741500,13:37:42,8729,15758,58598,685052185,0,0,0
l2207,20220218,20220218,133742000,13:37:42,8729,15758,58598,685052185,0,0,0
l2207,20220218,20220218,133743000,13:37:44,8729,15758,58598,685052185,0,0,0
l2207,20220218,20220218,133743500,13:37:44,8729,15758,58598,685052185,0,0,0
l2207,20220218,20220218,133744000,13:37:45,8729,15758,58598,685052185,0,0,0
l2207,20220218,20220218,133744500,13:37:45,8729,15758,58598,685052185,0,0,0
l2207,20220218,20220218,133745000,13:37:45,8729,15758,58598,685052185,0,0,0
l2207,20220218,20220218,133745500,13:37:45,8729,15758,58598,685052185,0,0,0
l2207,20220218,20220218,133746000,13:37:46,8729,15758,58598,685052185,0,0,0
l2207,20220218,20220218,133746500,13:37:47,8729,15758,58598,685052185,0,0,0
l2207,20220218,20220218,133747000,13:37:47,8729,15758,58598,685052185,0,0,0
l2207,20220218,20220218,133747500,13:37:48,8729,15758,58598,685052185,0,0,0
l2207,20220218,20220218,133748000,13:37:48,8729,15758,58598,685052185,0,0,0
l2207,20220218,20220218,133748500,13:37:49,8729,15758,58598,685052185,0,0,0
l2207,20220218,20220218,133749500,13:37:49,8729,15758,58598,685052185,0,0,0
l2207,20220218,20220218,133750000,13:37:50,8729,15758,58598,685052185,0,0,0
l2207,20220218,20220218,133750500,13:37:51,8729,15758,58598,685052185,0,0,0
l2207,20220218,20220218,133751000,13:37:51,8729,15758,58598,685052185,0,0,0
l2207,20220218,20220218,133751500,13:37:53,8729,15758,58598,685052185,0,0,0
l2207,20220218,20220218,133752000,13:37:53,8729,15758,58598,685052185,0,0,0
l2207,20220218,20220218,133752500,13:37:54,8729,15758,58598,685052185,0,0,0
l2207,20220218,20220218,133753000,13:37:54,8729,15758,58598,685052185,0,0,0
l2207,20220218,20220218,133754000,13:37:55,8729,15758,58598,685052185,0,0,0
l2207,20220218,20220218,133754500,13:37:55,8729,15758,58598,685052185,0,0,0
l2207,20220218,20220218,133755000,13:37:55,8729,15758,58598,685052185,0,0,0
l2207,20220218,20220218,133755500,13:37:55,8729,15758,58598,685052185,0,0,0
l2207,20220218,20220218,133757000,13:37:57,8729,15758,58598,685052185,0,0,0
l2207,20220218,20220218,133757500,13:37:58,8729,15758,58598,685052185,0,0,0
l2207,20220218,20220218,133758000,13:37:58,8729,15758,58598,685052185,0,0,0
l2207,20220218,20220218,133758500,13:37:59,8729,15758,58598,685052185,0,0,0
l2207,20220218,20220218,133759000,13:38:00,8729,15758,58598,685052185,0,0,0
l2207,20220218,20220218,133759500,13:38:00,8729,15758,58598,685052185,0,0,0
l2207,20220218,20220218,133801000,13:38:03,8729,15758,58598,685052185,0,0,0
l2207,20220218,20220218,133802000,13:38:04,8729,15758,58598,685052185,0,0,0
l2207,20220218,20220218,133802500,13:38:06,8729,15758,58598,685052185,0,0,0
l2207,20220218,20220218,133803000,13:38:06,8729,15758,58598,685052185,0,0,0
l2207,20220218,20220218,133805000,13:38:06,8729,15758,58598,685052185,0,0,0
l2207,20220218,20220218,133806000,13:38:09,8729,15758,58598,685052185,0,0,0
l2207,20220218,20220218,133806500,13:38:09,8729,15758,58598,685052185,0,0,0
l2207,20220218,20220218,133808500,13:38:09,8729,15758,58598,685052185,0,0,0
l2207,20220218,20220218,133811000,13:38:14,8729,15758,58598,685052185,0,0,0
l2207,20220218,20220218,133811500,13:38:14,8729,15758,58598,685052185,0,0,0
l2207,20220218,20220218,133814000,13:38:17,8729,15758,58598,685052185,0,0,0
l2207,20220218,20220218,133814500,13:38:17,8729,15758,58598,685052185,0,0,0
l2207,20220218,20220218,133815000,13:38:17,8729,15758,58598,685052185,0,0,0
l2207,20220218,20220218,133817000,13:38:18,8729,15758,58598,685052185,0,0,0
l2207,20220218,20220218,133817500,13:38:18,8729,15758,58598,685052185,0,0,0
l2207,20220218,20220218,133818000,13:38:18,8729,15758,58598,685052185,0,0,0
l2207,20220218,20220218,133818500,13:38:19,8729,15758,58598,685052185,0,0,0
l2207,20220218,20220218,133819000,13:38:19,8729,15758,58598,685052185,0,0,0
l2207,20220218,20220218,133819500,13:38:19,8729,15758,58598,685052185,0,0,0
l2207,20220218,20220218,133820000,13:38:20,8729,15758,58598,685052185,0,0,0
l2207,20220218,20220218,133820500,13:38:22,8729,15758,58598,685052185,0,0,0
l2207,20220218,20220218,133821000,13:38:22,8729,15758,58598,685052185,0,0,0
l2207,20220218,20220218,133821500,13:38:23,8729,15758,58598,685052185,0,0,0
l2207,20220218,20220218,133822000,13:38:23,8729,15758,58598,685052185,0,0,0
l2207,20220218,20220218,133822500,13:38:23,8729,15758,58598,685052185,0,0,0
l2207,20220218,20220218,133823000,13:38:24,8729,15758,58598,685052185,0,0,0
l2207,20220218,20220218,133823500,13:38:24,8729,15758,58598,685052185,0,0,0
l2207,20220218,20220218,133824000,13:38:25,8729,15758,58598,685052185,0,0,0
l2207,20220218,20220218,133824500,13:38:41,8729,15758,58598,685052185,0,0,0
l2207,20220218,20220218,133825000,13:38:41,8729,15758,58598,685052185,0,0,0
l2207,20220218,20220218,133825500,13:38:41,8729,15758,58598,685052185,0,0,0
l2207,20220218,20220218,133837500,13:38:43,8729,15758,58598,685052185,0,0,0
l2207,20220218,20220218,133847500,13:38:47,8729,15758,58598,685052185,0,0,0
l2207,20220218,20220218,133850000,13:38:50,8729,15758,58598,685052185,0,0,0
l2207,20220218,20220218,133851000,13:38:51,8729,15758,58598,685052185,0,0,0
l2207,20220218,20220218,133853000,13:38:53,8729,15758,58598,685052185,0,0,0
l2207,20220218,20220218,133856500,13:38:56,8729,15758,58598,685052185,0,0,0
l2207,20220218,20220218,133857000,13:38:57,8729,15758,58598,685052185,0,0,0
l2207,20220218,20220218,133907500,13:39:07,8729,15758,58598,685052185,0,0,0
l2207,20220218,20220218,133908500,13:39:08,8729,15758,58598,685052185,0,0,0
l2207,20220218,20220218,133909000,13:39:09,8729,15758,58598,685052185,0,0,0
l2207,20220218,20220218,133913500,13:39:13,8729,15758,58598,685052185,0,0,0
l2207,20220218,20220218,133914000,13:39:15,8729,15758,58598,685052185,0,0,0
l2207,20220218,20220218,133914500,13:39:16,8729,15758,58598,685052185,0,0,0
l2207,20220218,20220218,133915000,13:39:19,8729,15758,58598,685052185,0,0,0
l2207,20220218,20220218,133918000,13:39:19,8729,15758,58598,685052185,0,0,0
l2207,20220218,20220218,133920500,13:39:20,8729,15758,58598,685052185,0,0,0
l2207,20220218,20220218,133922500,13:39:23,8729,15758,58598,685052185,0,0,0
l2207,20220218,20220218,133923500,13:39:23,8729,15758,58598,685052185,0,0,0
l2207,20220218,20220218,133924000,13:39:24,8729,15758,58598,685052185,0,0,0
l2207,20220218,20220218,133925000,13:39:25,8729,15758,58598,685052185,0,0,0
l2207,20220218,20220218,133925500,13:39:26,8729,15758,58598,685052185,0,0,0
l2207,20220218,20220218,133927500,13:39:27,8729,15758,58598,685052185,0,0,0
l2207,20220218,20220218,133929000,13:39:29,8724,15799,58604,686840915,41,6,1788730
l2207,20220218,20220218,133930500,13:39:30,8724,15802,58604,686971775,3,0,130860
l2207,20220218,20220218,133932000,13:39:32,8724,15802,58604,686971775,0,0,0
l2207,20220218,20220218,133933000,13:39:33,8724,15802,58604,686971775,0,0,0
l2207,20220218,20220218,133934000,13:39:34,8722,15804,58604,687058995,2,0,87220
l2207,20220218,20220218,133935500,13:39:35,8722,15805,58604,687102605,1,0,43610
l2207,20220218,20220218,133936500,13:39:36,8724,15807,58604,687189840,2,0,87235
l2207,20220218,20220218,133937500,13:39:37,8724,15809,58605,687277080,2,1,87240
l2207,20220218,20220218,133938500,13:39:38,8724,15809,58605,687277080,0,0,0
l2207,20220218,20220218,133939500,13:39:39,8724,15809,58605,687277080,0,0,0
l2207,20220218,20220218,133940000,13:39:41,8724,15809,58605,687277080,0,0,0
l2207,20220218,20220218,133941000,13:39:41,8724,15809,58605,687277080,0,0,0
l2207,20220218,20220218,133944000,13:39:44,8722,15811,58603,687364300,2,-2,87220
l2207,20220218,20220218,133945000,13:39:46,8722,15811,58603,687364300,0,0,0
l2207,20220218,20220218,133945500,13:39:46,8722,15811,58603,687364300,0,0,0
l2207,20220218,20220218,133946000,13:39:47,8722,15844,58598,688803810,33,-5,1439510
l2207,20220218,20220218,133946500,13:39:47,8722,15844,58598,688803810,0,0,0
l2207,20220218,20220218,133948000,13:39:48,8722,15844,58598,688803810,0,0,0
l2207,20220218,20220218,133950500,13:39:50,8722,15844,58598,688803810,0,0,0
l2207,20220218,20220218,133951000,13:39:51,8722,15844,58598,688803810,0,0,0
l2207,20220218,20220218,133952000,13:39:53,8722,15844,58598,688803810,0,0,0
l2207,20220218,20220218,133952500,13:39:53,8722,15844,58598,688803810,0,0,0
