lh2203,20220218,20220218,112002000,11:20:04,12520,3466,20585,701498080,3466,-653,701498080
lh2203,20220218,20220218,112005000,11:20:10,12520,3468,20583,701898720,2,-2,400640
lh2203,20220218,20220218,112006500,11:20:10,12520,3469,20583,702099040,1,0,200320
lh2203,20220218,20220218,112008000,11:20:10,12520,3469,20583,702099040,0,0,0
lh2203,20220218,20220218,112009500,11:20:10,12520,3469,20583,702099040,0,0,0
lh2203,20220218,20220218,112018500,11:20:18,12520,3472,20583,702700000,3,0,600960
lh2203,20220218,20220218,112024500,11:20:24,12520,3473,20583,702900320,1,0,200320
lh2203,20220218,20220218,112028500,11:20:28,12515,3477,20583,703701280,4,0,800960
lh2203,20220218,20220218,112042500,11:20:42,12515,3477,20583,703701280,0,0,0
lh2203,20220218,20220218,112049500,11:20:50,12515,3477,20583,703701280,0,0,0
lh2203,20220218,20220218,112054500,11:20:55,12515,3478,20582,703901520,1,-1,200240
lh2203,20220218,20220218,112102000,11:21:03,12515,3479,20581,704101760,1,-1,200240
lh2203,20220218,20220218,112102500,11:21:03,12515,3479,20581,704101760,0,0,0
lh2203,20220218,20220218,112107000,11:21:09,12510,3481,20580,704502080,2,-1,400320
lh2203,20220218,20220218,112107500,11:21:10,12510,3481,20580,704502080,0,0,0
lh2203,20220218,20220218,112108000,11:21:10,12510,3481,20580,704502080,0,0,0
lh2203,20220218,20220218,112114500,11:21:15,12515,3482,20581,704702320,1,1,200240
lh2203,20220218,20220218,112120000,11:21:20,12515,3483,20581,704902560,1,0,200240
lh2203,20220218,20220218,112332000,11:23:33,12520,3508,20583,709910160,25,2,5007600
lh2203,20220218,20220218,112334500,11:23:34,12520,3508,20583,709910160,0,0,0
lh2203,20220218,20220218,112341500,11:23:42,12520,3508,20583,709910160,0,0,0
lh2203,20220218,20220218,112347000,11:23:48,12525,3509,20582,710110560,1,-1,200400
lh2203,20220218,20220218,112355000,11:23:55,12525,3509,20582,710110560,0,0,0
lh2203,20220218,20220218,112357000,11:23:57,12525,3509,20582,710110560,0,0,0
lh2203,20220218,20220218,112408000,11:24:08,12520,3510,20582,710310880,1,0,200320
lh2203,20220218,20220218,112410500,11:24:12,12525,3511,20582,710511280,1,0,200400
lh2203,20220218,20220218,112418500,11:24:19,12525,3511,20582,710511280,0,0,0
lh2203,20220218,20220218,112420000,11:24:20,12525,3511,20582,710511280,0,0,0
lh2203,20220218,20220218,112427000,11:24:27,12525,3511,20582,710511280,0,0,0
lh2203,20220218,20220218,112431000,11:24:31,12525,3511,20582,710511280,0,0,0
lh2203,20220218,20220218,112437000,11:24:37,12525,3511,20582,710511280,0,0,0
lh2203,20220218,20220218,112440000,11:24:40,12515,3516,20582,711512480,5,0,1001200
lh2203,20220218,20220218,112448000,11:24:48,12515,3521,20587,712513680,5,5,1001200
lh2203,20220218,20220218,112510500,11:25:10,12515,3521,20587,712513680,0,0,0
lh2203,20220218,20220218,112514500,11:25:16,12515,3522,20587,712713920,1,0,200240
lh2203,20220218,20220218,112524000,11:25:25,12515,3522,20587,712713920,0,0,0
lh2203,20220218,20220218,112546000,11:25:47,12515,3522,20587,712713920,0,0,0
lh2203,20220218,20220218,112550000,11:25:50,12515,3522,20587,712713920,0,0,0
lh2203,20220218,20220218,112553000,11:25:53,12520,3523,20586,712914240,1,-1,200320
lh2203,20220218,20220218,112559000,11:26:00,12520,3523,20586,712914240,0,0,0
lh2203,20220218,20220218,112617000,11:26:17,12520,3523,20586,712914240,0,0,0
lh2203,20220218,20220218,112623000,11:26:23,12520,3527,20582,713715520,4,-4,801280
lh2203,20220218,20220218,112624500,11:26:24,12520,3528,20582,713915840,1,0,200320
lh2203,20220218,20220218,112633500,11:26:34,12525,3529,20582,714116240,1,0,200400
lh2203,20220218,20220218,112635000,11:26:37,12515,3530,20581,714316480,1,-1,200240
lh2203,20220218,20220218,112636000,11:26:54,12525,3531,20581,714516880,1,0,200400
lh2203,20220218,20220218,112652500,11:27:11,12525,3531,20581,714516880,0,0,0
lh2203,20220218,20220218,112702000,11:27:12,12510,3536,20580,715518000,5,-1,1001120
lh2203,20220218,20220218,112718500,11:27:19,12510,3536,20580,715518000,0,0,0
lh2203,20220218,20220218,112725500,11:27:27,12510,3536,20580,715518000,0,0,0
lh2203,20220218,20220218,112728000,11:27:28,12510,3536,20580,715518000,0,0,0
lh2203,20220218,20220218,112732000,11:27:36,12510,3536,20580,715518000,0,0,0
lh2203,20220218,20220218,112735000,11:27:36,12510,3541,20583,716518800,5,3,1000800
lh2203,20220218,20220218,112741000,11:27:41,12505,3542,20583,716718880,1,0,200080
lh2203,20220218,20220218,112741500,11:27:42,12505,3543,20583,716918960,1,0,200080
lh2203,20220218,20220218,112751000,11:27:54,12505,3548,20585,717919360,5,2,1000400
lh2203,20220218,20220218,112758000,11:27:58,12505,3548,20585,717919360,0,0,0
lh2203,20220218,20220218,112802000,11:28:03,12505,3555,20580,719319920,7,-5,1400560
lh2203,20220218,20220218,112802500,11:28:03,12500,3561,20575,720520160,6,-5,1200240
lh2203,20220218,20220218,112803000,11:28:04,12500,3561,20575,720520160,0,0,0
lh2203,20220218,20220218,112807000,11:28:10,12500,3561,20575,720520160,0,0,0
lh2203,20220218,20220218,112808500,11:28:11,12500,3561,20575,720520160,0,0,0
lh2203,20220218,20220218,112813500,11:28:14,12500,3561,20575,720520160,0,0,0
lh2203,20220218,20220218,112817500,11:28:17,12500,3561,20575,720520160,0,0,0
lh2203,20220218,20220218,112818500,11:28:18,12500,3561,20575,720520160,0,0,0
lh2203,20220218,20220218,112823000,11:28:23,12505,3562,20574,720720240,1,-1,200080
lh2203,20220218,20220218,112825000,11:28:25,12505,3563,20574,720920320,1,0,200080
lh2203,20220218,20220218,112825500,11:28:25,12505,3564,20574,721120400,1,0,200080
lh2203,20220218,20220218,112827500,11:28:27,12505,3565,20575,721320480,1,1,200080
lh2203,20220218,20220218,112828000,11:28:28,12505,3565,20575,721320480,0,0,0
lh2203,20220218,20220218,112829500,11:28:30,12505,3565,20575,721320480,0,0,0
lh2203,20220218,20220218,112838500,11:28:38,12505,3565,20575,721320480,0,0,0
lh2203,20220218,20220218,112840500,11:28:40,12505,3566,20575,721520560,1,0,200080
lh2203,20220218,20220218,112843500,11:28:44,12500,3567,20575,721720560,1,0,200000
lh2203,20220218,20220218,112853000,11:28:54,12505,3569,20576,722120720,2,1,400160
lh2203,20220218,20220218,112854500,11:28:54,12500,3570,20575,722320720,1,-1,200000
lh2203,20220218,20220218,112857500,11:28:58,12500,3570,20575,722320720,0,0,0
lh2203,20220218,20220218,112858500,11:28:59,12500,3570,20575,722320720,0,0,0
lh2203,20220218,20220218,112901000,11:29:01,12505,3571,20575,722520800,1,0,200080
lh2203,20220218,20220218,112910500,11:29:11,12500,3572,20575,722720800,1,0,200000
lh2203,20220218,20220218,112912500,11:29:12,12500,3572,20575,722720800,0,0,0
lh2203,20220218,20220218,112913000,11:29:13,12500,3573,20575,722920800,1,0,200000
lh2203,20220218,20220218,112915500,11:29:16,12505,3574,20575,723120880,1,0,200080
lh2203,20220218,20220218,112916000,11:29:16,12505,3574,20575,723120880,0,0,0
lh2203,20220218,20220218,112916500,11:29:20,12505,3575,20574,723320960,1,-1,200080
lh2203,20220218,20220218,112917500,11:29:21,12505,3576,20574,723521040,1,0,200080
lh2203,20220218,20220218,112922000,11:29:24,12500,3578,20572,723921040,2,-2,400000
lh2203,20220218,20220218,112923000,11:29:24,12505,3579,20572,724121120,1,0,200080
lh2203,20220218,20220218,112923500,11:29:24,12505,3583,20568,724921440,4,-4,800320
lh2203,20220218,20220218,112925000,11:29:25,12505,3583,20568,724921440,0,0,0
lh2203,20220218,20220218,112926500,11:29:26,12505,3583,20568,724921440,0,0,0
lh2203,20220218,20220218,112931500,11:29:32,12505,3584,20568,725121520,1,0,200080
lh2203,20220218,20220218,112934500,11:29:38,12505,3586,20570,725521680,2,2,400160
lh2203,20220218,20220218,112938500,11:29:39,12505,3587,20570,725721760,1,0,200080
lh2203,20220218,20220218,112947500,11:29:48,12505,3587,20570,725721760,0,0,0
lh2203,20220218,20220218,112950000,11:29:51,12505,3590,20570,726321920,3,0,600160
lh2203,20220218,20220218,112954500,11:29:54,12510,3591,20570,726522080,1,0,200160
lh2203,20220218,20220218,112956000,11:30:00,12525,3598,20565,727924320,7,-5,1402240
lh2203,20220218,20220218,112956500,11:30:00,12525,3598,20565,727924320,0,0,0
lh2203,20220218,20220218,112959000,11:30:02,12525,3599,20565,728124720,1,0,200400
lh2203,20220218,20220218,113001500,11:30:03,12525,3599,20565,728124720,0,0,0
lh2203,20220218,20220218,133001500,13:30:02,12520,3697,20501,747720720,98,-64,19596000
lh2203,20220218,20220218,133002000,13:30:08,12520,3703,20504,748922640,6,3,1201920
lh2203,20220218,20220218,133002500,13:30:10,12520,3703,20504,748922640,0,0,0
lh2203,20220218,20220218,133008000,13:30:10,12505,3704,20503,749122720,1,-1,200080
lh2203,20220218,20220218,133008500,13:30:10,12505,3704,20503,749122720,0,0,0
lh2203,20220218,20220218,133012500,13:30:13,12505,3705,20502,749322800,1,-1,200080
lh2203,20220218,20220218,133013000,13:30:14,12495,3706,20503,749522720,1,1,199920
lh2203,20220218,20220218,133013500,13:30:14,12495,3708,20504,749922560,2,1,399840
lh2203,20220218,20220218,133014500,13:30:17,12495,3708,20504,749922560,0,0,0
lh2203,20220218,20220218,133016000,13:30:18,12510,3709,20505,750122720,1,1,200160
lh2203,20220218,20220218,133017000,13:30:18,12495,3713,20502,750922560,4,-3,799840
lh2203,20220218,20220218,133017500,13:30:19,12495,3713,20502,750922560,0,0,0
lh2203,20220218,20220218,133018000,13:30:19,12515,3714,20503,751122800,1,1,200240
lh2203,20220218,20220218,133018500,13:30:20,12515,3714,20503,751122800,0,0,0
lh2203,20220218,20220218,133019500,13:30:21,12495,3715,20503,751322720,1,0,199920
lh2203,20220218,20220218,133020000,13:30:21,12505,3716,20502,751522800,1,-1,200080
lh2203,20220218,20220218,133021500,13:30:22,12510,3717,20502,751722960,1,0,200160
lh2203,20220218,20220218,133022000,13:30:38,12510,3719,20501,752122960,2,-1,400000
lh2203,20220218,20220218,133022500,13:30:38,12510,3719,20501,752122960,0,0,0
lh2203,20220218,20220218,133023000,13:30:39,12505,3720,20501,752323040,1,0,200080
lh2203,20220218,20220218,133036000,13:30:40,12505,3720,20501,752323040,0,0,0
lh2203,20220218,20220218,133038500,13:30:42,12505,3723,20501,752923280,3,0,600240
lh2203,20220218,20220218,133041000,13:30:43,12510,3724,20502,753123440,1,1,200160
lh2203,20220218,20220218,133041500,13:30:44,12500,3725,20501,753323440,1,-1,200000
lh2203,20220218,20220218,133045000,13:30:46,12500,3725,20501,753323440,0,0,0
lh2203,20220218,20220218,133046000,13:30:47,12490,3737,20491,755722640,12,-10,2399200
lh2203,20220218,20220218,133046500,13:30:47,12510,3739,20491,756122880,2,0,400240
lh2203,20220218,20220218,133047500,13:30:48,12510,3739,20491,756122880,0,0,0
lh2203,20220218,20220218,133048000,13:30:48,12510,3739,20491,756122880,0,0,0
lh2203,20220218,20220218,133048500,13:30:49,12510,3739,20491,756122880,0,0,0
lh2203,20220218,20220218,133049000,13:30:50,12510,3739,20491,756122880,0,0,0
lh2203,20220218,20220218,133049500,13:30:50,12510,3739,20491,756122880,0,0,0
lh2203,20220218,20220218,133050000,13:30:51,12510,3739,20491,756122880,0,0,0
lh2203,20220218,20220218,133051500,13:30:52,12490,3741,20491,756522800,2,0,399920
lh2203,20220218,20220218,133053000,13:30:54,12490,3741,20491,756522800,0,0,0
lh2203,20220218,20220218,133055000,13:30:56,12490,3741,20491,756522800,0,0,0
lh2203,20220218,20220218,133056000,13:30:57,12490,3741,20491,756522800,0,0,0
lh2203,20220218,20220218,133057500,13:30:58,12490,3741,20491,756522800,0,0,0
lh2203,20220218,20220218,133058000,13:30:58,12490,3741,20491,756522800,0,0,0
lh2203,20220218,20220218,133100000,13:31:00,12490,3741,20491,756522800,0,0,0
lh2203,20220218,20220218,133104000,13:31:06,12495,3744,20489,757122560,3,-2,599760
lh2203,20220218,20220218,133104500,13:31:07,12495,3744,20489,757122560,0,0,0
lh2203,20220218,20220218,133107500,13:31:09,12495,3745,20489,757322480,1,0,199920
lh2203,20220218,20220218,133108000,13:31:09,12490,3746,20489,757522320,1,0,199840
lh2203,20220218,20220218,133109500,13:31:10,12490,3746,20489,757522320,0,0,0
lh2203,20220218,20220218,133111000,13:31:12,12490,3747,20490,757722160,1,1,199840
lh2203,20220218,20220218,133111500,13:31:12,12490,3747,20490,757722160,0,0,0
lh2203,20220218,20220218,133113500,13:31:15,12490,3747,20490,757722160,0,0,0
lh2203,20220218,20220218,133118000,13:31:19,12490,3748,20490,757922000,1,0,199840
lh2203,20220218,20220218,133121000,13:31:21,12490,3748,20490,757922000,0,0,0
lh2203,20220218,20220218,133121500,13:31:22,12490,3749,20489,758121840,1,-1,199840
lh2203,20220218,20220218,133123000,13:31:25,12490,3750,20489,758321680,1,0,199840
lh2203,20220218,20220218,133159000,13:31:59,12495,3753,20492,758921440,3,3,599760
lh2203,20220218,20220218,133159500,13:32:00,12490,3754,20491,759121280,1,-1,199840
lh2203,20220218,20220218,133200500,13:32:01,12485,3765,20493,761320240,11,2,2198960
lh2203,20220218,20220218,133201500,13:32:01,12485,3766,20493,761520000,1,0,199760
lh2203,20220218,20220218,133202000,13:32:03,12485,3766,20493,761520000,0,0,0
lh2203,20220218,20220218,133207000,13:32:07,12485,3767,20493,761719760,1,0,199760
lh2203,20220218,20220218,133207500,13:32:07,12485,3767,20493,761719760,0,0,0
lh2203,20220218,20220218,133208000,13:32:09,12490,3768,20493,761919600,1,0,199840
lh2203,20220218,20220218,133212500,13:32:15,12490,3768,20493,761919600,0,0,0
lh2203,20220218,20220218,133216000,13:32:17,12495,3769,20494,762119520,1,1,199920
lh2203,20220218,20220218,133219500,13:32:20,12495,3769,20494,762119520,0,0,0
lh2203,20220218,20220218,133220000,13:32:21,12495,3771,20495,762519360,2,1,399840
lh2203,20220218,20220218,133221000,13:32:21,12495,3771,20495,762519360,0,0,0
lh2203,20220218,20220218,133222000,13:32:23,12500,3772,20495,762719360,1,0,200000
lh2203,20220218,20220218,133222500,13:32:24,12500,3774,20496,763119360,2,1,400000
lh2203,20220218,20220218,133223000,13:32:24,12495,3775,20495,763319280,1,-1,199920
lh2203,20220218,20220218,133225500,13:32:26,12500,3776,20496,763519280,1,1,200000
lh2203,20220218,20220218,133233500,13:32:35,12500,3776,20496,763519280,0,0,0
lh2203,20220218,20220218,133235500,13:32:36,12500,3776,20496,763519280,0,0,0
lh2203,20220218,20220218,133243000,13:32:43,12505,3777,20496,763719360,1,0,200080
lh2203,20220218,20220218,133246000,13:32:47,12505,3780,20497,764319440,3,1,600080
lh2203,20220218,20220218,133248000,13:32:49,12505,3781,20497,764519520,1,0,200080
lh2203,20220218,20220218,133254000,13:32:54,12505,3781,20497,764519520,0,0,0
lh2203,20220218,20220218,133259500,13:33:01,12505,3781,20497,764519520,0,0,0
lh2203,20220218,20220218,133301000,13:33:02,12505,3781,20497,764519520,0,0,0
lh2203,20220218,20220218,133303500,13:33:04,12505,3781,20497,764519520,0,0,0
lh2203,20220218,20220218,133304500,13:33:05,12505,3781,20497,764519520,0,0,0
lh2203,20220218,20220218,133305000,13:33:05,12505,3781,20497,764519520,0,0,0
lh2203,20220218,20220218,133309000,13:33:09,12505,3785,20501,765319840,4,4,800320
lh2203,20220218,20220218,133311000,13:33:13,12505,3786,20502,765519920,1,1,200080
lh2203,20220218,20220218,133313500,13:33:15,12505,3786,20502,765519920,0,0,0
lh2203,20220218,20220218,133315500,13:33:18,12505,3786,20502,765519920,0,0,0
lh2203,20220218,20220218,133317500,13:33:19,12505,3786,20502,765519920,0,0,0
lh2203,20220218,20220218,133318500,13:33:19,12505,3786,20502,765519920,0,0,0
lh2203,20220218,20220218,133319500,13:33:20,12505,3786,20502,765519920,0,0,0
lh2203,20220218,20220218,133343500,13:33:44,12505,3786,20502,765519920,0,0,0
lh2203,20220218,20220218,133344000,13:33:45,12505,3786,20502,765519920,0,0,0
lh2203,20220218,20220218,133351000,13:33:51,12510,3788,20503,765920240,2,1,400320
lh2203,20220218,20220218,133354000,13:33:54,12515,3789,20503,766120480,1,0,200240
lh2203,20220218,20220218,133356500,13:33:57,12515,3789,20503,766120480,0,0,0
lh2203,20220218,20220218,133359500,13:34:00,12515,3789,20503,766120480,0,0,0
lh2203,20220218,20220218,133400000,13:34:00,12520,3794,20507,767122000,5,4,1001520
lh2203,20220218,20220218,133401000,13:34:02,12520,3794,20507,767122000,0,0,0
lh2203,20220218,20220218,133402000,13:34:10,12520,3794,20507,767122000,0,0,0
lh2203,20220218,20220218,133402500,13:34:10,12515,3795,20507,767322240,1,0,200240
lh2203,20220218,20220218,133409500,13:34:12,12520,3796,20506,767522560,1,-1,200320
lh2203,20220218,20220218,133417500,13:34:17,12520,3796,20506,767522560,0,0,0
lh2203,20220218,20220218,133418500,13:34:19,12520,3796,20506,767522560,0,0,0
lh2203,20220218,20220218,133421000,13:34:23,12525,3798,20506,767923360,2,0,400800
lh2203,20220218,20220218,133423500,13:34:24,12525,3798,20506,767923360,0,0,0
lh2203,20220218,20220218,133426000,13:34:26,12525,3803,20503,768925360,5,-3,1002000
lh2203,20220218,20220218,133426500,13:34:26,12525,3804,20503,769125760,1,0,200400
lh2203,20220218,20220218,133428500,13:34:29,12530,3805,20502,769326240,1,-1,200480
lh2203,20220218,20220218,133429000,13:34:29,12530,3806,20501,769526720,1,-1,200480
lh2203,20220218,20220218,133429500,13:34:29,12525,3807,20501,769727120,1,0,200400
lh2203,20220218,20220218,133435000,13:34:35,12525,3807,20501,769727120,0,0,0
lh2203,20220218,20220218,133435500,13:34:36,12530,3808,20500,769927600,1,-1,200480
lh2203,20220218,20220218,133445000,13:34:46,12530,3809,20500,770128080,1,0,200480
lh2203,20220218,20220218,133448000,13:34:48,12530,3810,20499,770328560,1,-1,200480
lh2203,20220218,20220218,133448500,13:34:49,12530,3810,20499,770328560,0,0,0
lh2203,20220218,20220218,133450500,13:34:51,12535,3816,20497,771531760,6,-2,1203200
lh2203,20220218,20220218,133456000,13:34:57,12535,3816,20497,771531760,0,0,0
lh2203,20220218,20220218,133503500,13:35:10,12535,3816,20497,771531760,0,0,0
lh2203,20220218,20220218,133510500,13:35:11,12535,3817,20497,771732320,1,0,200560
lh2203,20220218,20220218,133516000,13:35:16,12540,3818,20497,771932960,1,0,200640
lh2203,20220218,20220218,133517000,13:35:17,12540,3818,20497,771932960,0,0,0
lh2203,20220218,20220218,133519000,13:35:19,12535,3819,20496,772133520,1,-1,200560
lh2203,20220218,20220218,133524500,13:35:25,12535,3819,20496,772133520,0,0,0
lh2203,20220218,20220218,133526500,13:35:27,12540,3824,20496,773136720,5,0,1003200
lh2203,20220218,20220218,133527000,13:35:31,12540,3824,20496,773136720,0,0,0
lh2203,20220218,20220218,133529500,13:35:33,12540,3824,20496,773136720,0,0,0
lh2203,20220218,20220218,133540000,13:35:43,12540,3824,20496,773136720,0,0,0
lh2203,20220218,20220218,133541500,13:35:44,12540,3824,20496,773136720,0,0,0
lh2203,20220218,20220218,133547000,13:35:47,12540,3824,20496,773136720,0,0,0
lh2203,20220218,20220218,133547500,13:35:48,12540,3824,20496,773136720,0,0,0
lh2203,20220218,20220218,133552500,13:35:53,12530,3828,20498,773938960,4,2,802240
lh2203,20220218,20220218,133554000,13:35:55,12530,3828,20498,773938960,0,0,0
lh2203,20220218,20220218,133601000,13:36:03,12540,3829,20499,774139600,1,1,200640
lh2203,20220218,20220218,133603500,13:36:05,12530,3830,20499,774340080,1,0,200480
lh2203,20220218,20220218,133604500,13:36:06,12530,3834,20502,775142000,4,3,801920
lh2203,20220218,20220218,133606000,13:36:07,12530,3834,20502,775142000,0,0,0
lh2203,20220218,20220218,133607000,13:36:08,12530,3834,20502,775142000,0,0,0
lh2203,20220218,20220218,133607500,13:36:08,12530,3834,20502,775142000,0,0,0
lh2203,20220218,20220218,133612000,13:36:12,12530,3834,20502,775142000,0,0,0
lh2203,20220218,20220218,133613000,13:36:13,12530,3834,20502,775142000,0,0,0
lh2203,20220218,20220218,133614000,13:36:14,12530,3834,20502,775142000,0,0,0
lh2203,20220218,20220218,133615500,13:36:15,12530,3834,20502,775142000,0,0,0
lh2203,20220218,20220218,133617500,13:36:19,12530,3834,20502,775142000,0,0,0
lh2203,20220218,20220218,133623000,13:36:23,12530,3834,20502,775142000,0,0,0
lh2203,20220218,20220218,133633500,13:36:34,12530,3835,20501,775342480,1,-1,200480
lh2203,20220218,20220218,133635000,13:36:36,12530,3835,20501,775342480,0,0,0
lh2203,20220218,20220218,133636500,13:36:36,12530,3835,20501,775342480,0,0,0
lh2203,20220218,20220218,133643000,13:36:43,12530,3836,20501,775542960,1,0,200480
lh2203,20220218,20220218,133643500,13:36:44,12530,3836,20501,775542960,0,0,0
lh2203,20220218,20220218,133644500,13:36:44,12530,3837,20500,775743440,1,-1,200480
lh2203,20220218,20220218,133645000,13:36:45,12530,3837,20500,775743440,0,0,0
lh2203,20220218,20220218,133646500,13:36:46,12525,3839,20502,776144240,2,2,400800
lh2203,20220218,20220218,133659500,13:37:00,12525,3839,20502,776144240,0,0,0
lh2203,20220218,20220218,133700000,13:37:00,12525,3839,20502,776144240,0,0,0
lh2203,20220218,20220218,133700500,13:37:00,12525,3840,20502,776344640,1,0,200400
lh2203,20220218,20220218,133704500,13:37:05,12530,3841,20503,776545120,1,1,200480
lh2203,20220218,20220218,133707500,13:37:08,12530,3841,20503,776545120,0,0,0
lh2203,20220218,20220218,133708000,13:37:08,12530,3841,20503,776545120,0,0,0
lh2203,20220218,20220218,133728500,13:37:29,12535,3842,20503,776745680,1,0,200560
lh2203,20220218,20220218,133735000,13:37:35,12535,3842,20503,776745680,0,0,0
lh2203,20220218,20220218,133743500,13:37:44,12535,3844,20504,777146800,2,1,401120
lh2203,20220218,20220218,133757500,13:37:58,12535,3844,20504,777146800,0,0,0
lh2203,20220218,20220218,133807000,13:38:09,12535,3844,20504,777146800,0,0,0
lh2203,20220218,20220218,133811000,13:38:14,12535,3844,20504,777146800,0,0,0
lh2203,20220218,20220218,133814000,13:38:17,12535,3844,20504,777146800,0,0,0
lh2203,20220218,20220218,133818500,13:38:19,12540,3845,20504,777347440,1,0,200640
lh2203,20220218,20220218,133820000,13:38:20,12540,3846,20503,777548080,1,-1,200640
lh2203,20220218,20220218,133821500,13:38:23,12540,3847,20502,777748720,1,-1,200640
lh2203,20220218,20220218,133840000,13:38:43,12540,3850,20503,778350640,3,1,601920
lh2203,20220218,20220218,133843500,13:38:44,12545,3851,20503,778551360,1,0,200720
lh2203,20220218,20220218,133844000,13:38:44,12545,3853,20503,778952800,2,0,401440
lh2203,20220218,20220218,133850000,13:38:50,12545,3853,20503,778952800,0,0,0
lh2203,20220218,20220218,133856500,13:38:56,12545,3854,20504,779153520,1,1,200720
lh2203,20220218,20220218,133909000,13:39:09,12545,3856,20505,779554960,2,1,401440
lh2203,20220218,20220218,133914000,13:39:15,12560,3876,20501,783572000,20,-4,4017040
lh2203,20220218,20220218,133914500,13:39:16,12565,3914,20493,791211760,38,-8,7639760
lh2203,20220218,20220218,133918000,13:39:19,12565,3916,20493,791613840,2,0,402080
lh2203,20220218,20220218,133920500,13:39:20,12565,3916,20493,791613840,0,0,0
lh2203,20220218,20220218,133939500,13:39:39,12565,3917,20492,791814880,1,-1,201040
lh2203,20220218,20220218,133940500,13:39:41,12565,3923,20491,793021120,6,-1,1206240
lh2203,20220218,20220218,133944000,13:39:44,12565,3923,20491,793021120,0,0,0
lh2203,20220218,20220218,133945000,13:39:46,12565,3925,20491,793423200,2,0,402080
lh2203,20220218,20220218,133945500,13:39:46,12565,3927,20492,793825360,2,1,402160
lh2203,20220218,20220218,133946000,13:39:47,12565,3934,20491,795232800,7,-1,1407440
lh2203,20220218,20220218,133946500,13:39:47,12565,3934,20491,795232800,0,0,0
lh2203,20220218,20220218,133947000,13:39:47,12565,3935,20491,795433840,1,0,201040
lh2203,20220218,20220218,133951500,13:39:51,12565,3935,20491,795433840,0,0,0
lh2203,20220218,20220218,133952000,13:39:53,12565,3936,20492,795634880,1,1,201040
lh2203,20220218,20220218,133953500,13:39:54,12555,3937,20491,795835760,1,-1,200880
lh2203,20220218,20220218,133954000,13:39:55,12555,3938,20490,796036640,1,-1,200880
lh2203,20220218,20220218,133955500,13:39:56,12555,3938,20490,796036640,0,0,0
lh2203,20220218,20220218,133956000,13:39:56,12555,3938,20490,796036640,0,0,0
lh2203,20220218,20220218,133957000,13:39:59,12565,3940,20490,796438720,2,0,402080
lh2203,20220218,20220218,133957500,13:40:13,12565,3941,20489,796639760,1,-1,201040
lh2203,20220218,20220218,133958000,13:40:13,12565,3941,20489,796639760,0,0,0
lh2203,20220218,20220218,134011000,13:40:13,12565,3941,20489,796639760,0,0,0
lh2203,20220218,20220218,134015000,13:40:16,12565,3946,20488,797644560,5,-1,1004800
lh2203,20220218,20220218,134015500,13:40:16,12570,3947,20488,797845680,1,0,201120
lh2203,20220218,20220218,134017000,13:40:17,12570,3947,20488,797845680,0,0,0
lh2203,20220218,20220218,134018500,13:40:19,12565,3950,20486,798448800,3,-2,603120
lh2203,20220218,20220218,134019000,13:40:19,12565,3950,20486,798448800,0,0,0
lh2203,20220218,20220218,134019500,13:40:20,12570,3951,20487,798649920,1,1,201120
lh2203,20220218,20220218,134021500,13:40:22,12565,3952,20487,798850960,1,0,201040
lh2203,20220218,20220218,134022500,13:40:23,12565,3952,20487,798850960,0,0,0
lh2203,20220218,20220218,134024500,13:40:25,12565,3952,20487,798850960,0,0,0
lh2203,20220218,20220218,134026500,13:40:27,12565,3954,20485,799253040,2,-2,402080
lh2203,20220218,20220218,134028500,13:40:29,12570,3955,20486,799454160,1,1,201120
lh2203,20220218,20220218,134030000,13:40:30,12565,3956,20485,799655200,1,-1,201040
lh2203,20220218,20220218,134033500,13:40:34,12575,3957,20484,799856400,1,-1,201200
lh2203,20220218,20220218,134034500,13:40:35,12565,3958,20485,800057440,1,1,201040
lh2203,20220218,20220218,134036500,13:40:36,12575,3962,20481,800862240,4,-4,804800
lh2203,20220218,20220218,134040500,13:40:42,12575,3962,20481,800862240,0,0,0
lh2203,20220218,20220218,134044500,13:40:44,12575,3962,20481,800862240,0,0,0
lh2203,20220218,20220218,134045000,13:40:45,12575,3963,20480,801063440,1,-1,201200
lh2203,20220218,20220218,134048000,13:40:48,12575,3964,20479,801264640,1,-1,201200
lh2203,20220218,20220218,134048500,13:40:48,12575,3968,20475,802069440,4,-4,804800
lh2203,20220218,20220218,134052000,13:40:55,12575,3969,20474,802270640,1,-1,201200
lh2203,20220218,20220218,134055000,13:40:55,12575,3983,20464,805087680,14,-10,2817040
lh2203,20220218,20220218,134055500,13:40:57,12575,3983,20464,805087680,0,0,0
lh2203,20220218,20220218,134058500,13:40:59,12575,3984,20463,805288880,1,-1,201200
lh2203,20220218,20220218,134059500,13:41:00,12575,3984,20463,805288880,0,0,0
lh2203,20220218,20220218,134101500,13:41:01,12575,3984,20463,805288880,0,0,0
lh2203,20220218,20220218,134106500,13:41:07,12575,3986,20462,805691280,2,-1,402400
lh2203,20220218,20220218,134107500,13:41:09,12575,3986,20462,805691280,0,0,0
lh2203,20220218,20220218,134115000,13:41:16,12575,3986,20462,805691280,0,0,0
lh2203,20220218,20220218,134115500,13:41:16,12575,3986,20462,805691280,0,0,0
lh2203,20220218,20220218,134119500,13:41:20,12575,3986,20462,805691280,0,0,0
lh2203,20220218,20220218,134126500,13:41:27,12570,3987,20462,805892400,1,0,201120
lh2203,20220218,20220218,134129500,13:41:30,12570,3988,20461,806093520,1,-1,201120
lh2203,20220218,20220218,134131500,13:41:32,12570,3988,20461,806093520,0,0,0
lh2203,20220218,20220218,134136500,13:41:39,12565,3989,20461,806294560,1,0,201040
lh2203,20220218,20220218,134146500,13:41:47,12565,3990,20462,806495600,1,1,201040
lh2203,20220218,20220218,134148000,13:41:48,12565,3991,20463,806696640,1,1,201040
lh2203,20220218,20220218,134150000,13:41:50,12565,3992,20464,806897680,1,1,201040
lh2203,20220218,20220218,134153000,13:41:54,12565,3993,20464,807098720,1,0,201040
lh2203,20220218,20220218,134200000,13:42:10,12565,3993,20464,807098720,0,0,0
lh2203,20220218,20220218,134206500,13:42:12,12565,3994,20465,807299760,1,1,201040
lh2203,20220218,20220218,134214000,13:42:14,12565,3995,20466,807500800,1,1,201040
lh2203,20220218,20220218,134214500,13:42:15,12565,3995,20466,807500800,0,0,0
lh2203,20220218,20220218,134216000,13:42:16,12565,3996,20467,807701840,1,1,201040
lh2203,20220218,20220218,134221500,13:42:22,12565,3997,20467,807902880,1,0,201040
lh2203,20220218,20220218,134222000,13:42:22,12565,3997,20467,807902880,0,0,0
lh2203,20220218,20220218,134225500,13:42:26,12565,3997,20467,807902880,0,0,0
lh2203,20220218,20220218,134227000,13:42:28,12560,3998,20468,808103840,1,1,200960
lh2203,20220218,20220218,134227500,13:42:29,12560,3998,20468,808103840,0,0,0
lh2203,20220218,20220218,134228000,13:42:29,12555,3999,20467,808304720,1,-1,200880
lh2203,20220218,20220218,134229000,13:42:29,12555,3999,20467,808304720,0,0,0
lh2203,20220218,20220218,134235500,13:42:35,12555,3999,20467,808304720,0,0,0
lh2203,20220218,20220218,134257000,13:42:59,12550,4008,20467,810112080,9,0,1807360
lh2203,20220218,20220218,134258500,13:42:59,12550,4008,20467,810112080,0,0,0
lh2203,20220218,20220218,134301500,13:43:02,12550,4008,20467,810112080,0,0,0
lh2203,20220218,20220218,134308000,13:43:12,12550,4009,20467,810312880,1,0,200800
lh2203,20220218,20220218,134318000,13:43:18,12555,4010,20468,810513760,1,1,200880
lh2203,20220218,20220218,134323500,13:43:24,12555,4014,20468,811317280,4,0,803520
lh2203,20220218,20220218,134324000,13:43:24,12555,4014,20468,811317280,0,0,0
lh2203,20220218,20220218,134334500,13:43:35,12555,4016,20468,811719040,2,0,401760
lh2203,20220218,20220218,134339500,13:43:57,12555,4016,20468,811719040,0,0,0
lh2203,20220218,20220218,134354000,13:44:04,12560,4018,20469,812120880,2,1,401840
lh2203,20220218,20220218,134356500,13:44:04,12560,4018,20469,812120880,0,0,0
lh2203,20220218,20220218,134403000,13:44:04,12560,4020,20471,812522720,2,2,401840
lh2203,20220218,20220218,134404000,13:44:04,12555,4021,20472,812723600,1,1,200880
lh2203,20220218,20220218,134404500,13:44:05,12555,4022,20473,812924480,1,1,200880
lh2203,20220218,20220218,134407000,13:44:07,12555,4022,20473,812924480,0,0,0
lh2203,20220218,20220218,134416500,13:44:18,12555,4023,20474,813125360,1,1,200880
lh2203,20220218,20220218,134436000,13:44:37,12555,4023,20474,813125360,0,0,0
lh2203,20220218,20220218,134447000,13:44:47,12545,4026,20475,813727680,3,1,602320
lh2203,20220218,20220218,134450500,13:44:50,12545,4028,20475,814129120,2,0,401440
lh2203,20220218,20220218,134452000,13:44:53,12545,4031,20476,814731280,3,1,602160
lh2203,20220218,20220218,134457500,13:44:57,12545,4031,20476,814731280,0,0,0
lh2203,20220218,20220218,134458500,13:44:59,12545,4031,20476,814731280,0,0,0
lh2203,20220218,20220218,134459000,13:44:59,12545,4031,20476,814731280,0,0,0
lh2203,20220218,20220218,134500500,13:45:01,12545,4031,20476,814731280,0,0,0
lh2203,20220218,20220218,134501500,13:45:02,12545,4031,20476,814731280,0,0,0
lh2203,20220218,20220218,134503500,13:45:06,12545,4031,20476,814731280,0,0,0
lh2203,20220218,20220218,134513500,13:45:15,12545,4031,20476,814731280,0,0,0
lh2203,20220218,20220218,134518500,13:45:23,12545,4031,20476,814731280,0,0,0
lh2203,20220218,20220218,134527500,13:45:30,12545,4031,20476,814731280,0,0,0
lh2203,20220218,20220218,134529500,13:45:30,12545,4031,20476,814731280,0,0,0
lh2203,20220218,20220218,134531000,13:45:31,12555,4033,20476,815132960,2,0,401680
lh2203,20220218,20220218,134531500,13:45:32,12555,4033,20476,815132960,0,0,0
lh2203,20220218,20220218,134532000,13:45:33,12555,4034,20476,815333840,1,0,200880
lh2203,20220218,20220218,134539500,13:45:40,12555,4034,20476,815333840,0,0,0
lh2203,20220218,20220218,134540500,13:45:41,12555,4035,20475,815534720,1,-1,200880
lh2203,20220218,20220218,134541000,13:45:41,12555,4035,20475,815534720,0,0,0
lh2203,20220218,20220218,134542500,13:45:46,12555,4035,20475,815534720,0,0,0
lh2203,20220218,20220218,134545500,13:45:46,12560,4036,20474,815735680,1,-1,200960
lh2203,20220218,20220218,134553000,13:45:54,12560,4037,20474,815936640,1,0,200960
lh2203,20220218,20220218,134602000,13:46:03,12560,4038,20474,816137600,1,0,200960
lh2203,20220218,20220218,134603000,13:46:04,12560,4038,20474,816137600,0,0,0
lh2203,20220218,20220218,134607000,13:46:07,12560,4038,20474,816137600,0,0,0
lh2203,20220218,20220218,134608000,13:46:09,12560,4038,20474,816137600,0,0,0
lh2203,20220218,20220218,134628000,13:46:31,12560,4038,20474,816137600,0,0,0
lh2203,20220218,20220218,134633000,13:46:33,12550,4039,20475,816338400,1,1,200800
lh2203,20220218,20220218,134639000,13:46:39,12550,4041,20475,816740000,2,0,401600
lh2203,20220218,20220218,134643500,13:46:44,12550,4041,20475,816740000,0,0,0
lh2203,20220218,20220218,134646500,13:46:47,12550,4041,20475,816740000,0,0,0
lh2203,20220218,20220218,134648000,13:46:48,12550,4041,20475,816740000,0,0,0
lh2203,20220218,20220218,134649500,13:46:50,12555,4042,20475,816940880,1,0,200880
lh2203,20220218,20220218,134659500,13:46:59,12555,4042,20475,816940880,0,0,0
lh2203,20220218,20220218,134701500,13:47:02,12550,4043,20476,817141680,1,1,200800
lh2203,20220218,20220218,134705000,13:47:05,12555,4044,20476,817342560,1,0,200880
lh2203,20220218,20220218,134707000,13:47:10,12555,4044,20476,817342560,0,0,0
lh2203,20220218,20220218,134709000,13:47:11,12555,4044,20476,817342560,0,0,0
lh2203,20220218,20220218,134721000,13:47:22,12555,4045,20476,817543440,1,0,200880
lh2203,20220218,20220218,134721500,13:47:23,12555,4047,20478,817945200,2,2,401760
lh2203,20220218,20220218,134722000,13:47:26,12555,4047,20478,817945200,0,0,0
lh2203,20220218,20220218,134726000,13:47:27,12560,4049,20480,818347120,2,2,401920
lh2203,20220218,20220218,134738500,13:47:39,12555,4050,20479,818548000,1,-1,200880
lh2203,20220218,20220218,134743500,13:47:44,12565,4051,20478,818749040,1,-1,201040
lh2203,20220218,20220218,134747500,13:47:47,12555,4053,20477,819150800,2,-1,401760
lh2203,20220218,20220218,134748500,13:47:48,12555,4054,20477,819351680,1,0,200880
lh2203,20220218,20220218,134758500,13:47:58,12555,4054,20477,819351680,0,0,0
lh2203,20220218,20220218,134800000,13:48:00,12555,4054,20477,819351680,0,0,0
lh2203,20220218,20220218,134808500,13:48:09,12555,4054,20477,819351680,0,0,0
lh2203,20220218,20220218,134818500,13:48:20,12555,4054,20477,819351680,0,0,0
lh2203,20220218,20220218,134827500,13:48:28,12555,4054,20477,819351680,0,0,0
lh2203,20220218,20220218,134829500,13:48:30,12560,4055,20477,819552640,1,0,200960
lh2203,20220218,20220218,134840500,13:48:40,12560,4056,20477,819753600,1,0,200960
lh2203,20220218,20220218,134842000,13:48:42,12560,4057,20477,819954560,1,0,200960
lh2203,20220218,20220218,134842500,13:48:43,12550,4058,20477,820155360,1,0,200800
lh2203,20220218,20220218,134843000,13:48:43,12550,4059,20477,820356160,1,0,200800
lh2203,20220218,20220218,134856500,13:48:57,12560,4060,20477,820557120,1,0,200960
lh2203,20220218,20220218,134900000,13:49:00,12545,4062,20477,820958560,2,0,401440
lh2203,20220218,20220218,134900500,13:49:01,12545,4062,20477,820958560,0,0,0
lh2203,20220218,20220218,134906000,13:49:06,12560,4063,20478,821159520,1,1,200960
lh2203,20220218,20220218,134906500,13:49:06,12560,4063,20478,821159520,0,0,0
lh2203,20220218,20220218,134911000,13:49:11,12560,4063,20478,821159520,0,0,0
lh2203,20220218,20220218,134921000,13:49:21,12545,4064,20478,821360240,1,0,200720
lh2203,20220218,20220218,134924500,13:49:25,12545,4064,20478,821360240,0,0,0
lh2203,20220218,20220218,134925000,13:49:25,12545,4064,20478,821360240,0,0,0
lh2203,20220218,20220218,134925500,13:49:26,12545,4064,20478,821360240,0,0,0
lh2203,20220218,20220218,134926500,13:49:27,12545,4064,20478,821360240,0,0,0
lh2203,20220218,20220218,134930500,13:49:31,12545,4064,20478,821360240,0,0,0
lh2203,20220218,20220218,134931500,13:49:32,12545,4064,20478,821360240,0,0,0
lh2203,20220218,20220218,134933500,13:49:34,12545,4064,20478,821360240,0,0,0
lh2203,20220218,20220218,134944500,13:49:44,12545,4064,20478,821360240,0,0,0
lh2203,20220218,20220218,134950500,13:49:50,12545,4064,20478,821360240,0,0,0
lh2203,20220218,20220218,134959500,13:49:59,12545,4064,20478,821360240,0,0,0
lh2203,20220218,20220218,135002500,13:50:03,12530,4073,20483,823165680,9,5,1805440
lh2203,20220218,20220218,135003500,13:50:04,12530,4073,20483,823165680,0,0,0
lh2203,20220218,20220218,135008500,13:50:26,12530,4073,20483,823165680,0,0,0
lh2203,20220218,20220218,135023500,13:50:27,12530,4073,20483,823165680,0,0,0
lh2203,20220218,20220218,135029000,13:50:37,12530,4073,20483,823165680,0,0,0
lh2203,20220218,20220218,135032000,13:50:37,12530,4073,20483,823165680,0,0,0
lh2203,20220218,20220218,135038000,13:50:39,12530,4073,20483,823165680,0,0,0
lh2203,20220218,20220218,135039000,13:50:39,12530,4073,20483,823165680,0,0,0
lh2203,20220218,20220218,135039500,13:50:39,12530,4073,20483,823165680,0,0,0
lh2203,20220218,20220218,135045500,13:50:46,12530,4073,20483,823165680,0,0,0
lh2203,20220218,20220218,135049000,13:50:49,12550,4082,20482,824972160,9,-1,1806480
lh2203,20220218,20220218,135052500,13:50:53,12550,4083,20483,825172960,1,1,200800
lh2203,20220218,20220218,135056000,13:50:56,12550,4086,20483,825775360,3,0,602400
lh2203,20220218,20220218,135117000,13:51:21,12550,4086,20483,825775360,0,0,0
lh2203,20220218,20220218,135203000,13:52:04,12555,4090,20483,826579120,4,0,803760
lh2203,20220218,20220218,135203500,13:52:04,12545,4091,20484,826779840,1,1,200720
lh2203,20220218,20220218,135211000,13:52:12,12550,4093,20484,827181440,2,0,401600
lh2203,20220218,20220218,135216000,13:52:16,12550,4093,20484,827181440,0,0,0
lh2203,20220218,20220218,135223500,13:52:24,12550,4093,20484,827181440,0,0,0
lh2203,20220218,20220218,135231000,13:52:32,12550,4093,20484,827181440,0,0,0
lh2203,20220218,20220218,135246500,13:52:48,12545,4094,20485,827382160,1,1,200720
lh2203,20220218,20220218,135251500,13:52:51,12545,4094,20485,827382160,0,0,0
lh2203,20220218,20220218,135302500,13:53:03,12545,4094,20485,827382160,0,0,0
lh2203,20220218,20220218,135311500,13:53:12,12550,4095,20485,827582960,1,0,200800
lh2203,20220218,20220218,135316000,13:53:16,12555,4097,20485,827984720,2,0,401760
lh2203,20220218,20220218,135323500,13:53:23,12555,4097,20485,827984720,0,0,0
lh2203,20220218,20220218,135347000,13:53:47,12555,4097,20485,827984720,0,0,0
lh2203,20220218,20220218,135356500,13:53:57,12555,4098,20486,828185600,1,1,200880
lh2203,20220218,20220218,135357500,13:53:58,12555,4098,20486,828185600,0,0,0
lh2203,20220218,20220218,135411500,13:54:12,12550,4101,20486,828788000,3,0,602400
lh2203,20220218,20220218,135412000,13:54:12,12550,4102,20486,828988800,1,0,200800
lh2203,20220218,20220218,135415000,13:54:15,12555,4103,20487,829189680,1,1,200880
lh2203,20220218,20220218,135415500,13:54:16,12555,4103,20487,829189680,0,0,0
lh2203,20220218,20220218,135430500,13:54:31,12550,4104,20486,829390480,1,-1,200800
lh2203,20220218,20220218,135431000,13:54:32,12555,4105,20487,829591360,1,1,200880
lh2203,20220218,20220218,135451000,13:54:51,12555,4105,20487,829591360,0,0,0
lh2203,20220218,20220218,135458000,13:54:58,12555,4105,20487,829591360,0,0,0
lh2203,20220218,20220218,135504500,13:55:05,12550,4106,20487,829792160,1,0,200800
lh2203,20220218,20220218,135507500,13:55:11,12550,4106,20487,829792160,0,0,0
lh2203,20220218,20220218,135527500,13:55:28,12550,4108,20485,830193760,2,-2,401600
lh2203,20220218,20220218,135528000,13:55:28,12550,4108,20485,830193760,0,0,0
lh2203,20220218,20220218,135529500,13:55:30,12550,4109,20484,830394560,1,-1,200800
lh2203,20220218,20220218,135531500,13:55:32,12550,4110,20483,830595360,1,-1,200800
lh2203,20220218,20220218,135532000,13:55:32,12550,4120,20473,832603360,10,-10,2008000
lh2203,20220218,20220218,135532500,13:55:32,12550,4120,20473,832603360,0,0,0
lh2203,20220218,20220218,135533500,13:55:34,12550,4121,20472,832804160,1,-1,200800
lh2203,20220218,20220218,135535500,13:55:36,12550,4122,20471,833004960,1,-1,200800
lh2203,20220218,20220218,135537000,13:55:37,12550,4122,20471,833004960,0,0,0
lh2203,20220218,20220218,135537500,13:55:37,12550,4123,20470,833205760,1,-1,200800
lh2203,20220218,20220218,135542000,13:55:42,12550,4127,20466,834008960,4,-4,803200
lh2203,20220218,20220218,135542500,13:55:42,12555,4132,20469,835013360,5,3,1004400
lh2203,20220218,20220218,135546000,13:55:46,12555,4132,20469,835013360,0,0,0
lh2203,20220218,20220218,135548500,13:55:48,12555,4132,20469,835013360,0,0,0
lh2203,20220218,20220218,135556000,13:55:57,12550,4133,20469,835214160,1,0,200800
lh2203,20220218,20220218,135605000,13:56:23,12560,4135,20468,835616080,2,-1,401920
lh2203,20220218,20220218,135622000,13:56:24,12560,4139,20466,836419920,4,-2,803840
lh2203,20220218,20220218,135623500,13:56:24,12560,4140,20465,836620880,1,-1,200960
lh2203,20220218,20220218,135626500,13:56:34,12565,4141,20464,836821920,1,-1,201040
lh2203,20220218,20220218,135627000,13:56:34,12565,4144,20464,837425040,3,0,603120
lh2203,20220218,20220218,135637500,13:56:39,12565,4144,20464,837425040,0,0,0
lh2203,20220218,20220218,135643000,13:56:44,12565,4144,20464,837425040,0,0,0
lh2203,20220218,20220218,135650500,13:56:51,12565,4144,20464,837425040,0,0,0
lh2203,20220218,20220218,135651000,13:56:51,12565,4144,20464,837425040,0,0,0
lh2203,20220218,20220218,135652000,13:56:52,12565,4144,20464,837425040,0,0,0
lh2203,20220218,20220218,135652500,13:56:52,12565,4144,20464,837425040,0,0,0
lh2203,20220218,20220218,135653500,13:56:53,12565,4144,20464,837425040,0,0,0
lh2203,20220218,20220218,135654500,13:56:54,12565,4144,20464,837425040,0,0,0
