lh2205,20220218,20220218,111954000,11:20:09,14220,14640,68049,3343999120,14640,1399,3343999120
lh2205,20220218,20220218,112009500,11:20:10,14220,14640,68049,3343999120,0,0,0
lh2205,20220218,20220218,112011000,11:20:11,14220,14640,68049,3343999120,0,0,0
lh2205,20220218,20220218,112015000,11:20:15,14220,14641,68050,3344226640,1,1,227520
lh2205,20220218,20220218,112017000,11:20:17,14225,14642,68050,3344454240,1,0,227600
lh2205,20220218,20220218,112018000,11:20:18,14225,14642,68050,3344454240,0,0,0
lh2205,20220218,20220218,112020000,11:20:20,14225,14642,68050,3344454240,0,0,0
lh2205,20220218,20220218,112021500,11:20:21,14220,14643,68050,3344681760,1,0,227520
lh2205,20220218,20220218,112024000,11:20:24,14220,14643,68050,3344681760,0,0,0
lh2205,20220218,20220218,112025000,11:20:25,14220,14645,68050,3345136800,2,0,455040
lh2205,20220218,20220218,112028500,11:20:28,14220,14646,68051,3345364320,1,1,227520
lh2205,20220218,20220218,112030000,11:20:31,14220,14646,68051,3345364320,0,0,0
lh2205,20220218,20220218,112034000,11:20:34,14220,14647,68052,3345591840,1,1,227520
lh2205,20220218,20220218,112034500,11:20:34,14220,14647,68052,3345591840,0,0,0
lh2205,20220218,20220218,112037000,11:20:37,14220,14648,68053,3345819360,1,1,227520
lh2205,20220218,20220218,112038500,11:20:38,14220,14649,68054,3346046880,1,1,227520
lh2205,20220218,20220218,112041500,11:20:41,14220,14649,68054,3346046880,0,0,0
lh2205,20220218,20220218,112044000,11:20:44,14220,14653,68054,3346956960,4,0,910080
lh2205,20220218,20220218,112048000,11:20:48,14220,14653,68054,3346956960,0,0,0
lh2205,20220218,20220218,112048500,11:20:50,14220,14653,68054,3346956960,0,0,0
lh2205,20220218,20220218,112051500,11:20:51,14220,14653,68054,3346956960,0,0,0
lh2205,20220218,20220218,112055000,11:20:55,14220,14654,68055,3347184480,1,1,227520
lh2205,20220218,20220218,112055500,11:20:56,14220,14654,68055,3347184480,0,0,0
lh2205,20220218,20220218,112057500,11:20:58,14220,14655,68055,3347412000,1,0,227520
lh2205,20220218,20220218,112058000,11:20:58,14220,14657,68055,3347867040,2,0,455040
lh2205,20220218,20220218,112058500,11:20:59,14220,14657,68055,3347867040,0,0,0
lh2205,20220218,20220218,112059000,11:20:59,14220,14657,68055,3347867040,0,0,0
lh2205,20220218,20220218,112059500,11:21:00,14220,14657,68055,3347867040,0,0,0
lh2205,20220218,20220218,112100000,11:21:00,14220,14658,68056,3348094560,1,1,227520
lh2205,20220218,20220218,112102500,11:21:03,14220,14658,68056,3348094560,0,0,0
lh2205,20220218,20220218,112108000,11:21:10,14220,14658,68056,3348094560,0,0,0
lh2205,20220218,20220218,112111500,11:21:12,14220,14658,68056,3348094560,0,0,0
lh2205,20220218,20220218,112112000,11:21:12,14220,14658,68056,3348094560,0,0,0
lh2205,20220218,20220218,112112500,11:21:13,14220,14658,68056,3348094560,0,0,0
lh2205,20220218,20220218,112115500,11:21:15,14220,14658,68056,3348094560,0,0,0
lh2205,20220218,20220218,112116500,11:21:17,14220,14659,68056,3348322080,1,0,227520
lh2205,20220218,20220218,112117000,11:21:17,14220,14666,68060,3349914720,7,4,1592640
lh2205,20220218,20220218,112123000,11:21:23,14220,14666,68060,3349914720,0,0,0
lh2205,20220218,20220218,112126000,11:23:33,14220,14669,68061,3350597280,3,1,682560
lh2205,20220218,20220218,112332000,11:23:33,14200,14757,68089,3370605040,88,28,20007760
lh2205,20220218,20220218,112334000,11:23:34,14205,14759,68089,3371059600,2,0,454560
lh2205,20220218,20220218,112338000,11:23:38,14205,14759,68089,3371059600,0,0,0
lh2205,20220218,20220218,112339000,11:23:39,14200,14764,68093,3372195600,5,4,1136000
lh2205,20220218,20220218,112343000,11:23:43,14200,14764,68093,3372195600,0,0,0
lh2205,20220218,20220218,112344500,11:23:48,14200,14782,68103,3376285200,18,10,4089600
lh2205,20220218,20220218,112345000,11:23:48,14200,14792,68098,3378557200,10,-5,2272000
lh2205,20220218,20220218,112345500,11:23:48,14205,14793,68098,3378784480,1,0,227280
lh2205,20220218,20220218,112346000,11:23:48,14205,14794,68098,3379011760,1,0,227280
lh2205,20220218,20220218,112349500,11:23:50,14205,14794,68098,3379011760,0,0,0
lh2205,20220218,20220218,112350500,11:23:50,14200,14795,68097,3379238960,1,-1,227200
lh2205,20220218,20220218,112353000,11:23:53,14205,14802,68094,3380829920,7,-3,1590960
lh2205,20220218,20220218,112353500,11:23:53,14200,14806,68093,3381738960,4,-1,909040
lh2205,20220218,20220218,112354000,11:23:54,14200,14807,68093,3381966160,1,0,227200
lh2205,20220218,20220218,112354500,11:23:55,14200,14812,68098,3383102160,5,5,1136000
lh2205,20220218,20220218,112355000,11:23:55,14205,14813,68098,3383329440,1,0,227280
lh2205,20220218,20220218,112356000,11:23:56,14205,14814,68099,3383556720,1,1,227280
lh2205,20220218,20220218,112358000,11:23:58,14205,14815,68100,3383784000,1,1,227280
lh2205,20220218,20220218,112401000,11:24:01,14205,14815,68100,3383784000,0,0,0
lh2205,20220218,20220218,112401500,11:24:01,14205,14823,68099,3385602240,8,-1,1818240
lh2205,20220218,20220218,112402000,11:24:02,14210,14824,68100,3385829600,1,1,227360
lh2205,20220218,20220218,112403000,11:24:03,14200,14825,68100,3386056800,1,0,227200
lh2205,20220218,20220218,112403500,11:24:04,14210,14826,68101,3386284160,1,1,227360
lh2205,20220218,20220218,112404500,11:24:04,14200,14828,68099,3386738560,2,-2,454400
lh2205,20220218,20220218,112410000,11:24:12,14200,14828,68099,3386738560,0,0,0
lh2205,20220218,20220218,112410500,11:24:12,14200,14828,68099,3386738560,0,0,0
lh2205,20220218,20220218,112411000,11:24:12,14200,14828,68099,3386738560,0,0,0
lh2205,20220218,20220218,112413500,11:24:14,14205,14829,68099,3386965840,1,0,227280
lh2205,20220218,20220218,112416000,11:24:16,14200,14830,68098,3387193040,1,-1,227200
lh2205,20220218,20220218,112417000,11:24:17,14200,14830,68098,3387193040,0,0,0
lh2205,20220218,20220218,112420500,11:24:20,14200,14830,68098,3387193040,0,0,0
lh2205,20220218,20220218,112422500,11:24:23,14200,14832,68098,3387647440,2,0,454400
lh2205,20220218,20220218,112423000,11:24:23,14210,14833,68099,3387874800,1,1,227360
lh2205,20220218,20220218,112424500,11:24:24,14210,14834,68100,3388102160,1,1,227360
lh2205,20220218,20220218,112425500,11:24:25,14200,14835,68100,3388329360,1,0,227200
lh2205,20220218,20220218,112427000,11:24:27,14200,14835,68100,3388329360,0,0,0
lh2205,20220218,20220218,112428000,11:24:28,14210,14851,68115,3391967120,16,15,3637760
lh2205,20220218,20220218,112428500,11:24:28,14210,14851,68115,3391967120,0,0,0
lh2205,20220218,20220218,112429500,11:24:29,14210,14854,68115,3392649200,3,0,682080
lh2205,20220218,20220218,112430500,11:24:30,14210,14854,68115,3392649200,0,0,0
lh2205,20220218,20220218,112443000,11:24:43,14210,14854,68115,3392649200,0,0,0
lh2205,20220218,20220218,112443500,11:24:43,14215,14859,68115,3393786400,5,0,1137200
lh2205,20220218,20220218,112448500,11:24:48,14215,14859,68115,3393786400,0,0,0
lh2205,20220218,20220218,112449000,11:24:49,14220,14867,68117,3395606560,8,2,1820160
lh2205,20220218,20220218,112449500,11:24:49,14220,14869,68119,3396061600,2,2,455040
lh2205,20220218,20220218,112450000,11:24:50,14220,14869,68119,3396061600,0,0,0
lh2205,20220218,20220218,112450500,11:24:50,14220,14869,68119,3396061600,0,0,0
lh2205,20220218,20220218,112451500,11:24:51,14225,14870,68120,3396289200,1,1,227600
lh2205,20220218,20220218,112452000,11:24:52,14225,14871,68119,3396516800,1,-1,227600
lh2205,20220218,20220218,112453000,11:24:53,14225,14871,68119,3396516800,0,0,0
lh2205,20220218,20220218,112453500,11:24:53,14225,14871,68119,3396516800,0,0,0
lh2205,20220218,20220218,112454000,11:24:54,14225,14871,68119,3396516800,0,0,0
lh2205,20220218,20220218,112454500,11:24:54,14225,14871,68119,3396516800,0,0,0
lh2205,20220218,20220218,112455000,11:24:55,14225,14872,68119,3396744400,1,0,227600
lh2205,20220218,20220218,112455500,11:24:56,14225,14872,68119,3396744400,0,0,0
lh2205,20220218,20220218,112456000,11:24:56,14225,14872,68119,3396744400,0,0,0
lh2205,20220218,20220218,112457500,11:24:57,14225,14873,68119,3396972000,1,0,227600
lh2205,20220218,20220218,112458500,11:24:58,14225,14874,68119,3397199600,1,0,227600
lh2205,20220218,20220218,112501500,11:25:03,14225,14875,68120,3397427200,1,1,227600
lh2205,20220218,20220218,112503000,11:25:06,14225,14875,68120,3397427200,0,0,0
lh2205,20220218,20220218,112508500,11:25:08,14225,14876,68119,3397654800,1,-1,227600
lh2205,20220218,20220218,112518500,11:25:19,14225,14878,68119,3398110000,2,0,455200
lh2205,20220218,20220218,112521000,11:25:21,14225,14878,68119,3398110000,0,0,0
lh2205,20220218,20220218,112525000,11:25:25,14220,14880,68121,3398565040,2,2,455040
lh2205,20220218,20220218,112526000,11:25:26,14220,14880,68121,3398565040,0,0,0
lh2205,20220218,20220218,112526500,11:25:27,14225,14881,68122,3398792640,1,1,227600
lh2205,20220218,20220218,112527000,11:25:27,14225,14882,68122,3399020240,1,0,227600
lh2205,20220218,20220218,112528500,11:25:28,14220,14883,68122,3399247760,1,0,227520
lh2205,20220218,20220218,112530500,11:25:31,14220,14883,68122,3399247760,0,0,0
lh2205,20220218,20220218,112531000,11:25:31,14225,14884,68122,3399475360,1,0,227600
lh2205,20220218,20220218,112531500,11:25:32,14225,14885,68122,3399702960,1,0,227600
lh2205,20220218,20220218,112534500,11:25:34,14225,14885,68122,3399702960,0,0,0
lh2205,20220218,20220218,112535500,11:25:37,14220,14886,68122,3399930480,1,0,227520
lh2205,20220218,20220218,112537000,11:25:37,14220,14887,68122,3400158000,1,0,227520
lh2205,20220218,20220218,112538500,11:25:39,14220,14888,68122,3400385520,1,0,227520
lh2205,20220218,20220218,112539500,11:25:40,14220,14889,68122,3400613040,1,0,227520
lh2205,20220218,20220218,112540000,11:25:40,14220,14890,68121,3400840560,1,-1,227520
lh2205,20220218,20220218,112540500,11:25:40,14220,14890,68121,3400840560,0,0,0
lh2205,20220218,20220218,112542500,11:25:42,14220,14890,68121,3400840560,0,0,0
lh2205,20220218,20220218,112544500,11:25:44,14215,14891,68121,3401068000,1,0,227440
lh2205,20220218,20220218,112545000,11:25:45,14215,14891,68121,3401068000,0,0,0
lh2205,20220218,20220218,112545500,11:25:46,14215,14892,68120,3401295440,1,-1,227440
lh2205,20220218,20220218,112555000,11:25:55,14225,14893,68120,3401523040,1,0,227600
lh2205,20220218,20220218,112555500,11:25:56,14225,14893,68120,3401523040,0,0,0
lh2205,20220218,20220218,112558000,11:25:59,14225,14893,68120,3401523040,0,0,0
lh2205,20220218,20220218,112604500,11:26:05,14215,14894,68120,3401750480,1,0,227440
lh2205,20220218,20220218,112605000,11:26:05,14225,14895,68121,3401978080,1,1,227600
lh2205,20220218,20220218,112607500,11:26:09,14225,14896,68121,3402205680,1,0,227600
lh2205,20220218,20220218,112608000,11:26:09,14225,14896,68121,3402205680,0,0,0
lh2205,20220218,20220218,112610000,11:26:10,14220,14897,68120,3402433200,1,-1,227520
lh2205,20220218,20220218,112613500,11:26:15,14220,14899,68120,3402888240,2,0,455040
lh2205,20220218,20220218,112616000,11:26:16,14220,14900,68119,3403115760,1,-1,227520
lh2205,20220218,20220218,112616500,11:26:16,14220,14900,68119,3403115760,0,0,0
lh2205,20220218,20220218,112617000,11:26:17,14225,14901,68119,3403343360,1,0,227600
lh2205,20220218,20220218,112617500,11:26:17,14220,14902,68119,3403570880,1,0,227520
lh2205,20220218,20220218,112618000,11:26:18,14220,14903,68118,3403798400,1,-1,227520
lh2205,20220218,20220218,112618500,11:26:18,14225,14904,68118,3404026000,1,0,227600
lh2205,20220218,20220218,112623500,11:26:23,14225,14904,68118,3404026000,0,0,0
lh2205,20220218,20220218,112625500,11:26:25,14225,14905,68118,3404253600,1,0,227600
lh2205,20220218,20220218,112626000,11:26:26,14225,14905,68118,3404253600,0,0,0
lh2205,20220218,20220218,112628500,11:26:28,14225,14906,68118,3404481200,1,0,227600
lh2205,20220218,20220218,112630500,11:26:31,14225,14906,68118,3404481200,0,0,0
lh2205,20220218,20220218,112631000,11:26:31,14225,14906,68118,3404481200,0,0,0
lh2205,20220218,20220218,112633500,11:26:34,14225,14906,68118,3404481200,0,0,0
lh2205,20220218,20220218,112634000,11:26:34,14220,14907,68117,3404708720,1,-1,227520
lh2205,20220218,20220218,112653000,11:27:11,14220,14911,68118,3405618960,4,1,910240
lh2205,20220218,20220218,112709000,11:27:12,14220,14911,68118,3405618960,0,0,0
lh2205,20220218,20220218,112711000,11:27:12,14220,14932,68120,3410398240,21,2,4779280
lh2205,20220218,20220218,112713000,11:27:14,14230,14940,68121,3412219680,8,1,1821440
lh2205,20220218,20220218,112713500,11:27:14,14230,14940,68121,3412219680,0,0,0
lh2205,20220218,20220218,112715500,11:27:16,14225,14941,68121,3412447280,1,0,227600
lh2205,20220218,20220218,112716000,11:27:16,14225,14942,68121,3412674880,1,0,227600
lh2205,20220218,20220218,112718500,11:27:19,14225,14942,68121,3412674880,0,0,0
lh2205,20220218,20220218,112719000,11:27:19,14230,14943,68121,3412902560,1,0,227680
lh2205,20220218,20220218,112726000,11:27:27,14230,14945,68121,3413357760,2,0,455200
lh2205,20220218,20220218,112727000,11:27:27,14230,14945,68121,3413357760,0,0,0
lh2205,20220218,20220218,112730500,11:27:31,14230,14945,68121,3413357760,0,0,0
lh2205,20220218,20220218,112731000,11:27:32,14230,14946,68121,3413585440,1,0,227680
lh2205,20220218,20220218,112731500,11:27:35,14230,14947,68121,3413813120,1,0,227680
lh2205,20220218,20220218,112732500,11:27:36,14230,14947,68121,3413813120,0,0,0
lh2205,20220218,20220218,112735000,11:27:36,14230,14950,68118,3414496000,3,-3,682880
lh2205,20220218,20220218,112736000,11:27:37,14230,14950,68118,3414496000,0,0,0
lh2205,20220218,20220218,112736500,11:27:37,14230,14950,68118,3414496000,0,0,0
lh2205,20220218,20220218,112737500,11:27:38,14230,14950,68118,3414496000,0,0,0
lh2205,20220218,20220218,112740500,11:27:40,14230,14950,68118,3414496000,0,0,0
lh2205,20220218,20220218,112742000,11:27:42,14225,14951,68118,3414723600,1,0,227600
lh2205,20220218,20220218,112743000,11:27:43,14225,14954,68118,3415406400,3,0,682800
lh2205,20220218,20220218,112743500,11:27:43,14220,14955,68118,3415633920,1,0,227520
lh2205,20220218,20220218,112744000,11:27:44,14220,14955,68118,3415633920,0,0,0
lh2205,20220218,20220218,112744500,11:27:45,14225,14956,68118,3415861520,1,0,227600
lh2205,20220218,20220218,112745000,11:27:45,14225,14962,68118,3417227120,6,0,1365600
lh2205,20220218,20220218,112745500,11:27:46,14225,14963,68117,3417454720,1,-1,227600
lh2205,20220218,20220218,112746500,11:27:47,14225,14963,68117,3417454720,0,0,0
lh2205,20220218,20220218,112753000,11:27:54,14225,14969,68111,3418820320,6,-6,1365600
lh2205,20220218,20220218,112754500,11:27:54,14225,14973,68111,3419730720,4,0,910400
lh2205,20220218,20220218,112755000,11:27:55,14225,14973,68111,3419730720,0,0,0
lh2205,20220218,20220218,112759000,11:27:59,14230,14974,68111,3419958400,1,0,227680
lh2205,20220218,20220218,112759500,11:27:59,14230,14974,68111,3419958400,0,0,0
lh2205,20220218,20220218,112802000,11:28:03,14230,14974,68111,3419958400,0,0,0
lh2205,20220218,20220218,112802500,11:28:03,14230,14974,68111,3419958400,0,0,0
lh2205,20220218,20220218,112803500,11:28:04,14230,14975,68111,3420186080,1,0,227680
lh2205,20220218,20220218,112804500,11:28:05,14230,14976,68111,3420413760,1,0,227680
lh2205,20220218,20220218,112805500,11:28:06,14220,14978,68111,3420868800,2,0,455040
lh2205,20220218,20220218,112806000,11:28:10,14220,14978,68111,3420868800,0,0,0
lh2205,20220218,20220218,112807500,11:28:11,14220,14978,68111,3420868800,0,0,0
lh2205,20220218,20220218,112809500,11:28:11,14220,14978,68111,3420868800,0,0,0
lh2205,20220218,20220218,112814000,11:28:14,14220,14978,68111,3420868800,0,0,0
lh2205,20220218,20220218,112814500,11:28:14,14220,14980,68113,3421323840,2,2,455040
lh2205,20220218,20220218,112815000,11:28:15,14220,14980,68113,3421323840,0,0,0
lh2205,20220218,20220218,112820500,11:28:20,14230,15030,68141,3432707840,50,28,11384000
lh2205,20220218,20220218,112821000,11:28:21,14235,15034,68142,3433618880,4,1,911040
lh2205,20220218,20220218,112821500,11:28:22,14235,15037,68141,3434302160,3,-1,683280
lh2205,20220218,20220218,112822000,11:28:22,14235,15042,68141,3435440960,5,0,1138800
lh2205,20220218,20220218,112822500,11:28:22,14235,15045,68141,3436124240,3,0,683280
lh2205,20220218,20220218,112823000,11:28:23,14235,15051,68141,3437490800,6,0,1366560
lh2205,20220218,20220218,112823500,11:28:24,14235,15055,68140,3438401840,4,-1,911040
lh2205,20220218,20220218,112824500,11:28:24,14235,15055,68140,3438401840,0,0,0
lh2205,20220218,20220218,112826000,11:28:26,14235,15056,68141,3438629600,1,1,227760
lh2205,20220218,20220218,112826500,11:28:27,14240,15057,68141,3438857440,1,0,227840
lh2205,20220218,20220218,112827000,11:28:27,14240,15057,68141,3438857440,0,0,0
lh2205,20220218,20220218,112829000,11:28:29,14240,15057,68141,3438857440,0,0,0
lh2205,20220218,20220218,112830000,11:28:30,14240,15057,68141,3438857440,0,0,0
lh2205,20220218,20220218,112830500,11:28:31,14240,15057,68141,3438857440,0,0,0
lh2205,20220218,20220218,112832500,11:28:33,14235,15058,68142,3439085200,1,1,227760
lh2205,20220218,20220218,112833000,11:28:33,14235,15059,68143,3439312960,1,1,227760
lh2205,20220218,20220218,112833500,11:28:33,14235,15059,68143,3439312960,0,0,0
lh2205,20220218,20220218,112834000,11:28:34,14235,15064,68147,3440451760,5,4,1138800
lh2205,20220218,20220218,112834500,11:28:34,14235,15065,68146,3440679520,1,-1,227760
lh2205,20220218,20220218,112836000,11:28:37,14235,15067,68146,3441135040,2,0,455520
lh2205,20220218,20220218,112837000,11:28:37,14235,15068,68145,3441362800,1,-1,227760
lh2205,20220218,20220218,112837500,11:28:37,14235,15068,68145,3441362800,0,0,0
lh2205,20220218,20220218,112838500,11:28:38,14235,15069,68145,3441590560,1,0,227760
lh2205,20220218,20220218,112839000,11:28:40,14235,15069,68145,3441590560,0,0,0
lh2205,20220218,20220218,112839500,11:28:40,14235,15070,68145,3441818320,1,0,227760
lh2205,20220218,20220218,112840500,11:28:40,14235,15070,68145,3441818320,0,0,0
lh2205,20220218,20220218,112841000,11:28:41,14235,15071,68145,3442046080,1,0,227760
lh2205,20220218,20220218,112841500,11:28:41,14235,15072,68145,3442273840,1,0,227760
lh2205,20220218,20220218,112842000,11:28:42,14235,15075,68148,3442957120,3,3,683280
lh2205,20220218,20220218,112843500,11:28:44,14235,15075,68148,3442957120,0,0,0
lh2205,20220218,20220218,112844500,11:28:44,14230,15076,68148,3443184800,1,0,227680
lh2205,20220218,20220218,112845500,11:28:45,14235,15077,68149,3443412560,1,1,227760
lh2205,20220218,20220218,112846000,11:28:46,14235,15079,68149,3443868080,2,0,455520
lh2205,20220218,20220218,112846500,11:28:46,14235,15079,68149,3443868080,0,0,0
lh2205,20220218,20220218,112848500,11:28:48,14235,15079,68149,3443868080,0,0,0
lh2205,20220218,20220218,112850000,11:28:50,14235,15081,68150,3444323600,2,1,455520
lh2205,20220218,20220218,112851500,11:28:51,14230,15082,68150,3444551280,1,0,227680
lh2205,20220218,20220218,112854000,11:28:54,14230,15082,68150,3444551280,0,0,0
lh2205,20220218,20220218,112855500,11:28:56,14230,15082,68150,3444551280,0,0,0
lh2205,20220218,20220218,112858500,11:28:59,14235,15083,68151,3444779040,1,1,227760
lh2205,20220218,20220218,112859500,11:29:00,14235,15083,68151,3444779040,0,0,0
lh2205,20220218,20220218,112900000,11:29:00,14235,15087,68153,3445690080,4,2,911040
lh2205,20220218,20220218,112900500,11:29:01,14235,15093,68150,3447056640,6,-3,1366560
lh2205,20220218,20220218,112902000,11:29:02,14235,15093,68150,3447056640,0,0,0
lh2205,20220218,20220218,112904500,11:29:04,14235,15094,68151,3447284400,1,1,227760
lh2205,20220218,20220218,112906000,11:29:06,14235,15094,68151,3447284400,0,0,0
lh2205,20220218,20220218,112910500,11:29:10,14235,15094,68151,3447284400,0,0,0
lh2205,20220218,20220218,112911000,11:29:11,14235,15096,68151,3447739920,2,0,455520
lh2205,20220218,20220218,112912500,11:29:12,14235,15096,68151,3447739920,0,0,0
lh2205,20220218,20220218,112913000,11:29:13,14235,15096,68151,3447739920,0,0,0
lh2205,20220218,20220218,112913500,11:29:14,14240,15098,68152,3448195520,2,1,455600
lh2205,20220218,20220218,112914000,11:29:14,14240,15100,68154,3448651200,2,2,455680
lh2205,20220218,20220218,112914500,11:29:15,14235,15101,68155,3448878960,1,1,227760
lh2205,20220218,20220218,112915000,11:29:15,14235,15101,68155,3448878960,0,0,0
lh2205,20220218,20220218,112917000,11:29:20,14235,15104,68155,3449562240,3,0,683280
lh2205,20220218,20220218,112918000,11:29:21,14235,15105,68156,3449790000,1,1,227760
lh2205,20220218,20220218,112920000,11:29:21,14230,15107,68158,3450245440,2,2,455440
lh2205,20220218,20220218,112924500,11:29:24,14230,15107,68158,3450245440,0,0,0
lh2205,20220218,20220218,112925000,11:29:25,14230,15108,68159,3450473120,1,1,227680
lh2205,20220218,20220218,112926000,11:29:26,14235,15110,68161,3450928640,2,2,455520
lh2205,20220218,20220218,112927000,11:29:27,14235,15110,68161,3450928640,0,0,0
lh2205,20220218,20220218,112927500,11:29:27,14235,15111,68162,3451156400,1,1,227760
lh2205,20220218,20220218,112930000,11:29:30,14230,15112,68163,3451384080,1,1,227680
lh2205,20220218,20220218,112932500,11:29:36,14235,15113,68163,3451611840,1,0,227760
lh2205,20220218,20220218,112933000,11:29:37,14235,15113,68163,3451611840,0,0,0
lh2205,20220218,20220218,112933500,11:29:37,14235,15113,68163,3451611840,0,0,0
lh2205,20220218,20220218,112936000,11:29:38,14235,15116,68164,3452295120,3,1,683280
lh2205,20220218,20220218,112937000,11:29:38,14235,15117,68164,3452522880,1,0,227760
lh2205,20220218,20220218,112938000,11:29:38,14235,15117,68164,3452522880,0,0,0
lh2205,20220218,20220218,112940000,11:29:40,14235,15118,68164,3452750640,1,0,227760
lh2205,20220218,20220218,112941000,11:29:41,14235,15119,68163,3452978400,1,-1,227760
lh2205,20220218,20220218,112941500,11:29:42,14230,15120,68163,3453206080,1,0,227680
lh2205,20220218,20220218,112944000,11:29:45,14230,15120,68163,3453206080,0,0,0
lh2205,20220218,20220218,112946000,11:29:46,14235,15121,68162,3453433840,1,-1,227760
lh2205,20220218,20220218,112948000,11:29:48,14230,15122,68162,3453661520,1,0,227680
lh2205,20220218,20220218,112948500,11:29:49,14230,15123,68161,3453889200,1,-1,227680
lh2205,20220218,20220218,112949500,11:29:50,14230,15125,68159,3454344560,2,-2,455360
lh2205,20220218,20220218,112950000,11:29:51,14230,15125,68159,3454344560,0,0,0
lh2205,20220218,20220218,112951000,11:29:52,14230,15125,68159,3454344560,0,0,0
lh2205,20220218,20220218,112952500,11:29:53,14235,15128,68160,3455027840,3,1,683280
lh2205,20220218,20220218,112953000,11:29:53,14230,15131,68157,3455710880,3,-3,683040
lh2205,20220218,20220218,112953500,11:29:54,14230,15133,68156,3456166240,2,-1,455360
lh2205,20220218,20220218,112954500,11:29:54,14230,15133,68156,3456166240,0,0,0
lh2205,20220218,20220218,112956000,11:29:56,14230,15134,68157,3456393920,1,1,227680
lh2205,20220218,20220218,112959000,11:30:02,14240,15141,68154,3457988400,7,-3,1594480
lh2205,20220218,20220218,113001000,11:30:03,14235,15142,68154,3458216160,1,0,227760
lh2205,20220218,20220218,133001500,13:30:02,14235,15142,68154,3458216160,0,0,0
lh2205,20220218,20220218,133002000,13:30:08,14240,15150,68160,3460038560,8,6,1822400
lh2205,20220218,20220218,133002500,13:30:09,14230,15153,68161,3460721760,3,1,683200
lh2205,20220218,20220218,133008500,13:30:10,14230,15176,68168,3465957520,23,7,5235760
lh2205,20220218,20220218,133009500,13:30:10,14230,15177,68168,3466185200,1,0,227680
lh2205,20220218,20220218,133012500,13:30:13,14225,15178,68169,3466412800,1,1,227600
lh2205,20220218,20220218,133013500,13:30:14,14225,15178,68169,3466412800,0,0,0
lh2205,20220218,20220218,133014500,13:30:17,14225,15178,68169,3466412800,0,0,0
lh2205,20220218,20220218,133015000,13:30:17,14225,15178,68169,3466412800,0,0,0
lh2205,20220218,20220218,133016500,13:30:18,14230,15180,68169,3466868160,2,0,455360
lh2205,20220218,20220218,133018500,13:30:20,14220,15181,68170,3467095680,1,1,227520
lh2205,20220218,20220218,133019000,13:30:20,14220,15182,68171,3467323200,1,1,227520
lh2205,20220218,20220218,133019500,13:30:20,14220,15183,68172,3467550720,1,1,227520
lh2205,20220218,20220218,133020000,13:30:21,14220,15186,68174,3468233440,3,2,682720
lh2205,20220218,20220218,133020500,13:30:21,14220,15187,68175,3468460960,1,1,227520
lh2205,20220218,20220218,133021000,13:30:21,14220,15188,68176,3468688480,1,1,227520
lh2205,20220218,20220218,133023000,13:30:38,14230,15191,68179,3469371520,3,3,683040
lh2205,20220218,20220218,133038000,13:30:40,14225,15223,68199,3476651680,32,20,7280160
lh2205,20220218,20220218,133040000,13:30:42,14230,15229,68200,3478017520,6,1,1365840
lh2205,20220218,20220218,133043500,13:30:44,14220,15230,68200,3478245040,1,0,227520
lh2205,20220218,20220218,133046000,13:30:47,14210,15242,68211,3480974480,12,11,2729440
lh2205,20220218,20220218,133046500,13:30:47,14230,15243,68211,3481202160,1,0,227680
lh2205,20220218,20220218,133047000,13:30:48,14230,15243,68211,3481202160,0,0,0
lh2205,20220218,20220218,133047500,13:30:48,14230,15243,68211,3481202160,0,0,0
lh2205,20220218,20220218,133048000,13:30:48,14220,15244,68211,3481429680,1,0,227520
lh2205,20220218,20220218,133048500,13:30:49,14220,15246,68213,3481884720,2,2,455040
lh2205,20220218,20220218,133049000,13:30:49,14230,15247,68214,3482112400,1,1,227680
lh2205,20220218,20220218,133049500,13:30:50,14230,15247,68214,3482112400,0,0,0
lh2205,20220218,20220218,133052000,13:30:53,14230,15247,68214,3482112400,0,0,0
lh2205,20220218,20220218,133054000,13:30:54,14230,15249,68214,3482567760,2,0,455360
lh2205,20220218,20220218,133054500,13:30:55,14230,15250,68214,3482795440,1,0,227680
lh2205,20220218,20220218,133056000,13:30:57,14220,15252,68214,3483250560,2,0,455120
lh2205,20220218,20220218,133056500,13:30:57,14220,15252,68214,3483250560,0,0,0
lh2205,20220218,20220218,133057000,13:30:58,14220,15252,68214,3483250560,0,0,0
lh2205,20220218,20220218,133058000,13:30:58,14220,15252,68214,3483250560,0,0,0
lh2205,20220218,20220218,133058500,13:30:59,14220,15252,68214,3483250560,0,0,0
lh2205,20220218,20220218,133059000,13:30:59,14225,15256,68214,3484160960,4,0,910400
lh2205,20220218,20220218,133059500,13:31:00,14225,15256,68214,3484160960,0,0,0
lh2205,20220218,20220218,133101500,13:31:01,14230,15257,68214,3484388640,1,0,227680
lh2205,20220218,20220218,133102000,13:31:02,14230,15257,68214,3484388640,0,0,0
lh2205,20220218,20220218,133102500,13:31:03,14230,15257,68214,3484388640,0,0,0
lh2205,20220218,20220218,133103000,13:31:03,14230,15257,68214,3484388640,0,0,0
lh2205,20220218,20220218,133103500,13:31:05,14230,15257,68214,3484388640,0,0,0
lh2205,20220218,20220218,133105000,13:31:08,14230,15257,68214,3484388640,0,0,0
lh2205,20220218,20220218,133107500,13:31:09,14230,15257,68214,3484388640,0,0,0
lh2205,20220218,20220218,133108000,13:31:09,14230,15259,68215,3484844000,2,1,455360
lh2205,20220218,20220218,133111500,13:31:12,14230,15259,68215,3484844000,0,0,0
lh2205,20220218,20220218,133114000,13:31:15,14230,15259,68215,3484844000,0,0,0
lh2205,20220218,20220218,133114500,13:31:15,14230,15259,68215,3484844000,0,0,0
lh2205,20220218,20220218,133117000,13:31:17,14230,15259,68215,3484844000,0,0,0
lh2205,20220218,20220218,133120000,13:31:20,14230,15259,68215,3484844000,0,0,0
lh2205,20220218,20220218,133121000,13:31:21,14230,15259,68215,3484844000,0,0,0
lh2205,20220218,20220218,133121500,13:31:22,14230,15260,68214,3485071680,1,-1,227680
lh2205,20220218,20220218,133122000,13:31:22,14230,15260,68214,3485071680,0,0,0
lh2205,20220218,20220218,133123000,13:31:25,14230,15260,68214,3485071680,0,0,0
lh2205,20220218,20220218,133157500,13:31:57,14220,15261,68215,3485299200,1,1,227520
lh2205,20220218,20220218,133158500,13:31:58,14220,15262,68214,3485526720,1,-1,227520
lh2205,20220218,20220218,133200500,13:32:01,14220,15262,68214,3485526720,0,0,0
lh2205,20220218,20220218,133201000,13:32:01,14215,15314,68246,3497357680,52,32,11830960
lh2205,20220218,20220218,133202500,13:32:03,14215,15314,68246,3497357680,0,0,0
lh2205,20220218,20220218,133203000,13:32:04,14220,15315,68247,3497585200,1,1,227520
lh2205,20220218,20220218,133206500,13:32:07,14210,15316,68247,3497812560,1,0,227360
lh2205,20220218,20220218,133207000,13:32:07,14210,15318,68249,3498267280,2,2,454720
lh2205,20220218,20220218,133208000,13:32:09,14210,15318,68249,3498267280,0,0,0
lh2205,20220218,20220218,133208500,13:32:10,14210,15318,68249,3498267280,0,0,0
lh2205,20220218,20220218,133211000,13:32:14,14210,15318,68249,3498267280,0,0,0
lh2205,20220218,20220218,133213000,13:32:15,14210,15321,68250,3498949440,3,1,682160
lh2205,20220218,20220218,133213500,13:32:15,14210,15321,68250,3498949440,0,0,0
lh2205,20220218,20220218,133214500,13:32:16,14210,15322,68250,3499176800,1,0,227360
lh2205,20220218,20220218,133215500,13:32:16,14215,15328,68254,3500541280,6,4,1364480
lh2205,20220218,20220218,133216000,13:32:17,14215,15329,68254,3500768720,1,0,227440
lh2205,20220218,20220218,133216500,13:32:17,14215,15329,68254,3500768720,0,0,0
lh2205,20220218,20220218,133218000,13:32:18,14215,15329,68254,3500768720,0,0,0
lh2205,20220218,20220218,133218500,13:32:19,14215,15329,68254,3500768720,0,0,0
lh2205,20220218,20220218,133224500,13:32:24,14210,15330,68255,3500996080,1,1,227360
lh2205,20220218,20220218,133227000,13:32:27,14210,15331,68255,3501223440,1,0,227360
lh2205,20220218,20220218,133232000,13:32:35,14210,15332,68255,3501450800,1,0,227360
lh2205,20220218,20220218,133234500,13:32:35,14220,15344,68262,3504181040,12,7,2730240
lh2205,20220218,20220218,133235000,13:32:36,14225,15345,68262,3504408640,1,0,227600
lh2205,20220218,20220218,133235500,13:32:36,14220,15347,68262,3504863680,2,0,455040
lh2205,20220218,20220218,133238000,13:32:38,14220,15347,68262,3504863680,0,0,0
lh2205,20220218,20220218,133238500,13:32:39,14220,15348,68263,3505091200,1,1,227520
lh2205,20220218,20220218,133242000,13:32:42,14225,15350,68265,3505546400,2,2,455200
lh2205,20220218,20220218,133242500,13:32:42,14220,15351,68266,3505773920,1,1,227520
lh2205,20220218,20220218,133243000,13:32:43,14220,15352,68267,3506001440,1,1,227520
lh2205,20220218,20220218,133245500,13:32:45,14225,15353,68267,3506229040,1,0,227600
lh2205,20220218,20220218,133246000,13:32:47,14225,15355,68269,3506684240,2,2,455200
lh2205,20220218,20220218,133246500,13:32:47,14225,15357,68271,3507139440,2,2,455200
lh2205,20220218,20220218,133250000,13:32:50,14225,15357,68271,3507139440,0,0,0
lh2205,20220218,20220218,133254000,13:32:54,14225,15357,68271,3507139440,0,0,0
lh2205,20220218,20220218,133258500,13:33:00,14220,15358,68271,3507366960,1,0,227520
lh2205,20220218,20220218,133300000,13:33:01,14230,15359,68271,3507594640,1,0,227680
lh2205,20220218,20220218,133300500,13:33:01,14220,15360,68271,3507822160,1,0,227520
lh2205,20220218,20220218,133301000,13:33:02,14220,15360,68271,3507822160,0,0,0
lh2205,20220218,20220218,133303000,13:33:03,14220,15361,68272,3508049680,1,1,227520
lh2205,20220218,20220218,133303500,13:33:04,14220,15361,68272,3508049680,0,0,0
lh2205,20220218,20220218,133305500,13:33:05,14220,15361,68272,3508049680,0,0,0
lh2205,20220218,20220218,133306500,13:33:06,14220,15361,68272,3508049680,0,0,0
lh2205,20220218,20220218,133313000,13:33:15,14220,15361,68272,3508049680,0,0,0
lh2205,20220218,20220218,133317000,13:33:18,14225,15368,68279,3509642480,7,7,1592800
lh2205,20220218,20220218,133319500,13:33:20,14225,15368,68279,3509642480,0,0,0
lh2205,20220218,20220218,133322500,13:33:22,14225,15368,68279,3509642480,0,0,0
lh2205,20220218,20220218,133323000,13:33:23,14225,15369,68279,3509870080,1,0,227600
lh2205,20220218,20220218,133325000,13:33:26,14230,15370,68280,3510097760,1,1,227680
lh2205,20220218,20220218,133326000,13:33:28,14225,15371,68281,3510325360,1,1,227600
lh2205,20220218,20220218,133328000,13:33:30,14230,15372,68282,3510553040,1,1,227680
lh2205,20220218,20220218,133332000,13:33:32,14230,15372,68282,3510553040,0,0,0
lh2205,20220218,20220218,133334500,13:33:34,14230,15372,68282,3510553040,0,0,0
lh2205,20220218,20220218,133335000,13:33:35,14225,15374,68284,3511008240,2,2,455200
lh2205,20220218,20220218,133337000,13:33:37,14225,15374,68284,3511008240,0,0,0
lh2205,20220218,20220218,133341500,13:33:42,14230,15375,68285,3511235920,1,1,227680
lh2205,20220218,20220218,133342500,13:33:42,14220,15376,68286,3511463440,1,1,227520
lh2205,20220218,20220218,133343000,13:33:43,14220,15376,68286,3511463440,0,0,0
lh2205,20220218,20220218,133348500,13:33:49,14220,15376,68286,3511463440,0,0,0
lh2205,20220218,20220218,133349000,13:33:50,14230,15377,68286,3511691120,1,0,227680
lh2205,20220218,20220218,133350000,13:33:50,14230,15380,68284,3512374160,3,-2,683040
lh2205,20220218,20220218,133350500,13:33:50,14230,15380,68284,3512374160,0,0,0
lh2205,20220218,20220218,133352500,13:33:52,14230,15381,68284,3512601840,1,0,227680
lh2205,20220218,20220218,133354500,13:33:54,14230,15381,68284,3512601840,0,0,0
lh2205,20220218,20220218,133356000,13:33:56,14230,15387,68279,3513967920,6,-5,1366080
lh2205,20220218,20220218,133356500,13:33:57,14235,15398,68274,3516472880,11,-5,2504960
lh2205,20220218,20220218,133357000,13:33:57,14235,15399,68274,3516700640,1,0,227760
lh2205,20220218,20220218,133359000,13:33:59,14230,15400,68273,3516928320,1,-1,227680
lh2205,20220218,20220218,133359500,13:33:59,14235,15401,68274,3517156080,1,1,227760
lh2205,20220218,20220218,133400000,13:34:00,14235,15401,68274,3517156080,0,0,0
lh2205,20220218,20220218,133402000,13:34:02,14235,15401,68274,3517156080,0,0,0
lh2205,20220218,20220218,133408500,13:34:12,14235,15401,68274,3517156080,0,0,0
lh2205,20220218,20220218,133412000,13:34:12,14235,15408,68277,3518750160,7,3,1594080
lh2205,20220218,20220218,133412500,13:34:13,14235,15409,68278,3518977920,1,1,227760
lh2205,20220218,20220218,133415500,13:34:16,14230,15411,68278,3519433280,2,0,455360
lh2205,20220218,20220218,133416500,13:34:16,14235,15412,68279,3519661040,1,1,227760
lh2205,20220218,20220218,133418500,13:34:19,14235,15413,68280,3519888800,1,1,227760
lh2205,20220218,20220218,133419000,13:34:19,14230,15414,68280,3520116480,1,0,227680
lh2205,20220218,20220218,133420500,13:34:21,14230,15415,68280,3520344160,1,0,227680
lh2205,20220218,20220218,133421000,13:34:23,14235,15421,68283,3521710720,6,3,1366560
lh2205,20220218,20220218,133424000,13:34:24,14240,15422,68283,3521938560,1,0,227840
lh2205,20220218,20220218,133425000,13:34:25,14235,15423,68283,3522166320,1,0,227760
lh2205,20220218,20220218,133428000,13:34:28,14240,15424,68284,3522394160,1,1,227840
lh2205,20220218,20220218,133428500,13:34:29,14240,15425,68285,3522622000,1,1,227840
lh2205,20220218,20220218,133430000,13:34:30,14240,15426,68286,3522849840,1,1,227840
lh2205,20220218,20220218,133431000,13:34:31,14240,15427,68287,3523077680,1,1,227840
lh2205,20220218,20220218,133436500,13:34:36,14240,15437,68289,3525356080,10,2,2278400
lh2205,20220218,20220218,133437000,13:34:37,14240,15459,68297,3530368560,22,8,5012480
lh2205,20220218,20220218,133437500,13:34:38,14240,15459,68297,3530368560,0,0,0
lh2205,20220218,20220218,133438000,13:34:38,14240,15460,68297,3530596400,1,0,227840
lh2205,20220218,20220218,133438500,13:34:38,14245,15461,68297,3530824320,1,0,227920
lh2205,20220218,20220218,133439000,13:34:39,14245,15463,68296,3531280160,2,-1,455840
lh2205,20220218,20220218,133440000,13:34:40,14245,15464,68296,3531508080,1,0,227920
lh2205,20220218,20220218,133440500,13:34:41,14245,15468,68294,3532419760,4,-2,911680
lh2205,20220218,20220218,133441500,13:34:42,14245,15468,68294,3532419760,0,0,0
lh2205,20220218,20220218,133442000,13:34:43,14240,15469,68294,3532647600,1,0,227840
lh2205,20220218,20220218,133442500,13:34:44,14245,15473,68290,3533559280,4,-4,911680
lh2205,20220218,20220218,133443000,13:34:45,14245,15473,68290,3533559280,0,0,0
lh2205,20220218,20220218,133444000,13:34:45,14245,15473,68290,3533559280,0,0,0
lh2205,20220218,20220218,133444500,13:34:46,14245,15473,68290,3533559280,0,0,0
lh2205,20220218,20220218,133445500,13:34:46,14245,15474,68289,3533787200,1,-1,227920
lh2205,20220218,20220218,133446000,13:34:46,14240,15475,68288,3534015040,1,-1,227840
lh2205,20220218,20220218,133447000,13:34:47,14245,15484,68283,3536066320,9,-5,2051280
lh2205,20220218,20220218,133447500,13:34:47,14245,15484,68283,3536066320,0,0,0
lh2205,20220218,20220218,133448500,13:34:49,14240,15485,68284,3536294160,1,1,227840
lh2205,20220218,20220218,133450000,13:34:51,14245,15487,68284,3536750000,2,0,455840
lh2205,20220218,20220218,133451500,13:34:51,14245,15487,68284,3536750000,0,0,0
lh2205,20220218,20220218,133453000,13:34:53,14245,15488,68285,3536977920,1,1,227920
lh2205,20220218,20220218,133454000,13:34:56,14245,15490,68286,3537433760,2,1,455840
lh2205,20220218,20220218,133455500,13:34:56,14250,15491,68286,3537661760,1,0,228000
lh2205,20220218,20220218,133456500,13:34:57,14250,15491,68286,3537661760,0,0,0
lh2205,20220218,20220218,133458000,13:34:58,14250,15491,68286,3537661760,0,0,0
lh2205,20220218,20220218,133459000,13:34:59,14245,15492,68287,3537889680,1,1,227920
lh2205,20220218,20220218,133459500,13:35:00,14245,15494,68288,3538345520,2,1,455840
lh2205,20220218,20220218,133500000,13:35:00,14245,15495,68289,3538573440,1,1,227920
lh2205,20220218,20220218,133501000,13:35:04,14245,15495,68289,3538573440,0,0,0
lh2205,20220218,20220218,133501500,13:35:04,14245,15495,68289,3538573440,0,0,0
lh2205,20220218,20220218,133502000,13:35:10,14245,15496,68289,3538801360,1,0,227920
lh2205,20220218,20220218,133504000,13:35:10,14245,15501,68290,3539940960,5,1,1139600
lh2205,20220218,20220218,133509500,13:35:10,14245,15512,68292,3542448480,11,2,2507520
lh2205,20220218,20220218,133512000,13:35:12,14245,15512,68292,3542448480,0,0,0
lh2205,20220218,20220218,133512500,13:35:13,14250,15513,68293,3542676480,1,1,228000
lh2205,20220218,20220218,133513500,13:35:14,14250,15514,68293,3542904480,1,0,228000
lh2205,20220218,20220218,133515000,13:35:15,14250,15515,68293,3543132480,1,0,228000
lh2205,20220218,20220218,133515500,13:35:16,14245,15516,68292,3543360400,1,-1,227920
lh2205,20220218,20220218,133516500,13:35:16,14245,15516,68292,3543360400,0,0,0
lh2205,20220218,20220218,133517000,13:35:17,14245,15517,68291,3543588320,1,-1,227920
lh2205,20220218,20220218,133517500,13:35:18,14250,15518,68291,3543816320,1,0,228000
lh2205,20220218,20220218,133518000,13:35:18,14250,15519,68292,3544044320,1,1,228000
lh2205,20220218,20220218,133519000,13:35:19,14250,15520,68293,3544272320,1,1,228000
lh2205,20220218,20220218,133519500,13:35:20,14250,15520,68293,3544272320,0,0,0
lh2205,20220218,20220218,133521500,13:35:22,14250,15521,68293,3544500320,1,0,228000
lh2205,20220218,20220218,133522000,13:35:22,14245,15525,68295,3545412240,4,2,911920
lh2205,20220218,20220218,133522500,13:35:23,14250,15526,68295,3545640240,1,0,228000
lh2205,20220218,20220218,133523500,13:35:23,14250,15528,68296,3546096240,2,1,456000
lh2205,20220218,20220218,133525000,13:35:25,14250,15528,68296,3546096240,0,0,0
lh2205,20220218,20220218,133525500,13:35:26,14245,15529,68295,3546324160,1,-1,227920
lh2205,20220218,20220218,133526500,13:35:27,14250,15530,68295,3546552160,1,0,228000
lh2205,20220218,20220218,133528000,13:35:32,14250,15531,68296,3546780160,1,1,228000
lh2205,20220218,20220218,133530500,13:35:33,14250,15533,68296,3547236080,2,0,455920
lh2205,20220218,20220218,133531500,13:35:41,14250,15533,68296,3547236080,0,0,0
lh2205,20220218,20220218,133532000,13:35:42,14245,15545,68296,3549971120,12,0,2735040
lh2205,20220218,20220218,133532500,13:35:42,14250,15550,68300,3551111120,5,4,1140000
lh2205,20220218,20220218,133539000,13:35:43,14250,15553,68302,3551795120,3,2,684000
lh2205,20220218,20220218,133543000,13:35:44,14250,15554,68303,3552023120,1,1,228000
lh2205,20220218,20220218,133545500,13:35:46,14250,15554,68303,3552023120,0,0,0
lh2205,20220218,20220218,133548500,13:35:48,14245,15561,68302,3553619040,7,-1,1595920
lh2205,20220218,20220218,133549000,13:35:49,14245,15561,68302,3553619040,0,0,0
lh2205,20220218,20220218,133549500,13:35:49,14245,15561,68302,3553619040,0,0,0
lh2205,20220218,20220218,133550500,13:35:50,14250,15562,68302,3553847040,1,0,228000
lh2205,20220218,20220218,133551000,13:35:51,14250,15563,68303,3554075040,1,1,228000
lh2205,20220218,20220218,133552500,13:35:52,14250,15563,68303,3554075040,0,0,0
lh2205,20220218,20220218,133553500,13:35:55,14250,15564,68303,3554303040,1,0,228000
lh2205,20220218,20220218,133554000,13:35:55,14250,15570,68305,3555670640,6,2,1367600
lh2205,20220218,20220218,133554500,13:35:56,14250,15570,68305,3555670640,0,0,0
lh2205,20220218,20220218,133555500,13:35:56,14245,15572,68307,3556126480,2,2,455840
lh2205,20220218,20220218,133556500,13:35:57,14250,15573,68307,3556354480,1,0,228000
lh2205,20220218,20220218,133600000,13:36:03,14250,15574,68308,3556582480,1,1,228000
lh2205,20220218,20220218,133601500,13:36:03,14250,15578,68309,3557494400,4,1,911920
lh2205,20220218,20220218,133602500,13:36:04,14250,15582,68309,3558406400,4,0,912000
lh2205,20220218,20220218,133603500,13:36:05,14250,15586,68306,3559318400,4,-3,912000
lh2205,20220218,20220218,133604000,13:36:06,14245,15587,68306,3559546320,1,0,227920
lh2205,20220218,20220218,133605000,13:36:06,14250,15610,68322,3564790320,23,16,5244000
lh2205,20220218,20220218,133605500,13:36:07,14250,15613,68320,3565474400,3,-2,684080
lh2205,20220218,20220218,133606500,13:36:07,14250,15613,68320,3565474400,0,0,0
lh2205,20220218,20220218,133610000,13:36:10,14255,15614,68320,3565702480,1,0,228080
lh2205,20220218,20220218,133610500,13:36:11,14255,15617,68323,3566386720,3,3,684240
lh2205,20220218,20220218,133611000,13:36:11,14250,15620,68323,3567070720,3,0,684000
lh2205,20220218,20220218,133611500,13:36:12,14250,15620,68323,3567070720,0,0,0
lh2205,20220218,20220218,133612000,13:36:12,14250,15621,68323,3567298720,1,0,228000
lh2205,20220218,20220218,133613000,13:36:13,14250,15622,68323,3567526720,1,0,228000
lh2205,20220218,20220218,133613500,13:36:14,14255,15623,68324,3567754800,1,1,228080
lh2205,20220218,20220218,133614000,13:36:14,14255,15628,68324,3568895200,5,0,1140400
lh2205,20220218,20220218,133614500,13:36:14,14255,15629,68324,3569123280,1,0,228080
lh2205,20220218,20220218,133615000,13:36:15,14255,15629,68324,3569123280,0,0,0
lh2205,20220218,20220218,133617000,13:36:17,14255,15629,68324,3569123280,0,0,0
lh2205,20220218,20220218,133618000,13:36:19,14255,15631,68324,3569579440,2,0,456160
lh2205,20220218,20220218,133618500,13:36:19,14255,15633,68324,3570035520,2,0,456080
lh2205,20220218,20220218,133619000,13:36:19,14255,15633,68324,3570035520,0,0,0
lh2205,20220218,20220218,133619500,13:36:19,14250,15634,68325,3570263520,1,1,228000
lh2205,20220218,20220218,133620500,13:36:20,14250,15634,68325,3570263520,0,0,0
lh2205,20220218,20220218,133621000,13:36:21,14250,15635,68325,3570491520,1,0,228000
lh2205,20220218,20220218,133622000,13:36:22,14255,15636,68324,3570719600,1,-1,228080
lh2205,20220218,20220218,133623500,13:36:23,14255,15636,68324,3570719600,0,0,0
lh2205,20220218,20220218,133624000,13:36:24,14250,15638,68324,3571175600,2,0,456000
lh2205,20220218,20220218,133624500,13:36:24,14250,15638,68324,3571175600,0,0,0
lh2205,20220218,20220218,133625500,13:36:26,14250,15638,68324,3571175600,0,0,0
lh2205,20220218,20220218,133626000,13:36:26,14250,15638,68324,3571175600,0,0,0
lh2205,20220218,20220218,133629000,13:36:29,14250,15638,68324,3571175600,0,0,0
lh2205,20220218,20220218,133629500,13:36:30,14255,15639,68324,3571403680,1,0,228080
lh2205,20220218,20220218,133630500,13:36:31,14250,15640,68324,3571631680,1,0,228000
lh2205,20220218,20220218,133633000,13:36:33,14250,15641,68324,3571859680,1,0,228000
lh2205,20220218,20220218,133634000,13:36:34,14255,15642,68325,3572087760,1,1,228080
lh2205,20220218,20220218,133635500,13:36:36,14255,15642,68325,3572087760,0,0,0
lh2205,20220218,20220218,133636500,13:36:36,14250,15644,68325,3572543760,2,0,456000
lh2205,20220218,20220218,133637000,13:36:38,14250,15647,68325,3573227840,3,0,684080
lh2205,20220218,20220218,133637500,13:36:38,14250,15647,68325,3573227840,0,0,0
lh2205,20220218,20220218,133638500,13:36:39,14250,15649,68323,3573683840,2,-2,456000
lh2205,20220218,20220218,133639500,13:36:39,14255,15650,68323,3573911920,1,0,228080
lh2205,20220218,20220218,133640500,13:36:40,14255,15650,68323,3573911920,0,0,0
lh2205,20220218,20220218,133641000,13:36:41,14255,15657,68317,3575508480,7,-6,1596560
lh2205,20220218,20220218,133643500,13:36:44,14255,15659,68315,3575964640,2,-2,456160
lh2205,20220218,20220218,133644000,13:36:44,14255,15660,68314,3576192720,1,-1,228080
lh2205,20220218,20220218,133644500,13:36:44,14255,15660,68314,3576192720,0,0,0
lh2205,20220218,20220218,133645500,13:36:46,14250,15661,68313,3576420720,1,-1,228000
lh2205,20220218,20220218,133646000,13:36:46,14255,15662,68313,3576648800,1,0,228080
lh2205,20220218,20220218,133646500,13:36:46,14250,15666,68309,3577560800,4,-4,912000
lh2205,20220218,20220218,133648000,13:36:48,14250,15666,68309,3577560800,0,0,0
lh2205,20220218,20220218,133648500,13:36:48,14255,15671,68311,3578701200,5,2,1140400
lh2205,20220218,20220218,133649000,13:36:49,14255,15671,68311,3578701200,0,0,0
lh2205,20220218,20220218,133649500,13:36:49,14250,15673,68310,3579157200,2,-1,456000
lh2205,20220218,20220218,133650500,13:36:50,14250,15673,68310,3579157200,0,0,0
lh2205,20220218,20220218,133651000,13:36:51,14255,15676,68309,3579841440,3,-1,684240
lh2205,20220218,20220218,133651500,13:36:51,14250,15678,68309,3580297440,2,0,456000
lh2205,20220218,20220218,133652000,13:36:52,14250,15678,68309,3580297440,0,0,0
lh2205,20220218,20220218,133652500,13:36:53,14250,15678,68309,3580297440,0,0,0
lh2205,20220218,20220218,133655500,13:36:56,14255,15679,68310,3580525520,1,1,228080
lh2205,20220218,20220218,133656500,13:36:57,14255,15684,68310,3581665920,5,0,1140400
lh2205,20220218,20220218,133657000,13:36:58,14250,15685,68310,3581893920,1,0,228000
lh2205,20220218,20220218,133657500,13:36:58,14250,15685,68310,3581893920,0,0,0
lh2205,20220218,20220218,133658000,13:36:58,14250,15686,68311,3582121920,1,1,228000
lh2205,20220218,20220218,133658500,13:36:59,14250,15686,68311,3582121920,0,0,0
lh2205,20220218,20220218,133700000,13:37:00,14250,15686,68311,3582121920,0,0,0
lh2205,20220218,20220218,133702500,13:37:03,14250,15687,68310,3582349920,1,-1,228000
lh2205,20220218,20220218,133703000,13:37:03,14255,15688,68311,3582578000,1,1,228080
lh2205,20220218,20220218,133704000,13:37:04,14250,15689,68310,3582806000,1,-1,228000
lh2205,20220218,20220218,133705000,13:37:05,14255,15690,68311,3583034080,1,1,228080
lh2205,20220218,20220218,133707000,13:37:08,14255,15694,68311,3583946400,4,0,912320
lh2205,20220218,20220218,133707500,13:37:08,14255,15697,68313,3584630640,3,2,684240
lh2205,20220218,20220218,133708500,13:37:08,14255,15697,68313,3584630640,0,0,0
lh2205,20220218,20220218,133710000,13:37:11,14255,15697,68313,3584630640,0,0,0
lh2205,20220218,20220218,133710500,13:37:11,14260,15699,68313,3585086880,2,0,456240
lh2205,20220218,20220218,133711000,13:37:11,14260,15701,68312,3585543200,2,-1,456320
lh2205,20220218,20220218,133712000,13:37:13,14255,15707,68312,3586911680,6,0,1368480
lh2205,20220218,20220218,133712500,13:37:13,14255,15708,68312,3587139760,1,0,228080
lh2205,20220218,20220218,133713500,13:37:14,14260,15718,68309,3589420880,10,-3,2281120
lh2205,20220218,20220218,133714000,13:37:14,14260,15719,68309,3589649040,1,0,228160
lh2205,20220218,20220218,133714500,13:37:14,14260,15719,68309,3589649040,0,0,0
lh2205,20220218,20220218,133715000,13:37:15,14260,15719,68309,3589649040,0,0,0
lh2205,20220218,20220218,133715500,13:37:16,14250,15725,68305,3591017040,6,-4,1368000
lh2205,20220218,20220218,133716000,13:37:16,14250,15727,68306,3591473040,2,1,456000
lh2205,20220218,20220218,133717000,13:37:17,14255,15728,68306,3591701120,1,0,228080
lh2205,20220218,20220218,133718000,13:37:18,14255,15728,68306,3591701120,0,0,0
lh2205,20220218,20220218,133719000,13:37:19,14255,15729,68306,3591929200,1,0,228080
lh2205,20220218,20220218,133723000,13:37:23,14255,15729,68306,3591929200,0,0,0
lh2205,20220218,20220218,133724500,13:37:25,14255,15736,68307,3593525760,7,1,1596560
lh2205,20220218,20220218,133725000,13:37:25,14255,15736,68307,3593525760,0,0,0
lh2205,20220218,20220218,133726500,13:37:27,14255,15740,68307,3594438080,4,0,912320
lh2205,20220218,20220218,133727000,13:37:27,14255,15740,68307,3594438080,0,0,0
lh2205,20220218,20220218,133729500,13:37:30,14255,15741,68308,3594666160,1,1,228080
lh2205,20220218,20220218,133731000,13:37:31,14255,15742,68308,3594894240,1,0,228080
lh2205,20220218,20220218,133731500,13:37:31,14255,15742,68308,3594894240,0,0,0
lh2205,20220218,20220218,133732000,13:37:32,14255,15742,68308,3594894240,0,0,0
lh2205,20220218,20220218,133732500,13:37:33,14255,15742,68308,3594894240,0,0,0
lh2205,20220218,20220218,133733500,13:37:33,14255,15746,68307,3595806320,4,-1,912080
lh2205,20220218,20220218,133734500,13:37:34,14245,15748,68306,3596262320,2,-1,456000
lh2205,20220218,20220218,133735000,13:37:35,14245,15748,68306,3596262320,0,0,0
lh2205,20220218,20220218,133735500,13:37:36,14245,15748,68306,3596262320,0,0,0
lh2205,20220218,20220218,133736000,13:37:36,14245,15748,68306,3596262320,0,0,0
lh2205,20220218,20220218,133736500,13:37:37,14250,15752,68306,3597174320,4,0,912000
lh2205,20220218,20220218,133737500,13:37:37,14250,15752,68306,3597174320,0,0,0
lh2205,20220218,20220218,133738000,13:37:38,14250,15756,68306,3598086320,4,0,912000
lh2205,20220218,20220218,133738500,13:37:39,14255,15757,68306,3598314400,1,0,228080
lh2205,20220218,20220218,133739000,13:37:39,14255,15757,68306,3598314400,0,0,0
lh2205,20220218,20220218,133739500,13:37:39,14255,15757,68306,3598314400,0,0,0
lh2205,20220218,20220218,133740500,13:37:40,14255,15757,68306,3598314400,0,0,0
lh2205,20220218,20220218,133741000,13:37:41,14255,15760,68308,3598998640,3,2,684240
lh2205,20220218,20220218,133741500,13:37:41,14255,15760,68308,3598998640,0,0,0
lh2205,20220218,20220218,133742000,13:37:42,14245,15763,68309,3599682480,3,1,683840
lh2205,20220218,20220218,133744000,13:37:44,14255,15765,68309,3600138640,2,0,456160
lh2205,20220218,20220218,133746000,13:37:46,14255,15765,68309,3600138640,0,0,0
lh2205,20220218,20220218,133746500,13:37:47,14250,15766,68310,3600366640,1,1,228000
lh2205,20220218,20220218,133747000,13:37:47,14250,15767,68310,3600594640,1,0,228000
lh2205,20220218,20220218,133748000,13:37:48,14250,15767,68310,3600594640,0,0,0
lh2205,20220218,20220218,133748500,13:37:48,14250,15767,68310,3600594640,0,0,0
lh2205,20220218,20220218,133749000,13:37:49,14250,15767,68310,3600594640,0,0,0
lh2205,20220218,20220218,133749500,13:37:49,14250,15768,68310,3600822640,1,0,228000
lh2205,20220218,20220218,133750500,13:37:51,14250,15768,68310,3600822640,0,0,0
lh2205,20220218,20220218,133752000,13:37:53,14250,15768,68310,3600822640,0,0,0
lh2205,20220218,20220218,133753000,13:37:54,14250,15768,68310,3600822640,0,0,0
lh2205,20220218,20220218,133754000,13:37:55,14255,15769,68311,3601050720,1,1,228080
lh2205,20220218,20220218,133756000,13:37:56,14255,15769,68311,3601050720,0,0,0
lh2205,20220218,20220218,133757500,13:37:58,14255,15769,68311,3601050720,0,0,0
lh2205,20220218,20220218,133758000,13:37:58,14255,15769,68311,3601050720,0,0,0
lh2205,20220218,20220218,133758500,13:37:59,14255,15769,68311,3601050720,0,0,0
lh2205,20220218,20220218,133759000,13:37:59,14255,15770,68312,3601278800,1,1,228080
lh2205,20220218,20220218,133759500,13:38:00,14250,15774,68316,3602190800,4,4,912000
lh2205,20220218,20220218,133800000,13:38:02,14255,15776,68316,3602646960,2,0,456160
lh2205,20220218,20220218,133801000,13:38:02,14255,15777,68316,3602875040,1,0,228080
lh2205,20220218,20220218,133801500,13:38:03,14255,15777,68316,3602875040,0,0,0
lh2205,20220218,20220218,133803000,13:38:06,14250,15778,68316,3603103040,1,0,228000
lh2205,20220218,20220218,133803500,13:38:06,14250,15778,68316,3603103040,0,0,0
lh2205,20220218,20220218,133805000,13:38:06,14250,15778,68316,3603103040,0,0,0
lh2205,20220218,20220218,133810500,13:38:10,14250,15778,68316,3603103040,0,0,0
lh2205,20220218,20220218,133811000,13:38:11,14250,15778,68316,3603103040,0,0,0
lh2205,20220218,20220218,133812000,13:38:14,14250,15778,68316,3603103040,0,0,0
lh2205,20220218,20220218,133813500,13:38:15,14250,15781,68317,3603787040,3,1,684000
lh2205,20220218,20220218,133818000,13:38:18,14255,15789,68325,3605611120,8,8,1824080
lh2205,20220218,20220218,133818500,13:38:19,14255,15789,68325,3605611120,0,0,0
lh2205,20220218,20220218,133819000,13:38:19,14255,15797,68326,3607435760,8,1,1824640
lh2205,20220218,20220218,133819500,13:38:19,14255,15799,68328,3607891920,2,2,456160
lh2205,20220218,20220218,133820000,13:38:20,14255,15799,68328,3607891920,0,0,0
lh2205,20220218,20220218,133820500,13:38:22,14250,15802,68328,3608575920,3,0,684000
lh2205,20220218,20220218,133822500,13:38:23,14250,15802,68328,3608575920,0,0,0
lh2205,20220218,20220218,133823000,13:38:23,14250,15802,68328,3608575920,0,0,0
lh2205,20220218,20220218,133824000,13:38:24,14250,15803,68329,3608803920,1,1,228000
lh2205,20220218,20220218,133840000,13:38:43,14250,15803,68329,3608803920,0,0,0
lh2205,20220218,20220218,133842000,13:38:43,14255,15811,68332,3610627840,8,3,1823920
lh2205,20220218,20220218,133842500,13:38:43,14255,15811,68332,3610627840,0,0,0
lh2205,20220218,20220218,133845000,13:38:45,14250,15814,68332,3611311840,3,0,684000
lh2205,20220218,20220218,133846000,13:38:46,14250,15814,68332,3611311840,0,0,0
lh2205,20220218,20220218,133856500,13:38:56,14250,15815,68331,3611539840,1,-1,228000
lh2205,20220218,20220218,133859500,13:38:59,14250,15815,68331,3611539840,0,0,0
lh2205,20220218,20220218,133901000,13:39:01,14250,15815,68331,3611539840,0,0,0
lh2205,20220218,20220218,133907500,13:39:07,14250,15815,68331,3611539840,0,0,0
lh2205,20220218,20220218,133914000,13:39:15,14255,15816,68331,3611767920,1,0,228080
lh2205,20220218,20220218,133914500,13:39:16,14255,15824,68332,3613592080,8,1,1824160
lh2205,20220218,20220218,133918000,13:39:19,14250,15826,68330,3614048080,2,-2,456000
lh2205,20220218,20220218,133919000,13:39:19,14250,15826,68330,3614048080,0,0,0
lh2205,20220218,20220218,133923500,13:39:23,14255,15827,68329,3614276160,1,-1,228080
lh2205,20220218,20220218,133924000,13:39:24,14255,15827,68329,3614276160,0,0,0
lh2205,20220218,20220218,133930500,13:39:30,14255,15827,68329,3614276160,0,0,0
lh2205,20220218,20220218,133932000,13:39:32,14255,15827,68329,3614276160,0,0,0
lh2205,20220218,20220218,133934000,13:39:34,14255,15827,68329,3614276160,0,0,0
lh2205,20220218,20220218,133938500,13:39:38,14255,15828,68329,3614504240,1,0,228080
lh2205,20220218,20220218,133939500,13:39:39,14255,15833,68333,3615644640,5,4,1140400
lh2205,20220218,20220218,133940500,13:39:41,14250,15834,68333,3615872640,1,0,228000
lh2205,20220218,20220218,133943000,13:39:43,14250,15839,68333,3617012640,5,0,1140000
lh2205,20220218,20220218,133945000,13:39:45,14250,15843,68333,3617924720,4,0,912080
lh2205,20220218,20220218,133945500,13:39:46,14255,15844,68332,3618152800,1,-1,228080
lh2205,20220218,20220218,133946000,13:39:47,14255,15850,68331,3619521040,6,-1,1368240
lh2205,20220218,20220218,133946500,13:39:47,14250,15852,68331,3619977040,2,0,456000
lh2205,20220218,20220218,133947500,13:39:47,14250,15853,68331,3620205040,1,0,228000
lh2205,20220218,20220218,133948500,13:39:48,14250,15853,68331,3620205040,0,0,0
lh2205,20220218,20220218,133949000,13:39:49,14250,15854,68331,3620433040,1,0,228000
lh2205,20220218,20220218,133949500,13:39:50,14255,15855,68330,3620661120,1,-1,228080
lh2205,20220218,20220218,133951000,13:39:51,14255,15855,68330,3620661120,0,0,0
lh2205,20220218,20220218,133954500,13:39:55,14255,15855,68330,3620661120,0,0,0
lh2205,20220218,20220218,133955000,13:39:55,14250,15860,68334,3621801120,5,4,1140000
lh2205,20220218,20220218,133957000,13:39:57,14250,15861,68334,3622029120,1,0,228000
lh2205,20220218,20220218,133957500,13:40:13,14250,15863,68335,3622485120,2,1,456000
lh2205,20220218,20220218,133958000,13:40:13,14250,15863,68335,3622485120,0,0,0
lh2205,20220218,20220218,133958500,13:40:13,14250,15867,68339,3623397120,4,4,912000
lh2205,20220218,20220218,134011000,13:40:13,14250,15867,68339,3623397120,0,0,0
lh2205,20220218,20220218,134013000,13:40:13,14245,15874,68341,3624993280,7,2,1596160
lh2205,20220218,20220218,134014000,13:40:14,14250,15875,68342,3625221280,1,1,228000
lh2205,20220218,20220218,134014500,13:40:15,14250,15876,68343,3625449280,1,1,228000
lh2205,20220218,20220218,134015500,13:40:16,14250,15876,68343,3625449280,0,0,0
lh2205,20220218,20220218,134016000,13:40:16,14250,15876,68343,3625449280,0,0,0
lh2205,20220218,20220218,134016500,13:40:16,14250,15876,68343,3625449280,0,0,0
lh2205,20220218,20220218,134017500,13:40:18,14250,15876,68343,3625449280,0,0,0
lh2205,20220218,20220218,134018000,13:40:19,14255,15877,68343,3625677360,1,0,228080
lh2205,20220218,20220218,134021000,13:40:21,14250,15878,68344,3625905360,1,1,228000
lh2205,20220218,20220218,134021500,13:40:22,14250,15879,68344,3626133360,1,0,228000
lh2205,20220218,20220218,134022000,13:40:22,14250,15879,68344,3626133360,0,0,0
lh2205,20220218,20220218,134023500,13:40:24,14250,15882,68344,3626817360,3,0,684000
lh2205,20220218,20220218,134024500,13:40:25,14250,15883,68343,3627045360,1,-1,228000
lh2205,20220218,20220218,134025000,13:40:25,14250,15884,68343,3627273360,1,0,228000
lh2205,20220218,20220218,134026500,13:40:27,14250,15889,68343,3628413360,5,0,1140000
lh2205,20220218,20220218,134027500,13:40:27,14250,15889,68343,3628413360,0,0,0
lh2205,20220218,20220218,134030500,13:40:31,14250,15890,68343,3628641360,1,0,228000
lh2205,20220218,20220218,134031500,13:40:31,14250,15890,68343,3628641360,0,0,0
lh2205,20220218,20220218,134034500,13:40:35,14245,15891,68344,3628869280,1,1,227920
lh2205,20220218,20220218,134037000,13:40:37,14250,15892,68343,3629097280,1,-1,228000
lh2205,20220218,20220218,134041000,13:40:42,14250,15892,68343,3629097280,0,0,0
lh2205,20220218,20220218,134043000,13:40:43,14250,15894,68343,3629553280,2,0,456000
lh2205,20220218,20220218,134043500,13:40:44,14250,15894,68343,3629553280,0,0,0
lh2205,20220218,20220218,134044500,13:40:44,14245,15897,68342,3630237040,3,-1,683760
lh2205,20220218,20220218,134045500,13:40:45,14245,15897,68342,3630237040,0,0,0
lh2205,20220218,20220218,134046500,13:40:46,14245,15898,68341,3630464960,1,-1,227920
lh2205,20220218,20220218,134049000,13:40:49,14245,15900,68340,3630920800,2,-1,455840
lh2205,20220218,20220218,134051000,13:40:51,14245,15901,68340,3631148720,1,0,227920
lh2205,20220218,20220218,134054000,13:40:55,14245,15901,68340,3631148720,0,0,0
lh2205,20220218,20220218,134055500,13:40:57,14245,15902,68339,3631376640,1,-1,227920
lh2205,20220218,20220218,134058000,13:40:58,14245,15902,68339,3631376640,0,0,0
lh2205,20220218,20220218,134100500,13:41:00,14245,15903,68338,3631604560,1,-1,227920
lh2205,20220218,20220218,134102500,13:41:02,14245,15903,68338,3631604560,0,0,0
lh2205,20220218,20220218,134104000,13:41:05,14245,15905,68338,3632060400,2,0,455840
lh2205,20220218,20220218,134104500,13:41:06,14245,15905,68338,3632060400,0,0,0
lh2205,20220218,20220218,134106500,13:41:07,14250,15906,68337,3632288400,1,-1,228000
lh2205,20220218,20220218,134107500,13:41:09,14250,15908,68337,3632744400,2,0,456000
lh2205,20220218,20220218,134109500,13:41:10,14250,15908,68337,3632744400,0,0,0
lh2205,20220218,20220218,134110000,13:41:10,14250,15915,68332,3634340400,7,-5,1596000
lh2205,20220218,20220218,134112000,13:41:12,14250,15916,68331,3634568400,1,-1,228000
lh2205,20220218,20220218,134113000,13:41:13,14250,15917,68330,3634796400,1,-1,228000
lh2205,20220218,20220218,134113500,13:41:13,14250,15918,68329,3635024400,1,-1,228000
lh2205,20220218,20220218,134115500,13:41:16,14250,15918,68329,3635024400,0,0,0
lh2205,20220218,20220218,134118000,13:41:19,14255,15919,68329,3635252480,1,0,228080
lh2205,20220218,20220218,134119500,13:41:20,14255,15919,68329,3635252480,0,0,0
lh2205,20220218,20220218,134120500,13:41:23,14255,15919,68329,3635252480,0,0,0
lh2205,20220218,20220218,134122500,13:41:24,14250,15920,68329,3635480480,1,0,228000
lh2205,20220218,20220218,134125500,13:41:27,14250,15921,68328,3635708480,1,-1,228000
lh2205,20220218,20220218,134126500,13:41:27,14255,15922,68327,3635936560,1,-1,228080
lh2205,20220218,20220218,134127000,13:41:27,14245,15926,68327,3636848320,4,0,911760
lh2205,20220218,20220218,134127500,13:41:27,14245,15926,68327,3636848320,0,0,0
lh2205,20220218,20220218,134129500,13:41:30,14245,15927,68326,3637076240,1,-1,227920
lh2205,20220218,20220218,134134500,13:41:34,14245,15927,68326,3637076240,0,0,0
lh2205,20220218,20220218,134136500,13:41:39,14250,15928,68326,3637304240,1,0,228000
lh2205,20220218,20220218,134137000,13:41:40,14250,15929,68326,3637532240,1,0,228000
lh2205,20220218,20220218,134138000,13:41:42,14255,15937,68322,3639356480,8,-4,1824240
lh2205,20220218,20220218,134140500,13:41:42,14255,15937,68322,3639356480,0,0,0
lh2205,20220218,20220218,134142000,13:41:42,14250,15941,68318,3640268480,4,-4,912000
lh2205,20220218,20220218,134143000,13:41:43,14250,15941,68318,3640268480,0,0,0
lh2205,20220218,20220218,134145000,13:41:45,14245,15942,68318,3640496400,1,0,227920
lh2205,20220218,20220218,134146000,13:41:46,14250,15943,68318,3640724400,1,0,228000
lh2205,20220218,20220218,134148500,13:41:48,14250,15943,68318,3640724400,0,0,0
lh2205,20220218,20220218,134152000,13:41:52,14245,15944,68318,3640952320,1,0,227920
lh2205,20220218,20220218,134153500,13:41:54,14250,15945,68318,3641180320,1,0,228000
lh2205,20220218,20220218,134155000,13:42:04,14245,15946,68317,3641408240,1,-1,227920
lh2205,20220218,20220218,134159000,13:42:10,14245,15947,68317,3641636160,1,0,227920
lh2205,20220218,20220218,134202500,13:42:11,14245,15948,68316,3641864080,1,-1,227920
lh2205,20220218,20220218,134206500,13:42:12,14250,15951,68314,3642548000,3,-2,683920
lh2205,20220218,20220218,134213500,13:42:14,14245,15952,68313,3642775920,1,-1,227920
lh2205,20220218,20220218,134223500,13:42:24,14245,15952,68313,3642775920,0,0,0
lh2205,20220218,20220218,134224000,13:42:25,14245,15978,68321,3648701840,26,8,5925920
lh2205,20220218,20220218,134224500,13:42:25,14240,15985,68323,3650296720,7,2,1594880
lh2205,20220218,20220218,134225500,13:42:25,14240,15985,68323,3650296720,0,0,0
lh2205,20220218,20220218,134226000,13:42:26,14240,15985,68323,3650296720,0,0,0
lh2205,20220218,20220218,134227000,13:42:28,14240,15986,68323,3650524560,1,0,227840
lh2205,20220218,20220218,134228500,13:42:29,14240,15988,68323,3650980240,2,0,455680
lh2205,20220218,20220218,134239500,13:42:39,14235,15989,68324,3651208000,1,1,227760
lh2205,20220218,20220218,134256000,13:42:56,14235,15995,68327,3652574560,6,3,1366560
lh2205,20220218,20220218,134256500,13:42:57,14235,15996,68327,3652802320,1,0,227760
lh2205,20220218,20220218,134257000,13:42:59,14235,16009,68332,3655763920,13,5,2961600
lh2205,20220218,20220218,134257500,13:42:59,14240,16017,68335,3657586240,8,3,1822320
lh2205,20220218,20220218,134258000,13:42:59,14240,16017,68335,3657586240,0,0,0
lh2205,20220218,20220218,134301000,13:43:02,14240,16017,68335,3657586240,0,0,0
lh2205,20220218,20220218,134302000,13:43:02,14240,16017,68335,3657586240,0,0,0
lh2205,20220218,20220218,134303500,13:43:11,14240,16018,68336,3657814080,1,1,227840
lh2205,20220218,20220218,134305000,13:43:11,14235,16019,68337,3658041840,1,1,227760
lh2205,20220218,20220218,134309000,13:43:12,14235,16021,68336,3658497440,2,-1,455600
lh2205,20220218,20220218,134315500,13:43:15,14230,16022,68336,3658725120,1,0,227680
lh2205,20220218,20220218,134316000,13:43:16,14230,16022,68336,3658725120,0,0,0
lh2205,20220218,20220218,134317500,13:43:17,14235,16023,68336,3658952880,1,0,227760
lh2205,20220218,20220218,134318000,13:43:18,14235,16023,68336,3658952880,0,0,0
lh2205,20220218,20220218,134318500,13:43:18,14240,16024,68337,3659180720,1,1,227840
lh2205,20220218,20220218,134321000,13:43:21,14230,16025,68337,3659408400,1,0,227680
lh2205,20220218,20220218,134323500,13:43:24,14230,16026,68337,3659636080,1,0,227680
lh2205,20220218,20220218,134325500,13:43:26,14230,16026,68337,3659636080,0,0,0
lh2205,20220218,20220218,134326000,13:43:26,14235,16027,68337,3659863840,1,0,227760
lh2205,20220218,20220218,134329000,13:43:29,14235,16028,68338,3660091600,1,1,227760
lh2205,20220218,20220218,134333500,13:43:34,14235,16028,68338,3660091600,0,0,0
lh2205,20220218,20220218,134334500,13:43:34,14230,16029,68338,3660319280,1,0,227680
lh2205,20220218,20220218,134335500,13:43:35,14230,16029,68338,3660319280,0,0,0
lh2205,20220218,20220218,134337500,13:43:38,14230,16039,68337,3662596080,10,-1,2276800
lh2205,20220218,20220218,134354500,13:44:04,14230,16046,68340,3664189680,7,3,1593600
lh2205,20220218,20220218,134355000,13:44:04,14230,16046,68340,3664189680,0,0,0
lh2205,20220218,20220218,134356500,13:44:04,14230,16046,68340,3664189680,0,0,0
lh2205,20220218,20220218,134403500,13:44:04,14230,16047,68341,3664417360,1,1,227680
lh2205,20220218,20220218,134405500,13:44:06,14230,16048,68341,3664645040,1,0,227680
lh2205,20220218,20220218,134408000,13:44:08,14230,16048,68341,3664645040,0,0,0
lh2205,20220218,20220218,134409500,13:44:17,14230,16048,68341,3664645040,0,0,0
lh2205,20220218,20220218,134412500,13:44:18,14235,16054,68337,3666011200,6,-4,1366160
lh2205,20220218,20220218,134418500,13:44:19,14235,16054,68337,3666011200,0,0,0
lh2205,20220218,20220218,134419500,13:44:23,14235,16054,68337,3666011200,0,0,0
lh2205,20220218,20220218,134420500,13:44:23,14230,16055,68336,3666238880,1,-1,227680
lh2205,20220218,20220218,134421000,13:44:23,14230,16055,68336,3666238880,0,0,0
lh2205,20220218,20220218,134425000,13:44:25,14240,16056,68337,3666466720,1,1,227840
lh2205,20220218,20220218,134428000,13:44:29,14240,16057,68338,3666694560,1,1,227840
lh2205,20220218,20220218,134428500,13:44:29,14240,16058,68338,3666922400,1,0,227840
lh2205,20220218,20220218,134429000,13:44:29,14240,16059,68338,3667150240,1,0,227840
lh2205,20220218,20220218,134437500,13:44:37,14230,16080,68331,3671932960,21,-7,4782720
lh2205,20220218,20220218,134438000,13:44:38,14230,16080,68331,3671932960,0,0,0
lh2205,20220218,20220218,134439000,13:44:39,14230,16080,68331,3671932960,0,0,0
lh2205,20220218,20220218,134440500,13:44:40,14230,16090,68329,3674209760,10,-2,2276800
lh2205,20220218,20220218,134441000,13:44:41,14230,16090,68329,3674209760,0,0,0
lh2205,20220218,20220218,134441500,13:44:41,14230,16098,68336,3676031200,8,7,1821440
lh2205,20220218,20220218,134442000,13:44:42,14230,16098,68336,3676031200,0,0,0
lh2205,20220218,20220218,134442500,13:44:42,14230,16098,68336,3676031200,0,0,0
lh2205,20220218,20220218,134443500,13:44:44,14230,16098,68336,3676031200,0,0,0
lh2205,20220218,20220218,134444500,13:44:45,14225,16108,68334,3678307200,10,-2,2276000
lh2205,20220218,20220218,134446500,13:44:46,14225,16108,68334,3678307200,0,0,0
lh2205,20220218,20220218,134448500,13:44:48,14225,16113,68331,3679445200,5,-3,1138000
lh2205,20220218,20220218,134450500,13:44:50,14230,16114,68332,3679672880,1,1,227680
lh2205,20220218,20220218,134451000,13:44:51,14230,16115,68332,3679900560,1,0,227680
lh2205,20220218,20220218,134451500,13:44:52,14225,16120,68328,3681038560,5,-4,1138000
lh2205,20220218,20220218,134452000,13:44:53,14225,16124,68329,3681948960,4,1,910400
lh2205,20220218,20220218,134452500,13:44:53,14225,16125,68330,3682176560,1,1,227600
lh2205,20220218,20220218,134453000,13:44:53,14225,16125,68330,3682176560,0,0,0
lh2205,20220218,20220218,134458000,13:44:58,14225,16125,68330,3682176560,0,0,0
lh2205,20220218,20220218,134500500,13:45:01,14225,16126,68330,3682404160,1,0,227600
lh2205,20220218,20220218,134501000,13:45:01,14225,16127,68331,3682631760,1,1,227600
lh2205,20220218,20220218,134502000,13:45:02,14225,16127,68331,3682631760,0,0,0
lh2205,20220218,20220218,134502500,13:45:03,14225,16127,68331,3682631760,0,0,0
lh2205,20220218,20220218,134503000,13:45:03,14225,16127,68331,3682631760,0,0,0
lh2205,20220218,20220218,134508000,13:45:09,14225,16127,68331,3682631760,0,0,0
lh2205,20220218,20220218,134508500,13:45:09,14235,16132,68331,3683770320,5,0,1138560
lh2205,20220218,20220218,134512000,13:45:12,14235,16135,68334,3684453600,3,3,683280
lh2205,20220218,20220218,134514500,13:45:16,14235,16136,68335,3684681360,1,1,227760
lh2205,20220218,20220218,134517500,13:45:20,14235,16136,68335,3684681360,0,0,0
lh2205,20220218,20220218,134521000,13:45:23,14235,16136,68335,3684681360,0,0,0
lh2205,20220218,20220218,134523000,13:45:24,14235,16137,68335,3684909120,1,0,227760
lh2205,20220218,20220218,134523500,13:45:24,14235,16138,68336,3685136880,1,1,227760
lh2205,20220218,20220218,134524000,13:45:24,14235,16138,68336,3685136880,0,0,0
lh2205,20220218,20220218,134526500,13:45:29,14240,16139,68335,3685364720,1,-1,227840
lh2205,20220218,20220218,134527000,13:45:30,14240,16139,68335,3685364720,0,0,0
lh2205,20220218,20220218,134527500,13:45:30,14240,16140,68335,3685592560,1,0,227840
lh2205,20220218,20220218,134529500,13:45:30,14235,16141,68336,3685820320,1,1,227760
lh2205,20220218,20220218,134530000,13:45:30,14235,16141,68336,3685820320,0,0,0
lh2205,20220218,20220218,134531500,13:45:32,14240,16142,68337,3686048160,1,1,227840
lh2205,20220218,20220218,134532000,13:45:32,14240,16142,68337,3686048160,0,0,0
lh2205,20220218,20220218,134533000,13:45:33,14240,16143,68338,3686276000,1,1,227840
lh2205,20220218,20220218,134535500,13:45:35,14245,16144,68337,3686503920,1,-1,227920
lh2205,20220218,20220218,134538500,13:45:39,14245,16145,68337,3686731840,1,0,227920
lh2205,20220218,20220218,134539500,13:45:40,14245,16146,68337,3686959760,1,0,227920
lh2205,20220218,20220218,134540000,13:45:40,14245,16146,68337,3686959760,0,0,0
lh2205,20220218,20220218,134540500,13:45:40,14245,16146,68337,3686959760,0,0,0
lh2205,20220218,20220218,134541000,13:45:41,14240,16147,68337,3687187600,1,0,227840
lh2205,20220218,20220218,134541500,13:45:41,14240,16147,68337,3687187600,0,0,0
lh2205,20220218,20220218,134542000,13:45:45,14235,16150,68337,3687871040,3,0,683440
lh2205,20220218,20220218,134544500,13:45:46,14245,16151,68337,3688098960,1,0,227920
lh2205,20220218,20220218,134546000,13:45:47,14245,16151,68337,3688098960,0,0,0
lh2205,20220218,20220218,134547000,13:45:47,14235,16152,68336,3688326720,1,-1,227760
lh2205,20220218,20220218,134547500,13:45:47,14235,16152,68336,3688326720,0,0,0
lh2205,20220218,20220218,134548000,13:45:48,14245,16153,68337,3688554640,1,1,227920
lh2205,20220218,20220218,134548500,13:45:48,14245,16153,68337,3688554640,0,0,0
lh2205,20220218,20220218,134549000,13:45:49,14245,16153,68337,3688554640,0,0,0
lh2205,20220218,20220218,134549500,13:45:53,14245,16153,68337,3688554640,0,0,0
lh2205,20220218,20220218,134553500,13:45:54,14245,16153,68337,3688554640,0,0,0
lh2205,20220218,20220218,134556000,13:45:58,14245,16153,68337,3688554640,0,0,0
lh2205,20220218,20220218,134556500,13:46:00,14245,16153,68337,3688554640,0,0,0
lh2205,20220218,20220218,134603500,13:46:04,14240,16163,68339,3690833040,10,2,2278400
lh2205,20220218,20220218,134604000,13:46:05,14235,16164,68339,3691060800,1,0,227760
lh2205,20220218,20220218,134606000,13:46:06,14235,16165,68339,3691288560,1,0,227760
lh2205,20220218,20220218,134607500,13:46:07,14235,16166,68340,3691516320,1,1,227760
lh2205,20220218,20220218,134612500,13:46:13,14240,16167,68341,3691744160,1,1,227840
lh2205,20220218,20220218,134614500,13:46:15,14240,16168,68341,3691972000,1,0,227840
lh2205,20220218,20220218,134623000,13:46:30,14235,16169,68341,3692199760,1,0,227760
lh2205,20220218,20220218,134630500,13:46:31,14240,16170,68340,3692427600,1,-1,227840
lh2205,20220218,20220218,134634500,13:46:35,14240,16173,68342,3693111040,3,2,683440
lh2205,20220218,20220218,134636000,13:46:37,14230,16174,68343,3693338720,1,1,227680
lh2205,20220218,20220218,134642500,13:46:43,14230,16174,68343,3693338720,0,0,0
lh2205,20220218,20220218,134643000,13:46:43,14240,16175,68344,3693566560,1,1,227840
lh2205,20220218,20220218,134647500,13:46:47,14240,16175,68344,3693566560,0,0,0
lh2205,20220218,20220218,134648000,13:46:48,14230,16185,68340,3695843360,10,-4,2276800
lh2205,20220218,20220218,134648500,13:46:48,14230,16185,68340,3695843360,0,0,0
lh2205,20220218,20220218,134649000,13:46:49,14235,16186,68340,3696071120,1,0,227760
lh2205,20220218,20220218,134649500,13:46:50,14235,16186,68340,3696071120,0,0,0
lh2205,20220218,20220218,134650000,13:46:50,14235,16186,68340,3696071120,0,0,0
lh2205,20220218,20220218,134654000,13:46:55,14235,16186,68340,3696071120,0,0,0
lh2205,20220218,20220218,134655000,13:46:55,14235,16187,68341,3696298880,1,1,227760
lh2205,20220218,20220218,134655500,13:46:55,14235,16188,68342,3696526640,1,1,227760
lh2205,20220218,20220218,134656500,13:46:56,14235,16188,68342,3696526640,0,0,0
lh2205,20220218,20220218,134657500,13:46:57,14235,16189,68343,3696754400,1,1,227760
lh2205,20220218,20220218,134659000,13:46:59,14230,16190,68344,3696982080,1,1,227680
lh2205,20220218,20220218,134700500,13:47:00,14230,16191,68344,3697209760,1,0,227680
lh2205,20220218,20220218,134701500,13:47:02,14230,16192,68343,3697437440,1,-1,227680
lh2205,20220218,20220218,134703000,13:47:03,14230,16193,68343,3697665120,1,0,227680
lh2205,20220218,20220218,134703500,13:47:04,14230,16194,68343,3697892800,1,0,227680
lh2205,20220218,20220218,134704000,13:47:04,14230,16194,68343,3697892800,0,0,0
lh2205,20220218,20220218,134706000,13:47:10,14230,16195,68343,3698120480,1,0,227680
lh2205,20220218,20220218,134707000,13:47:10,14230,16195,68343,3698120480,0,0,0
lh2205,20220218,20220218,134712000,13:47:16,14230,16196,68343,3698348160,1,0,227680
lh2205,20220218,20220218,134715500,13:47:17,14230,16196,68343,3698348160,0,0,0
lh2205,20220218,20220218,134717500,13:47:19,14230,16196,68343,3698348160,0,0,0
lh2205,20220218,20220218,134726000,13:47:27,14230,16197,68343,3698575840,1,0,227680
lh2205,20220218,20220218,134727000,13:47:27,14230,16198,68344,3698803520,1,1,227680
lh2205,20220218,20220218,134729500,13:47:29,14230,16199,68345,3699031200,1,1,227680
lh2205,20220218,20220218,134730000,13:47:30,14230,16199,68345,3699031200,0,0,0
lh2205,20220218,20220218,134731000,13:47:31,14230,16199,68345,3699031200,0,0,0
lh2205,20220218,20220218,134737000,13:47:37,14230,16199,68345,3699031200,0,0,0
lh2205,20220218,20220218,134737500,13:47:38,14235,16200,68346,3699258960,1,1,227760
lh2205,20220218,20220218,134738000,13:47:38,14235,16200,68346,3699258960,0,0,0
lh2205,20220218,20220218,134746500,13:47:47,14235,16200,68346,3699258960,0,0,0
lh2205,20220218,20220218,134749500,13:47:50,14240,16201,68347,3699486800,1,1,227840
lh2205,20220218,20220218,134750500,13:47:50,14230,16202,68347,3699714480,1,0,227680
lh2205,20220218,20220218,134755500,13:47:55,14230,16202,68347,3699714480,0,0,0
lh2205,20220218,20220218,134758500,13:47:58,14230,16202,68347,3699714480,0,0,0
lh2205,20220218,20220218,134800000,13:48:00,14230,16202,68347,3699714480,0,0,0
lh2205,20220218,20220218,134807000,13:48:07,14230,16202,68347,3699714480,0,0,0
lh2205,20220218,20220218,134809500,13:48:09,14230,16203,68347,3699942160,1,0,227680
lh2205,20220218,20220218,134818000,13:48:19,14230,16208,68350,3701080560,5,3,1138400
lh2205,20220218,20220218,134818500,13:48:20,14240,16213,68353,3702219360,5,3,1138800
lh2205,20220218,20220218,134820500,13:48:22,14240,16214,68354,3702447200,1,1,227840
lh2205,20220218,20220218,134821500,13:48:22,14240,16214,68354,3702447200,0,0,0
lh2205,20220218,20220218,134822000,13:48:23,14240,16215,68355,3702675040,1,1,227840
lh2205,20220218,20220218,134823000,13:48:23,14240,16216,68356,3702902880,1,1,227840
lh2205,20220218,20220218,134824000,13:48:24,14240,16216,68356,3702902880,0,0,0
lh2205,20220218,20220218,134824500,13:48:24,14240,16217,68357,3703130720,1,1,227840
lh2205,20220218,20220218,134825500,13:48:27,14240,16220,68357,3703814240,3,0,683520
lh2205,20220218,20220218,134826000,13:48:27,14240,16221,68357,3704042080,1,0,227840
lh2205,20220218,20220218,134826500,13:48:27,14240,16221,68357,3704042080,0,0,0
lh2205,20220218,20220218,134828000,13:48:28,14240,16222,68358,3704269920,1,1,227840
lh2205,20220218,20220218,134828500,13:48:29,14245,16228,68361,3705637440,6,3,1367520
lh2205,20220218,20220218,134829000,13:48:29,14245,16228,68361,3705637440,0,0,0
lh2205,20220218,20220218,134831000,13:48:32,14245,16229,68362,3705865360,1,1,227920
lh2205,20220218,20220218,134832500,13:48:32,14245,16230,68361,3706093280,1,-1,227920
lh2205,20220218,20220218,134834500,13:48:36,14245,16232,68361,3706549120,2,0,455840
lh2205,20220218,20220218,134837000,13:48:37,14250,16271,68363,3715441120,39,2,8892000
lh2205,20220218,20220218,134837500,13:48:37,14255,16275,68361,3716353440,4,-2,912320
lh2205,20220218,20220218,134841000,13:48:41,14250,16276,68361,3716581440,1,0,228000
lh2205,20220218,20220218,134843500,13:48:43,14250,16277,68361,3716809440,1,0,228000
lh2205,20220218,20220218,134849500,13:48:49,14250,16277,68361,3716809440,0,0,0
lh2205,20220218,20220218,134851000,13:48:51,14250,16277,68361,3716809440,0,0,0
lh2205,20220218,20220218,134851500,13:48:51,14255,16278,68361,3717037520,1,0,228080
lh2205,20220218,20220218,134854000,13:48:55,14255,16279,68361,3717265600,1,0,228080
lh2205,20220218,20220218,134856500,13:48:57,14255,16280,68362,3717493680,1,1,228080
lh2205,20220218,20220218,134857000,13:48:57,14255,16280,68362,3717493680,0,0,0
lh2205,20220218,20220218,134859500,13:49:00,14255,16280,68362,3717493680,0,0,0
lh2205,20220218,20220218,134900000,13:49:00,14250,16281,68362,3717721680,1,0,228000
lh2205,20220218,20220218,134903000,13:49:03,14250,16282,68362,3717949680,1,0,228000
lh2205,20220218,20220218,134905000,13:49:05,14250,16282,68362,3717949680,0,0,0
lh2205,20220218,20220218,134907000,13:49:07,14255,16283,68363,3718177760,1,1,228080
lh2205,20220218,20220218,134910000,13:49:10,14255,16283,68363,3718177760,0,0,0
lh2205,20220218,20220218,134911500,13:49:12,14250,16284,68363,3718405760,1,0,228000
lh2205,20220218,20220218,134915000,13:49:15,14255,16285,68363,3718633840,1,0,228080
lh2205,20220218,20220218,134917000,13:49:17,14255,16286,68363,3718861920,1,0,228080
lh2205,20220218,20220218,134918000,13:49:18,14250,16288,68365,3719317920,2,2,456000
lh2205,20220218,20220218,134919500,13:49:20,14250,16288,68365,3719317920,0,0,0
lh2205,20220218,20220218,134921000,13:49:21,14250,16288,68365,3719317920,0,0,0
lh2205,20220218,20220218,134922500,13:49:23,14255,16289,68365,3719546000,1,0,228080
lh2205,20220218,20220218,134924500,13:49:25,14250,16290,68365,3719774000,1,0,228000
lh2205,20220218,20220218,134926000,13:49:26,14250,16291,68365,3720002000,1,0,228000
lh2205,20220218,20220218,134927000,13:49:27,14250,16291,68365,3720002000,0,0,0
lh2205,20220218,20220218,134928000,13:49:28,14250,16291,68365,3720002000,0,0,0
lh2205,20220218,20220218,134928500,13:49:29,14250,16293,68366,3720458000,2,1,456000
lh2205,20220218,20220218,134938000,13:49:38,14250,16295,68366,3720914000,2,0,456000
lh2205,20220218,20220218,134941000,13:49:41,14250,16295,68366,3720914000,0,0,0
lh2205,20220218,20220218,134942000,13:49:42,14255,16298,68368,3721598240,3,2,684240
lh2205,20220218,20220218,134943500,13:49:44,14255,16298,68368,3721598240,0,0,0
lh2205,20220218,20220218,134947500,13:49:47,14255,16298,68368,3721598240,0,0,0
lh2205,20220218,20220218,134948500,13:49:48,14255,16298,68368,3721598240,0,0,0
lh2205,20220218,20220218,134951000,13:49:51,14255,16299,68368,3721826320,1,0,228080
lh2205,20220218,20220218,134953000,13:49:54,14255,16301,68368,3722282480,2,0,456160
lh2205,20220218,20220218,134954000,13:49:55,14250,16302,68368,3722510480,1,0,228000
lh2205,20220218,20220218,134959500,13:49:59,14250,16307,68368,3723650480,5,0,1140000
lh2205,20220218,20220218,135000000,13:50:00,14250,16327,68368,3728210480,20,0,4560000
lh2205,20220218,20220218,135000500,13:50:00,14250,16341,68373,3731402480,14,5,3192000
lh2205,20220218,20220218,135003500,13:50:03,14250,16342,68374,3731630480,1,1,228000
lh2205,20220218,20220218,135004000,13:50:04,14250,16343,68374,3731858480,1,0,228000
lh2205,20220218,20220218,135021500,13:50:27,14250,16347,68378,3732770480,4,4,912000
lh2205,20220218,20220218,135034000,13:50:37,14250,16347,68378,3732770480,0,0,0
lh2205,20220218,20220218,135049000,13:50:49,14245,16351,68377,3733682240,4,-1,911760
lh2205,20220218,20220218,135054500,13:50:54,14250,16352,68377,3733910240,1,0,228000
lh2205,20220218,20220218,135056000,13:50:56,14250,16353,68377,3734138240,1,0,228000
lh2205,20220218,20220218,135057500,13:50:58,14250,16353,68377,3734138240,0,0,0
lh2205,20220218,20220218,135058000,13:50:58,14250,16353,68377,3734138240,0,0,0
lh2205,20220218,20220218,135100000,13:51:00,14250,16353,68377,3734138240,0,0,0
lh2205,20220218,20220218,135103000,13:51:03,14250,16353,68377,3734138240,0,0,0
lh2205,20220218,20220218,135103500,13:51:03,14250,16353,68377,3734138240,0,0,0
lh2205,20220218,20220218,135118500,13:51:21,14250,16353,68377,3734138240,0,0,0
lh2205,20220218,20220218,135123500,13:51:23,14250,16359,68377,3735506160,6,0,1367920
lh2205,20220218,20220218,135125000,13:51:25,14250,16359,68377,3735506160,0,0,0
lh2205,20220218,20220218,135126500,13:51:27,14250,16361,68379,3735962160,2,2,456000
lh2205,20220218,20220218,135134000,13:51:34,14250,16361,68379,3735962160,0,0,0
lh2205,20220218,20220218,135150500,13:51:50,14250,16361,68379,3735962160,0,0,0
lh2205,20220218,20220218,135158500,13:51:58,14250,16361,68379,3735962160,0,0,0
lh2205,20220218,20220218,135202000,13:52:03,14250,16361,68379,3735962160,0,0,0
lh2205,20220218,20220218,135202500,13:52:03,14250,16361,68379,3735962160,0,0,0
lh2205,20220218,20220218,135203500,13:52:04,14250,16361,68379,3735962160,0,0,0
lh2205,20220218,20220218,135211000,13:52:12,14245,16368,68385,3737557600,7,6,1595440
lh2205,20220218,20220218,135214500,13:52:15,14245,16368,68385,3737557600,0,0,0
lh2205,20220218,20220218,135218000,13:52:19,14245,16368,68385,3737557600,0,0,0
lh2205,20220218,20220218,135220000,13:52:24,14245,16376,68389,3739380960,8,4,1823360
lh2205,20220218,20220218,135223500,13:52:24,14245,16376,68389,3739380960,0,0,0
lh2205,20220218,20220218,135224000,13:52:24,14245,16378,68388,3739836800,2,-1,455840
lh2205,20220218,20220218,135227500,13:52:27,14245,16379,68388,3740064720,1,0,227920
lh2205,20220218,20220218,135228000,13:52:28,14245,16379,68388,3740064720,0,0,0
lh2205,20220218,20220218,135229500,13:52:31,14245,16380,68388,3740292640,1,0,227920
lh2205,20220218,20220218,135230500,13:52:31,14245,16380,68388,3740292640,0,0,0
lh2205,20220218,20220218,135231000,13:52:32,14245,16384,68390,3741204320,4,2,911680
lh2205,20220218,20220218,135238000,13:52:44,14240,16385,68390,3741432160,1,0,227840
lh2205,20220218,20220218,135238500,13:52:45,14245,16388,68392,3742115840,3,2,683680
lh2205,20220218,20220218,135243500,13:52:45,14240,16407,68410,3746444800,19,18,4328960
lh2205,20220218,20220218,135244500,13:52:46,14245,16408,68411,3746672720,1,1,227920
lh2205,20220218,20220218,135248500,13:52:49,14245,16408,68411,3746672720,0,0,0
lh2205,20220218,20220218,135250000,13:52:50,14240,16409,68411,3746900560,1,0,227840
lh2205,20220218,20220218,135251000,13:52:51,14240,16410,68411,3747128400,1,0,227840
lh2205,20220218,20220218,135254500,13:52:54,14245,16411,68412,3747356320,1,1,227920
lh2205,20220218,20220218,135258000,13:52:58,14240,16470,68436,3760798880,59,24,13442560
lh2205,20220218,20220218,135258500,13:52:59,14235,16473,68439,3761482160,3,3,683280
lh2205,20220218,20220218,135259000,13:52:59,14240,16474,68439,3761710000,1,0,227840
lh2205,20220218,20220218,135305000,13:53:06,14230,16475,68439,3761937680,1,0,227680
lh2205,20220218,20220218,135305500,13:53:08,14240,16476,68440,3762165520,1,1,227840
lh2205,20220218,20220218,135306000,13:53:08,14240,16477,68439,3762393360,1,-1,227840
lh2205,20220218,20220218,135308000,13:53:09,14240,16478,68440,3762621200,1,1,227840
lh2205,20220218,20220218,135309000,13:53:09,14230,16479,68441,3762848880,1,1,227680
lh2205,20220218,20220218,135311000,13:53:11,14240,16482,68443,3763532240,3,2,683360
lh2205,20220218,20220218,135312000,13:53:12,14240,16482,68443,3763532240,0,0,0
lh2205,20220218,20220218,135314500,13:53:15,14240,16482,68443,3763532240,0,0,0
lh2205,20220218,20220218,135319000,13:53:20,14240,16482,68443,3763532240,0,0,0
lh2205,20220218,20220218,135320000,13:53:20,14240,16483,68444,3763760080,1,1,227840
lh2205,20220218,20220218,135323000,13:53:23,14235,16485,68446,3764215600,2,2,455520
lh2205,20220218,20220218,135323500,13:53:23,14235,16486,68446,3764443360,1,0,227760
lh2205,20220218,20220218,135324000,13:53:24,14235,16486,68446,3764443360,0,0,0
lh2205,20220218,20220218,135324500,13:53:26,14235,16487,68447,3764671120,1,1,227760
lh2205,20220218,20220218,135326000,13:53:26,14235,16487,68447,3764671120,0,0,0
lh2205,20220218,20220218,135330000,13:53:30,14235,16488,68448,3764898880,1,1,227760
lh2205,20220218,20220218,135331000,13:53:31,14235,16489,68449,3765126640,1,1,227760
lh2205,20220218,20220218,135332500,13:53:33,14235,16490,68450,3765354400,1,1,227760
lh2205,20220218,20220218,135333000,13:53:33,14235,16491,68451,3765582160,1,1,227760
lh2205,20220218,20220218,135335000,13:53:35,14235,16491,68451,3765582160,0,0,0
lh2205,20220218,20220218,135336000,13:53:37,14240,16496,68448,3766721360,5,-3,1139200
lh2205,20220218,20220218,135336500,13:53:44,14240,16496,68448,3766721360,0,0,0
lh2205,20220218,20220218,135344500,13:53:45,14240,16496,68448,3766721360,0,0,0
lh2205,20220218,20220218,135351000,13:53:53,14235,16497,68448,3766949120,1,0,227760
lh2205,20220218,20220218,135351500,13:53:53,14235,16497,68448,3766949120,0,0,0
lh2205,20220218,20220218,135355500,13:53:56,14240,16502,68445,3768087680,5,-3,1138560
lh2205,20220218,20220218,135358500,13:53:59,14240,16502,68445,3768087680,0,0,0
lh2205,20220218,20220218,135406500,13:54:09,14240,16507,68444,3769226240,5,-1,1138560
lh2205,20220218,20220218,135409500,13:54:10,14240,16513,68440,3770593280,6,-4,1367040
lh2205,20220218,20220218,135413000,13:54:13,14245,16518,68444,3771732880,5,4,1139600
lh2205,20220218,20220218,135414500,13:54:14,14245,16518,68444,3771732880,0,0,0
lh2205,20220218,20220218,135417500,13:54:18,14245,16519,68445,3771960800,1,1,227920
lh2205,20220218,20220218,135418000,13:54:18,14245,16520,68446,3772188720,1,1,227920
lh2205,20220218,20220218,135418500,13:54:18,14245,16520,68446,3772188720,0,0,0
lh2205,20220218,20220218,135422000,13:54:22,14245,16521,68447,3772416640,1,1,227920
lh2205,20220218,20220218,135424000,13:54:24,14240,16522,68447,3772644480,1,0,227840
lh2205,20220218,20220218,135425500,13:54:26,14245,16523,68448,3772872400,1,1,227920
lh2205,20220218,20220218,135426000,13:54:26,14240,16524,68447,3773100240,1,-1,227840
lh2205,20220218,20220218,135431500,13:54:32,14240,16525,68446,3773328080,1,-1,227840
lh2205,20220218,20220218,135432000,13:54:32,14245,16532,68446,3774923520,7,0,1595440
lh2205,20220218,20220218,135432500,13:54:33,14245,16532,68446,3774923520,0,0,0
lh2205,20220218,20220218,135435000,13:54:35,14250,16533,68446,3775151520,1,0,228000
lh2205,20220218,20220218,135435500,13:54:35,14245,16535,68445,3775607440,2,-1,455920
lh2205,20220218,20220218,135437000,13:54:37,14250,16536,68445,3775835440,1,0,228000
lh2205,20220218,20220218,135440000,13:54:40,14250,16536,68445,3775835440,0,0,0
lh2205,20220218,20220218,135440500,13:54:40,14250,16536,68445,3775835440,0,0,0
lh2205,20220218,20220218,135441000,13:54:41,14250,16536,68445,3775835440,0,0,0
lh2205,20220218,20220218,135441500,13:54:42,14245,16538,68445,3776291280,2,0,455840
lh2205,20220218,20220218,135446000,13:54:46,14245,16538,68445,3776291280,0,0,0
lh2205,20220218,20220218,135450500,13:54:50,14245,16538,68445,3776291280,0,0,0
lh2205,20220218,20220218,135452000,13:54:52,14245,16540,68445,3776747120,2,0,455840
lh2205,20220218,20220218,135456500,13:54:56,14245,16542,68445,3777202960,2,0,455840
lh2205,20220218,20220218,135459500,13:55:00,14245,16542,68445,3777202960,0,0,0
lh2205,20220218,20220218,135500000,13:55:00,14245,16543,68445,3777430880,1,0,227920
lh2205,20220218,20220218,135503000,13:55:03,14245,16546,68444,3778114640,3,-1,683760
lh2205,20220218,20220218,135504000,13:55:04,14245,16546,68444,3778114640,0,0,0
lh2205,20220218,20220218,135504500,13:55:05,14245,16549,68442,3778798400,3,-2,683760
lh2205,20220218,20220218,135511000,13:55:12,14245,16549,68442,3778798400,0,0,0
lh2205,20220218,20220218,135514500,13:55:15,14245,16552,68439,3779482160,3,-3,683760
lh2205,20220218,20220218,135515500,13:55:16,14245,16554,68437,3779938000,2,-2,455840
lh2205,20220218,20220218,135520500,13:55:25,14250,16558,68435,3780849520,4,-2,911520
lh2205,20220218,20220218,135524500,13:55:25,14250,16558,68435,3780849520,0,0,0
lh2205,20220218,20220218,135531000,13:55:31,14250,16559,68435,3781077520,1,0,228000
lh2205,20220218,20220218,135532000,13:55:32,14250,16562,68437,3781761520,3,2,684000
lh2205,20220218,20220218,135532500,13:55:32,14250,16562,68437,3781761520,0,0,0
lh2205,20220218,20220218,135534500,13:55:34,14250,16562,68437,3781761520,0,0,0
lh2205,20220218,20220218,135535000,13:55:35,14250,16562,68437,3781761520,0,0,0
lh2205,20220218,20220218,135535500,13:55:36,14250,16562,68437,3781761520,0,0,0
lh2205,20220218,20220218,135544500,13:55:45,14250,16562,68437,3781761520,0,0,0
lh2205,20220218,20220218,135545000,13:55:45,14250,16563,68437,3781989520,1,0,228000
lh2205,20220218,20220218,135546000,13:55:46,14250,16564,68438,3782217520,1,1,228000
lh2205,20220218,20220218,135553000,13:55:53,14245,16565,68438,3782445440,1,0,227920
lh2205,20220218,20220218,135600000,13:56:02,14250,16566,68439,3782673440,1,1,228000
lh2205,20220218,20220218,135603000,13:56:19,14250,16567,68439,3782901440,1,0,228000
lh2205,20220218,20220218,135604000,13:56:23,14245,16568,68439,3783129360,1,0,227920
lh2205,20220218,20220218,135608500,13:56:23,14245,16571,68436,3783813120,3,-3,683760
lh2205,20220218,20220218,135622000,13:56:24,14245,16573,68435,3784269040,2,-1,455920
lh2205,20220218,20220218,135625500,13:56:25,14245,16573,68435,3784269040,0,0,0
lh2205,20220218,20220218,135626000,13:56:33,14245,16574,68435,3784496960,1,0,227920
lh2205,20220218,20220218,135632500,13:56:35,14245,16580,68434,3785864480,6,-1,1367520
lh2205,20220218,20220218,135634000,13:56:35,14240,16581,68433,3786092320,1,-1,227840
lh2205,20220218,20220218,135639000,13:56:39,14240,16581,68433,3786092320,0,0,0
lh2205,20220218,20220218,135640500,13:56:41,14245,16582,68433,3786320240,1,0,227920
lh2205,20220218,20220218,135643000,13:56:43,14250,16583,68432,3786548240,1,-1,228000
lh2205,20220218,20220218,135643500,13:56:44,14250,16583,68432,3786548240,0,0,0
lh2205,20220218,20220218,135645000,13:56:47,14250,16583,68432,3786548240,0,0,0
lh2205,20220218,20220218,135647000,13:56:48,14250,16584,68431,3786776240,1,-1,228000
lh2205,20220218,20220218,135650000,13:56:50,14250,16584,68431,3786776240,0,0,0
lh2205,20220218,20220218,135652000,13:56:52,14250,16585,68430,3787004240,1,-1,228000
lh2205,20220218,20220218,135652500,13:56:52,14250,16585,68430,3787004240,0,0,0
lh2205,20220218,20220218,135655500,13:56:55,14250,16586,68430,3787232240,1,0,228000
lh2205,20220218,20220218,135657000,13:56:57,14250,16586,68430,3787232240,0,0,0
lh2205,20220218,20220218,135657500,13:56:58,14250,16586,68430,3787232240,0,0,0
lh2205,20220218,20220218,135658500,13:56:59,14245,16587,68430,3787460160,1,0,227920
lh2205,20220218,20220218,135659000,13:56:59,14245,16587,68430,3787460160,0,0,0
lh2205,20220218,20220218,135659500,13:57:01,14245,16587,68430,3787460160,0,0,0
lh2205,20220218,20220218,135700000,13:57:01,14245,16587,68430,3787460160,0,0,0
lh2205,20220218,20220218,135700500,13:57:02,14245,16587,68430,3787460160,0,0,0
lh2205,20220218,20220218,135703000,13:57:03,14240,16588,68429,3787688000,1,-1,227840
lh2205,20220218,20220218,135705000,13:57:05,14250,16589,68428,3787916000,1,-1,228000
