m2205,20220218,20220218,112003000,11:20:04,3762,914692,1346409,34643298100,914692,-30220,34643298100
m2205,20220218,20220218,112004500,11:20:09,3762,914720,1346432,34644351480,28,23,1053380
m2205,20220218,20220218,112005000,11:20:10,3762,914724,1346432,34644501960,4,0,150480
m2205,20220218,20220218,112006000,11:20:10,3762,914726,1346433,34644577200,2,1,75240
m2205,20220218,20220218,112006500,11:20:10,3762,914790,1346497,34646985520,64,64,2408320
m2205,20220218,20220218,112007000,11:20:10,3762,914790,1346497,34646985520,0,0,0
m2205,20220218,20220218,112007500,11:20:10,3762,914790,1346497,34646985520,0,0,0
m2205,20220218,20220218,112008000,11:20:10,3762,914794,1346497,34647136000,4,0,150480
m2205,20220218,20220218,112008500,11:20:10,3762,914797,1346497,34647248860,3,0,112860
m2205,20220218,20220218,112009000,11:20:10,3763,914802,1346502,34647437010,5,5,188150
m2205,20220218,20220218,112010000,11:20:10,3763,914805,1346502,34647549890,3,0,112880
m2205,20220218,20220218,112010500,11:20:10,3762,914806,1346503,34647587510,1,1,37620
m2205,20220218,20220218,112011000,11:20:11,3762,914807,1346503,34647625130,1,0,37620
m2205,20220218,20220218,112011500,11:20:12,3762,914807,1346503,34647625130,0,0,0
m2205,20220218,20220218,112012000,11:20:12,3762,914809,1346503,34647700370,2,0,75240
m2205,20220218,20220218,112012500,11:20:12,3762,914809,1346503,34647700370,0,0,0
m2205,20220218,20220218,112013000,11:20:13,3762,914809,1346503,34647700370,0,0,0
m2205,20220218,20220218,112013500,11:20:13,3762,914813,1346506,34647850850,4,3,150480
m2205,20220218,20220218,112014000,11:20:14,3762,914825,1346511,34648302300,12,5,451450
m2205,20220218,20220218,112014500,11:20:14,3762,914825,1346511,34648302300,0,0,0
m2205,20220218,20220218,112015000,11:20:15,3762,914827,1346511,34648377540,2,0,75240
m2205,20220218,20220218,112015500,11:20:16,3762,914835,1346517,34648678500,8,6,300960
m2205,20220218,20220218,112016000,11:20:16,3763,914841,1346523,34648904270,6,6,225770
m2205,20220218,20220218,112016500,11:20:16,3763,914844,1346526,34649017160,3,3,112890
m2205,20220218,20220218,112017000,11:20:17,3762,914846,1346526,34649092400,2,0,75240
m2205,20220218,20220218,112017500,11:20:17,3762,914846,1346526,34649092400,0,0,0
m2205,20220218,20220218,112018000,11:20:18,3762,914846,1346526,34649092400,0,0,0
m2205,20220218,20220218,112018500,11:20:18,3762,914846,1346526,34649092400,0,0,0
m2205,20220218,20220218,112019000,11:20:19,3762,914846,1346526,34649092400,0,0,0
m2205,20220218,20220218,112019500,11:20:20,3762,914846,1346526,34649092400,0,0,0
m2205,20220218,20220218,112020000,11:20:20,3762,914846,1346526,34649092400,0,0,0
m2205,20220218,20220218,112020500,11:20:21,3763,914853,1346519,34649355810,7,-7,263410
m2205,20220218,20220218,112021000,11:20:21,3763,914860,1346513,34649619220,7,-6,263410
m2205,20220218,20220218,112022500,11:20:23,3763,914860,1346513,34649619220,0,0,0
m2205,20220218,20220218,112023000,11:20:23,3763,914865,1346513,34649807370,5,0,188150
m2205,20220218,20220218,112023500,11:20:23,3762,914882,1346500,34650446910,17,-13,639540
m2205,20220218,20220218,112024000,11:20:24,3763,914904,1346491,34651274690,22,-9,827780
m2205,20220218,20220218,112024500,11:20:24,3762,914913,1346491,34651613270,9,0,338580
m2205,20220218,20220218,112025000,11:20:25,3762,914915,1346491,34651688510,2,0,75240
m2205,20220218,20220218,112025500,11:20:25,3762,914918,1346492,34651801370,3,1,112860
m2205,20220218,20220218,112026000,11:20:26,3762,914918,1346492,34651801370,0,0,0
m2205,20220218,20220218,112026500,11:20:26,3762,914923,1346492,34651989510,5,0,188140
m2205,20220218,20220218,112027000,11:20:27,3762,914924,1346492,34652027130,1,0,37620
m2205,20220218,20220218,112027500,11:20:28,3762,915208,1346660,34662711210,284,168,10684080
m2205,20220218,20220218,112028000,11:20:28,3762,915211,1346663,34662824070,3,3,112860
m2205,20220218,20220218,112028500,11:20:28,3762,915212,1346663,34662861690,1,0,37620
m2205,20220218,20220218,112029000,11:20:29,3761,915224,1346675,34663313050,12,12,451360
m2205,20220218,20220218,112029500,11:20:30,3762,915240,1346691,34663914970,16,16,601920
m2205,20220218,20220218,112030000,11:20:31,3762,915245,1346696,34664103070,5,5,188100
m2205,20220218,20220218,112030500,11:20:31,3762,915245,1346696,34664103070,0,0,0
m2205,20220218,20220218,112031000,11:20:32,3761,915247,1346698,34664178290,2,2,75220
m2205,20220218,20220218,112031500,11:20:32,3761,915247,1346698,34664178290,0,0,0
m2205,20220218,20220218,112032000,11:20:32,3762,915248,1346699,34664215910,1,1,37620
m2205,20220218,20220218,112033000,11:20:33,3761,915252,1346703,34664366380,4,4,150470
m2205,20220218,20220218,112033500,11:20:33,3762,915256,1346707,34664516860,4,4,150480
m2205,20220218,20220218,112034000,11:20:34,3762,915258,1346709,34664592100,2,2,75240
m2205,20220218,20220218,112034500,11:20:34,3761,915263,1346711,34664780170,5,2,188070
m2205,20220218,20220218,112035000,11:20:35,3761,915323,1346766,34667037330,60,55,2257160
m2205,20220218,20220218,112035500,11:20:35,3761,915325,1346768,34667112550,2,2,75220
m2205,20220218,20220218,112036000,11:20:36,3761,915328,1346767,34667225390,3,-1,112840
m2205,20220218,20220218,112036500,11:20:37,3761,915328,1346767,34667225390,0,0,0
m2205,20220218,20220218,112037000,11:20:37,3762,915334,1346767,34667451110,6,0,225720
m2205,20220218,20220218,112037500,11:20:38,3762,915336,1346767,34667526340,2,0,75230
m2205,20220218,20220218,112038000,11:20:38,3762,915336,1346767,34667526340,0,0,0
m2205,20220218,20220218,112038500,11:20:38,3761,915340,1346768,34667676780,4,1,150440
m2205,20220218,20220218,112039000,11:20:39,3761,915346,1346771,34667902470,6,3,225690
m2205,20220218,20220218,112039500,11:20:40,3762,915349,1346771,34668015330,3,0,112860
m2205,20220218,20220218,112040000,11:20:40,3762,915352,1346771,34668128190,3,0,112860
m2205,20220218,20220218,112040500,11:20:41,3762,915353,1346771,34668165810,1,0,37620
m2205,20220218,20220218,112041000,11:20:41,3762,915375,1346771,34668993450,22,0,827640
m2205,20220218,20220218,112041500,11:20:41,3762,915375,1346771,34668993450,0,0,0
m2205,20220218,20220218,112042000,11:20:42,3761,915426,1346808,34670911560,51,37,1918110
m2205,20220218,20220218,112042500,11:20:42,3761,915426,1346808,34670911560,0,0,0
m2205,20220218,20220218,112043000,11:20:43,3761,915460,1346808,34672190600,34,0,1279040
m2205,20220218,20220218,112043500,11:20:44,3762,915462,1346809,34672265840,2,1,75240
m2205,20220218,20220218,112044000,11:20:44,3761,915469,1346809,34672529160,7,0,263320
m2205,20220218,20220218,112044500,11:20:45,3761,915470,1346809,34672566770,1,0,37610
m2205,20220218,20220218,112045000,11:20:45,3761,915474,1346809,34672717230,4,0,150460
m2205,20220218,20220218,112045500,11:20:46,3761,915477,1346809,34672830080,3,0,112850
m2205,20220218,20220218,112046000,11:20:46,3762,915479,1346809,34672905320,2,0,75240
m2205,20220218,20220218,112046500,11:20:46,3761,915480,1346809,34672942930,1,0,37610
m2205,20220218,20220218,112047000,11:20:48,3762,915481,1346808,34672980550,1,-1,37620
m2205,20220218,20220218,112047500,11:20:48,3762,915484,1346808,34673093410,3,0,112860
m2205,20220218,20220218,112048000,11:20:48,3762,915484,1346808,34673093410,0,0,0
m2205,20220218,20220218,112048500,11:20:50,3762,915495,1346808,34673507230,11,0,413820
m2205,20220218,20220218,112049000,11:20:50,3762,915495,1346808,34673507230,0,0,0
m2205,20220218,20220218,112049500,11:20:50,3761,915498,1346808,34673620060,3,0,112830
m2205,20220218,20220218,112050500,11:20:51,3762,915500,1346809,34673695290,2,1,75230
m2205,20220218,20220218,112051000,11:20:51,3762,915510,1346809,34674071490,10,0,376200
m2205,20220218,20220218,112051500,11:20:51,3762,915513,1346811,34674184350,3,2,112860
m2205,20220218,20220218,112052000,11:20:53,3762,915516,1346814,34674297210,3,3,112860
m2205,20220218,20220218,112052500,11:20:53,3761,915518,1346814,34674372430,2,0,75220
m2205,20220218,20220218,112053500,11:20:53,3761,915518,1346814,34674372430,0,0,0
m2205,20220218,20220218,112054000,11:20:54,3761,915518,1346814,34674372430,0,0,0
m2205,20220218,20220218,112055500,11:20:56,3761,915518,1346814,34674372430,0,0,0
m2205,20220218,20220218,112056000,11:20:56,3762,915520,1346814,34674447660,2,0,75230
m2205,20220218,20220218,112057000,11:20:58,3761,915522,1346814,34674522880,2,0,75220
m2205,20220218,20220218,112057500,11:20:58,3761,915726,1346902,34682195320,204,88,7672440
m2205,20220218,20220218,112058000,11:20:58,3761,915814,1346885,34685505000,88,-17,3309680
m2205,20220218,20220218,112058500,11:20:59,3761,915817,1346882,34685617830,3,-3,112830
m2205,20220218,20220218,112059000,11:20:59,3761,915817,1346882,34685617830,0,0,0
m2205,20220218,20220218,112059500,11:21:00,3761,915817,1346882,34685617830,0,0,0
m2205,20220218,20220218,112100000,11:21:00,3761,915818,1346881,34685655440,1,-1,37610
m2205,20220218,20220218,112100500,11:21:00,3762,915838,1346886,34686407820,20,5,752380
m2205,20220218,20220218,112101000,11:21:01,3762,915838,1346886,34686407820,0,0,0
m2205,20220218,20220218,112101500,11:21:02,3761,915889,1346901,34688326430,51,15,1918610
m2205,20220218,20220218,112102000,11:21:03,3761,915889,1346901,34688326430,0,0,0
m2205,20220218,20220218,112102500,11:21:03,3761,915902,1346908,34688815460,13,7,489030
m2205,20220218,20220218,112103000,11:21:03,3761,915912,1346903,34689191560,10,-5,376100
m2205,20220218,20220218,112103500,11:21:04,3761,915914,1346902,34689266780,2,-1,75220
m2205,20220218,20220218,112104000,11:21:04,3761,915918,1346901,34689417220,4,-1,150440
m2205,20220218,20220218,112104500,11:21:05,3761,915924,1346897,34689642880,6,-4,225660
m2205,20220218,20220218,112105000,11:21:05,3762,915943,1346895,34690357520,19,-2,714640
m2205,20220218,20220218,112105500,11:21:07,3761,915962,1346878,34691072110,19,-17,714590
m2205,20220218,20220218,112106000,11:21:07,3761,915963,1346878,34691109720,1,0,37610
m2205,20220218,20220218,112106500,11:21:07,3761,915981,1346869,34691786700,18,-9,676980
m2205,20220218,20220218,112107000,11:21:09,3762,915988,1346867,34692049980,7,-2,263280
m2205,20220218,20220218,112107500,11:21:10,3762,915988,1346867,34692049980,0,0,0
m2205,20220218,20220218,112108000,11:21:10,3762,915990,1346867,34692125210,2,0,75230
m2205,20220218,20220218,112108500,11:21:10,3761,916021,1346867,34693291120,31,0,1165910
m2205,20220218,20220218,112110000,11:21:10,3761,916046,1346861,34694231390,25,-6,940270
m2205,20220218,20220218,112110500,11:21:11,3761,916047,1346861,34694269000,1,0,37610
m2205,20220218,20220218,112111000,11:21:11,3762,916048,1346861,34694306620,1,0,37620
m2205,20220218,20220218,112111500,11:21:12,3762,916048,1346861,34694306620,0,0,0
m2205,20220218,20220218,112112000,11:21:12,3761,916059,1346859,34694720330,11,-2,413710
m2205,20220218,20220218,112112500,11:21:13,3762,916076,1346857,34695359860,17,-2,639530
m2205,20220218,20220218,112113000,11:21:13,3761,916077,1346857,34695397470,1,0,37610
m2205,20220218,20220218,112113500,11:21:13,3761,916080,1346860,34695510300,3,3,112830
m2205,20220218,20220218,112114000,11:21:14,3761,916080,1346860,34695510300,0,0,0
m2205,20220218,20220218,112114500,11:21:14,3761,916081,1346860,34695547910,1,0,37610
m2205,20220218,20220218,112116000,11:21:16,3761,916082,1346861,34695585520,1,1,37610
m2205,20220218,20220218,112116500,11:21:17,3761,916083,1346862,34695623130,1,1,37610
m2205,20220218,20220218,112117000,11:21:17,3761,916085,1346863,34695698350,2,1,75220
m2205,20220218,20220218,112118000,11:21:18,3761,916085,1346863,34695698350,0,0,0
m2205,20220218,20220218,112118500,11:21:18,3761,916085,1346863,34695698350,0,0,0
m2205,20220218,20220218,112119000,11:21:19,3761,916085,1346863,34695698350,0,0,0
m2205,20220218,20220218,112119500,11:21:19,3762,916391,1346746,34707210420,306,-117,11512070
m2205,20220218,20220218,112120000,11:21:20,3763,916619,1346619,34715790040,228,-127,8579620
m2205,20220218,20220218,112120500,11:21:22,3763,916655,1346627,34717144720,36,8,1354680
m2205,20220218,20220218,112121000,11:21:22,3763,916717,1346652,34719477780,62,25,2333060
m2205,20220218,20220218,112121500,11:21:22,3763,916717,1346652,34719477780,0,0,0
m2205,20220218,20220218,112122000,11:21:22,3763,916727,1346648,34719854080,10,-4,376300
m2205,20220218,20220218,112122500,11:21:22,3764,916733,1346648,34720079920,6,0,225840
m2205,20220218,20220218,112123000,11:21:23,3763,916735,1346648,34720155180,2,0,75260
m2205,20220218,20220218,112123500,11:21:24,3764,916746,1346654,34720569170,11,6,413990
m2205,20220218,20220218,112124000,11:21:24,3764,916789,1346683,34722187670,43,29,1618500
m2205,20220218,20220218,112124500,11:21:25,3764,916791,1346682,34722262950,2,-1,75280
m2205,20220218,20220218,112125000,11:21:29,3764,916795,1346679,34722413500,4,-3,150550
m2205,20220218,20220218,112125500,11:23:32,3764,916799,1346681,34722564050,4,2,150550
m2205,20220218,20220218,112126000,11:23:33,3764,916799,1346681,34722564050,0,0,0
m2205,20220218,20220218,112332500,11:23:33,3764,916799,1346681,34722564050,0,0,0
m2205,20220218,20220218,112333000,11:23:33,3766,920776,1346740,34872305650,3977,59,149741600
m2205,20220218,20220218,112333500,11:23:33,3765,920778,1346740,34872380950,2,0,75300
m2205,20220218,20220218,112334500,11:23:34,3766,920779,1346740,34872418610,1,0,37660
m2205,20220218,20220218,112335000,11:23:35,3766,920786,1346739,34872682210,7,-1,263600
m2205,20220218,20220218,112335500,11:23:35,3766,920787,1346738,34872719870,1,-1,37660
m2205,20220218,20220218,112336000,11:23:36,3766,920788,1346739,34872757530,1,1,37660
m2205,20220218,20220218,112336500,11:23:38,3766,920789,1346739,34872795190,1,0,37660
m2205,20220218,20220218,112337000,11:23:38,3765,920790,1346740,34872832840,1,1,37650
m2205,20220218,20220218,112337500,11:23:38,3766,920791,1346740,34872870500,1,0,37660
m2205,20220218,20220218,112338000,11:23:38,3765,920799,1346738,34873171760,8,-2,301260
m2205,20220218,20220218,112338500,11:23:38,3766,920809,1346730,34873548360,10,-8,376600
m2205,20220218,20220218,112339000,11:23:39,3766,920809,1346730,34873548360,0,0,0
m2205,20220218,20220218,112339500,11:23:39,3766,920814,1346728,34873736660,5,-2,188300
m2205,20220218,20220218,112340000,11:23:40,3765,920875,1346696,34876033320,61,-32,2296660
m2205,20220218,20220218,112340500,11:23:40,3766,920876,1346697,34876070980,1,1,37660
m2205,20220218,20220218,112341000,11:23:41,3765,920878,1346697,34876146290,2,0,75310
m2205,20220218,20220218,112341500,11:23:42,3765,920881,1346695,34876259250,3,-2,112960
m2205,20220218,20220218,112342000,11:23:42,3766,920882,1346696,34876296910,1,1,37660
m2205,20220218,20220218,112342500,11:23:42,3766,920886,1346696,34876447540,4,0,150630
m2205,20220218,20220218,112343000,11:23:43,3766,920886,1346696,34876447540,0,0,0
m2205,20220218,20220218,112344000,11:23:48,3766,920886,1346696,34876447540,0,0,0
m2205,20220218,20220218,112344500,11:23:48,3766,920896,1346689,34876824090,10,-7,376550
m2205,20220218,20220218,112345000,11:23:48,3766,920919,1346666,34877690240,23,-23,866150
m2205,20220218,20220218,112345500,11:23:48,3766,920920,1346665,34877727900,1,-1,37660
m2205,20220218,20220218,112348000,11:23:48,3765,921063,1346620,34883113220,143,-45,5385320
m2205,20220218,20220218,112348500,11:23:49,3766,921132,1346637,34885711760,69,17,2598540
m2205,20220218,20220218,112349000,11:23:49,3766,921310,1346512,34892415230,178,-125,6703470
m2205,20220218,20220218,112349500,11:23:50,3767,921316,1346509,34892641250,6,-3,226020
m2205,20220218,20220218,112350000,11:23:50,3767,921356,1346477,34894148040,40,-32,1506790
m2205,20220218,20220218,112350500,11:23:50,3767,921411,1346487,34896219380,55,10,2071340
m2205,20220218,20220218,112351000,11:23:51,3766,921413,1346487,34896294700,2,0,75320
m2205,20220218,20220218,112351500,11:23:51,3767,921439,1346473,34897274120,26,-14,979420
m2205,20220218,20220218,112352000,11:23:52,3767,921439,1346473,34897274120,0,0,0
m2205,20220218,20220218,112352500,11:23:52,3767,921439,1346473,34897274120,0,0,0
m2205,20220218,20220218,112353000,11:23:53,3767,921454,1346474,34897839170,15,1,565050
m2205,20220218,20220218,112353500,11:23:53,3767,921458,1346477,34897989840,4,3,150670
m2205,20220218,20220218,112354000,11:23:54,3766,921459,1346477,34898027500,1,0,37660
m2205,20220218,20220218,112354500,11:23:55,3767,921463,1346479,34898178170,4,2,150670
m2205,20220218,20220218,112355000,11:23:55,3767,921494,1346472,34899345930,31,-7,1167760
m2205,20220218,20220218,112355500,11:23:55,3767,921528,1346495,34900626450,34,23,1280520
m2205,20220218,20220218,112356000,11:23:56,3767,921564,1346509,34901982530,36,14,1356080
m2205,20220218,20220218,112356500,11:23:56,3767,921568,1346510,34902133200,4,1,150670
m2205,20220218,20220218,112357000,11:23:57,3767,921577,1346509,34902472180,9,-1,338980
m2205,20220218,20220218,112357500,11:23:57,3767,921577,1346509,34902472180,0,0,0
m2205,20220218,20220218,112358000,11:23:58,3767,921585,1346506,34902773530,8,-3,301350
m2205,20220218,20220218,112358500,11:23:58,3767,921595,1346502,34903150230,10,-4,376700
m2205,20220218,20220218,112359000,11:23:59,3766,921618,1346494,34904016630,23,-8,866400
m2205,20220218,20220218,112359500,11:23:59,3767,921620,1346494,34904091970,2,0,75340
m2205,20220218,20220218,112400000,11:24:00,3766,921627,1346489,34904355650,7,-5,263680
m2205,20220218,20220218,112400500,11:24:00,3766,921649,1346497,34905184240,22,8,828590
m2205,20220218,20220218,112401000,11:24:01,3767,921663,1346489,34905711620,14,-8,527380
m2205,20220218,20220218,112401500,11:24:01,3767,921674,1346483,34906125990,11,-6,414370
m2205,20220218,20220218,112402000,11:24:02,3767,921678,1346482,34906276670,4,-1,150680
m2205,20220218,20220218,112402500,11:24:02,3767,921682,1346483,34906427340,4,1,150670
m2205,20220218,20220218,112403000,11:24:03,3767,921685,1346481,34906540350,3,-2,113010
m2205,20220218,20220218,112403500,11:24:04,3767,921689,1346480,34906691020,4,-1,150670
m2205,20220218,20220218,112404000,11:24:04,3766,921872,1346512,34913582800,183,32,6891780
m2205,20220218,20220218,112404500,11:24:04,3766,921885,1346509,34914072370,13,-3,489570
m2205,20220218,20220218,112405000,11:24:05,3766,921893,1346512,34914373630,8,3,301260
m2205,20220218,20220218,112405500,11:24:05,3765,921897,1346512,34914524230,4,0,150600
m2205,20220218,20220218,112406000,11:24:06,3765,921901,1346514,34914674860,4,2,150630
m2205,20220218,20220218,112406500,11:24:06,3766,921902,1346515,34914712520,1,1,37660
m2205,20220218,20220218,112407000,11:24:07,3766,921908,1346520,34914938480,6,5,225960
m2205,20220218,20220218,112407500,11:24:08,3766,921910,1346521,34915013790,2,1,75310
m2205,20220218,20220218,112408000,11:24:08,3765,921916,1346524,34915239720,6,3,225930
m2205,20220218,20220218,112408500,11:24:08,3766,921922,1346527,34915465670,6,3,225950
m2205,20220218,20220218,112409000,11:24:09,3766,921924,1346528,34915540990,2,1,75320
m2205,20220218,20220218,112409500,11:24:11,3765,921925,1346527,34915578640,1,-1,37650
m2205,20220218,20220218,112410000,11:24:12,3765,921927,1346527,34915653940,2,0,75300
m2205,20220218,20220218,112410500,11:24:12,3766,921929,1346528,34915729260,2,1,75320
m2205,20220218,20220218,112411500,11:24:12,3765,921943,1346535,34916256430,14,7,527170
m2205,20220218,20220218,112412000,11:24:12,3766,922363,1346649,34932075050,420,114,15818620
m2205,20220218,20220218,112412500,11:24:12,3766,922397,1346640,34933355570,34,-9,1280520
m2205,20220218,20220218,112413000,11:24:13,3766,922428,1346641,34934523040,31,1,1167470
m2205,20220218,20220218,112413500,11:24:14,3766,922461,1346641,34935765850,33,0,1242810
m2205,20220218,20220218,112414000,11:24:14,3766,922461,1346641,34935765850,0,0,0
m2205,20220218,20220218,112414500,11:24:15,3766,922473,1346644,34936217800,12,3,451950
m2205,20220218,20220218,112415000,11:24:15,3766,922477,1346644,34936368440,4,0,150640
m2205,20220218,20220218,112415500,11:24:15,3766,922568,1346692,34939796350,91,48,3427910
m2205,20220218,20220218,112416000,11:24:16,3767,922703,1346629,34944881790,135,-63,5085440
m2205,20220218,20220218,112416500,11:24:17,3768,922752,1346640,34946728050,49,11,1846260
m2205,20220218,20220218,112417000,11:24:17,3768,922804,1346631,34948687300,52,-9,1959250
m2205,20220218,20220218,112417500,11:24:18,3768,922843,1346630,34950156490,39,-1,1469190
m2205,20220218,20220218,112418000,11:24:18,3768,922843,1346630,34950156490,0,0,0
m2205,20220218,20220218,112418500,11:24:19,3767,922852,1346634,34950495590,9,4,339100
m2205,20220218,20220218,112419000,11:24:19,3768,922867,1346636,34951060750,15,2,565160
m2205,20220218,20220218,112419500,11:24:20,3768,922897,1346638,34952191140,30,2,1130390
m2205,20220218,20220218,112420000,11:24:20,3768,922928,1346640,34953359220,31,2,1168080
m2205,20220218,20220218,112420500,11:24:20,3768,922930,1346640,34953434580,2,0,75360
m2205,20220218,20220218,112421000,11:24:21,3767,922934,1346640,34953585260,4,0,150680
m2205,20220218,20220218,112421500,11:24:22,3767,922943,1346639,34953924360,9,-1,339100
m2205,20220218,20220218,112422000,11:24:22,3768,922946,1346639,34954037390,3,0,113030
m2205,20220218,20220218,112422500,11:24:23,3768,922967,1346627,34954828640,21,-12,791250
m2205,20220218,20220218,112423000,11:24:23,3768,922972,1346626,34955017040,5,-1,188400
m2205,20220218,20220218,112423500,11:24:23,3768,922978,1346627,34955243080,6,1,226040
m2205,20220218,20220218,112424000,11:24:24,3768,922991,1346619,34955732920,13,-8,489840
m2205,20220218,20220218,112424500,11:24:24,3767,922997,1346620,34955958980,6,1,226060
m2205,20220218,20220218,112425000,11:24:25,3767,923001,1346618,34956109690,4,-2,150710
m2205,20220218,20220218,112425500,11:24:25,3767,923011,1346620,34956486450,10,2,376760
m2205,20220218,20220218,112426000,11:24:26,3768,923021,1346621,34956863200,10,1,376750
m2205,20220218,20220218,112426500,11:24:26,3768,923028,1346627,34957126960,7,6,263760
m2205,20220218,20220218,112427000,11:24:27,3768,923028,1346627,34957126960,0,0,0
m2205,20220218,20220218,112427500,11:24:28,3767,923185,1346517,34963041150,157,-110,5914190
m2205,20220218,20220218,112428000,11:24:28,3767,923186,1346518,34963078820,1,1,37670
m2205,20220218,20220218,112428500,11:24:28,3767,923186,1346518,34963078820,0,0,0
m2205,20220218,20220218,112429000,11:24:29,3766,923203,1346523,34963719070,17,5,640250
m2205,20220218,20220218,112429500,11:24:29,3767,923218,1346537,34964284120,15,14,565050
m2205,20220218,20220218,112430000,11:24:30,3767,923220,1346539,34964359460,2,2,75340
m2205,20220218,20220218,112430500,11:24:30,3767,923221,1346540,34964397130,1,1,37670
m2205,20220218,20220218,112431000,11:24:31,3766,923226,1346541,34964585440,5,1,188310
m2205,20220218,20220218,112431500,11:24:31,3767,923256,1346571,34965715540,30,30,1130100
m2205,20220218,20220218,112432000,11:24:32,3767,923265,1346578,34966054570,9,7,339030
m2205,20220218,20220218,112432500,11:24:32,3767,923271,1346583,34966280590,6,5,226020
m2205,20220218,20220218,112433000,11:24:33,3767,923273,1346585,34966355930,2,2,75340
m2205,20220218,20220218,112433500,11:24:33,3767,923274,1346586,34966393600,1,1,37670
m2205,20220218,20220218,112434500,11:24:34,3767,923276,1346585,34966468930,2,-1,75330
m2205,20220218,20220218,112435000,11:24:35,3767,923320,1346611,34968126410,44,26,1657480
m2205,20220218,20220218,112435500,11:24:35,3767,923339,1346605,34968842140,19,-6,715730
m2205,20220218,20220218,112436000,11:24:36,3767,923342,1346604,34968955150,3,-1,113010
m2205,20220218,20220218,112436500,11:24:36,3767,923364,1346604,34969783890,22,0,828740
m2205,20220218,20220218,112437000,11:24:37,3767,923365,1346604,34969821560,1,0,37670
m2205,20220218,20220218,112437500,11:24:39,3767,923368,1346603,34969934570,3,-1,113010
m2205,20220218,20220218,112438000,11:24:39,3766,923374,1346603,34970160580,6,0,226010
m2205,20220218,20220218,112438500,11:24:39,3766,923374,1346603,34970160580,0,0,0
m2205,20220218,20220218,112439000,11:24:40,3766,923374,1346603,34970160580,0,0,0
m2205,20220218,20220218,112439500,11:24:40,3767,923375,1346602,34970198250,1,-1,37670
m2205,20220218,20220218,112440000,11:24:40,3767,923377,1346601,34970273590,2,-1,75340
m2205,20220218,20220218,112440500,11:24:40,3767,923379,1346599,34970348930,2,-2,75340
m2205,20220218,20220218,112441000,11:24:41,3768,923472,1346613,34973852250,93,14,3503320
m2205,20220218,20220218,112441500,11:24:41,3768,923476,1346611,34974002950,4,-2,150700
m2205,20220218,20220218,112442000,11:24:42,3767,923483,1346607,34974266640,7,-4,263690
m2205,20220218,20220218,112442500,11:24:42,3768,923489,1346607,34974492690,6,0,226050
m2205,20220218,20220218,112443000,11:24:43,3767,923517,1346612,34975547700,28,5,1055010
m2205,20220218,20220218,112443500,11:24:43,3767,923556,1346578,34977016850,39,-34,1469150
m2205,20220218,20220218,112444000,11:24:44,3767,923563,1346576,34977280550,7,-2,263700
m2205,20220218,20220218,112444500,11:24:44,3767,923571,1346574,34977581930,8,-2,301380
m2205,20220218,20220218,112445000,11:24:45,3767,923587,1346571,34978184710,16,-3,602780
m2205,20220218,20220218,112445500,11:24:45,3768,923594,1346569,34978448450,7,-2,263740
m2205,20220218,20220218,112446000,11:24:46,3768,923603,1346569,34978787490,9,0,339040
m2205,20220218,20220218,112446500,11:24:46,3768,923606,1346570,34978900520,3,1,113030
m2205,20220218,20220218,112447000,11:24:47,3768,923607,1346570,34978938200,1,0,37680
m2205,20220218,20220218,112447500,11:24:47,3767,923612,1346570,34979126560,5,0,188360
m2205,20220218,20220218,112448000,11:24:48,3767,923612,1346570,34979126560,0,0,0
m2205,20220218,20220218,112448500,11:24:49,3767,923616,1346570,34979277250,4,0,150690
m2205,20220218,20220218,112449000,11:24:49,3768,923630,1346570,34979804770,14,0,527520
m2205,20220218,20220218,112449500,11:24:49,3768,923638,1346571,34980106190,8,1,301420
m2205,20220218,20220218,112450000,11:24:50,3768,923653,1346571,34980671390,15,0,565200
m2205,20220218,20220218,112450500,11:24:50,3768,923654,1346571,34980709070,1,0,37680
m2205,20220218,20220218,112451000,11:24:51,3768,923680,1346578,34981688750,26,7,979680
m2205,20220218,20220218,112451500,11:24:52,3768,923700,1346593,34982442320,20,15,753570
m2205,20220218,20220218,112452000,11:24:52,3768,923701,1346593,34982480000,1,0,37680
m2205,20220218,20220218,112452500,11:24:52,3768,923707,1346599,34982706080,6,6,226080
m2205,20220218,20220218,112453000,11:24:53,3768,923722,1346612,34983271270,15,13,565190
m2205,20220218,20220218,112453500,11:24:53,3768,923726,1346611,34983421970,4,-1,150700
m2205,20220218,20220218,112454000,11:24:54,3768,923740,1346614,34983949480,14,3,527510
m2205,20220218,20220218,112454500,11:24:54,3768,923751,1346615,34984363940,11,1,414460
m2205,20220218,20220218,112455000,11:24:55,3767,923758,1346615,34984627640,7,0,263700
m2205,20220218,20220218,112455500,11:24:56,3768,923759,1346616,34984665320,1,1,37680
m2205,20220218,20220218,112456000,11:24:56,3768,923777,1346624,34985343510,18,8,678190
m2205,20220218,20220218,112456500,11:24:56,3768,923781,1346624,34985494220,4,0,150710
m2205,20220218,20220218,112457000,11:24:57,3768,923782,1346625,34985531900,1,1,37680
m2205,20220218,20220218,112457500,11:24:57,3768,923793,1346624,34985946330,11,-1,414430
m2205,20220218,20220218,112458000,11:24:58,3768,923989,1346726,34993331600,196,102,7385270
m2205,20220218,20220218,112458500,11:24:58,3769,924049,1346746,34995592960,60,20,2261360
m2205,20220218,20220218,112459000,11:24:59,3769,924252,1346675,35003243970,203,-71,7651010
m2205,20220218,20220218,112459500,11:24:59,3769,924313,1346684,35005543020,61,9,2299050
m2205,20220218,20220218,112500000,11:25:00,3770,924386,1346697,35008294840,73,13,2751820
m2205,20220218,20220218,112500500,11:25:01,3769,924747,1346659,35021904330,361,-38,13609490
m2205,20220218,20220218,112501000,11:25:01,3770,925042,1346577,35033026160,295,-82,11121830
m2205,20220218,20220218,112501500,11:25:04,3770,925137,1346618,35036607760,95,41,3581600
m2205,20220218,20220218,112502000,11:25:05,3770,925160,1346611,35037474830,23,-7,867070
m2205,20220218,20220218,112502500,11:25:06,3770,925341,1346644,35044296930,181,33,6822100
m2205,20220218,20220218,112504500,11:25:06,3769,925683,1346514,35057184130,342,-130,12887200
m2205,20220218,20220218,112505000,11:25:06,3768,925889,1346338,35064946180,206,-176,7762050
m2205,20220218,20220218,112505500,11:25:06,3767,925904,1346344,35065511320,15,6,565140
m2205,20220218,20220218,112506000,11:25:06,3768,926006,1346257,35069354670,102,-87,3843350
m2205,20220218,20220218,112506500,11:25:07,3768,926035,1346260,35070447380,29,3,1092710
m2205,20220218,20220218,112507000,11:25:07,3768,926066,1346276,35071615450,31,16,1168070
m2205,20220218,20220218,112507500,11:25:07,3767,926068,1346276,35071690790,2,0,75340
m2205,20220218,20220218,112508000,11:25:08,3768,926136,1346259,35074252890,68,-17,2562100
m2205,20220218,20220218,112508500,11:25:08,3768,926160,1346244,35075157060,24,-15,904170
m2205,20220218,20220218,112509000,11:25:09,3768,926165,1346245,35075345460,5,1,188400
m2205,20220218,20220218,112509500,11:25:09,3768,926181,1346244,35075948340,16,-1,602880
m2205,20220218,20220218,112510000,11:25:10,3768,926203,1346243,35076777300,22,-1,828960
m2205,20220218,20220218,112510500,11:25:10,3768,926209,1346242,35077003370,6,-1,226070
m2205,20220218,20220218,112511000,11:25:11,3768,926247,1346241,35078435210,38,-1,1431840
m2205,20220218,20220218,112511500,11:25:11,3767,926261,1346233,35078962590,14,-8,527380
m2205,20220218,20220218,112512000,11:25:12,3767,926288,1346213,35079979690,27,-20,1017100
m2205,20220218,20220218,112512500,11:25:12,3767,926659,1346341,35093955270,371,128,13975580
m2205,20220218,20220218,112513000,11:25:13,3766,926940,1346294,35104537590,281,-47,10582320
m2205,20220218,20220218,112513500,11:25:15,3766,926970,1346303,35105667370,30,9,1129780
m2205,20220218,20220218,112514000,11:25:15,3765,926998,1346290,35106721750,28,-13,1054380
m2205,20220218,20220218,112514500,11:25:15,3765,927021,1346286,35107587740,23,-4,865990
m2205,20220218,20220218,112515000,11:25:16,3765,927044,1346273,35108453810,23,-13,866070
m2205,20220218,20220218,112515500,11:25:16,3765,927076,1346270,35109658630,32,-3,1204820
m2205,20220218,20220218,112516000,11:25:16,3766,927412,1345997,35122312390,336,-273,12653760
m2205,20220218,20220218,112516500,11:25:16,3766,927420,1345989,35122613670,8,-8,301280
m2205,20220218,20220218,112517000,11:25:18,3766,927421,1345989,35122651330,1,0,37660
m2205,20220218,20220218,112517500,11:25:18,3766,927422,1345988,35122688990,1,-1,37660
m2205,20220218,20220218,112518000,11:25:19,3767,927426,1345986,35122839640,4,-2,150650
m2205,20220218,20220218,112518500,11:25:19,3766,927431,1345985,35123027960,5,-1,188320
m2205,20220218,20220218,112519000,11:25:19,3766,927436,1345980,35123216260,5,-5,188300
m2205,20220218,20220218,112519500,11:25:19,3766,927444,1345982,35123517570,8,2,301310
m2205,20220218,20220218,112520000,11:25:20,3766,927446,1345981,35123592900,2,-1,75330
m2205,20220218,20220218,112520500,11:25:21,3766,927449,1345980,35123705880,3,-1,112980
m2205,20220218,20220218,112521000,11:25:21,3767,927462,1345982,35124195500,13,2,489620
m2205,20220218,20220218,112521500,11:25:22,3767,927462,1345982,35124195500,0,0,0
m2205,20220218,20220218,112522000,11:25:22,3767,927469,1345979,35124459150,7,-3,263650
m2205,20220218,20220218,112522500,11:25:23,3766,927471,1345979,35124534480,2,0,75330
m2205,20220218,20220218,112523000,11:25:23,3766,927475,1345977,35124685130,4,-2,150650
m2205,20220218,20220218,112523500,11:25:24,3767,927476,1345977,35124722800,1,0,37670
m2205,20220218,20220218,112524000,11:25:25,3767,927924,1346425,35141598960,448,448,16876160
m2205,20220218,20220218,112524500,11:25:25,3767,928392,1346646,35159228590,468,221,17629630
m2205,20220218,20220218,112525000,11:25:25,3767,928414,1346628,35160057340,22,-18,828750
m2205,20220218,20220218,112525500,11:25:26,3767,928416,1346628,35160132680,2,0,75340
m2205,20220218,20220218,112526000,11:25:26,3767,928428,1346625,35160584730,12,-3,452050
m2205,20220218,20220218,112526500,11:25:27,3767,928429,1346625,35160622400,1,0,37670
m2205,20220218,20220218,112527000,11:25:28,3767,928481,1346643,35162581740,52,18,1959340
m2205,20220218,20220218,112527500,11:25:28,3768,928484,1346644,35162694760,3,1,113020
m2205,20220218,20220218,112528000,11:25:28,3768,928486,1346644,35162770110,2,0,75350
m2205,20220218,20220218,112528500,11:25:28,3768,928488,1346643,35162845460,2,-1,75350
m2205,20220218,20220218,112529000,11:25:29,3767,928494,1346648,35163071530,6,5,226070
m2205,20220218,20220218,112529500,11:25:30,3768,928498,1346650,35163222230,4,2,150700
m2205,20220218,20220218,112530000,11:25:30,3767,928726,1346783,35171810990,228,133,8588760
m2205,20220218,20220218,112530500,11:25:31,3767,928727,1346784,35171848660,1,1,37670
m2205,20220218,20220218,112531000,11:25:31,3767,928727,1346784,35171848660,0,0,0
m2205,20220218,20220218,112531500,11:25:32,3767,928728,1346785,35171886330,1,1,37670
m2205,20220218,20220218,112532000,11:25:32,3767,928732,1346789,35172037010,4,4,150680
m2205,20220218,20220218,112532500,11:25:33,3767,928735,1346790,35172150010,3,1,113000
m2205,20220218,20220218,112533000,11:25:33,3767,928735,1346790,35172150010,0,0,0
m2205,20220218,20220218,112533500,11:25:33,3767,928740,1346795,35172338360,5,5,188350
m2205,20220218,20220218,112534000,11:25:34,3767,928750,1346798,35172715020,10,3,376660
m2205,20220218,20220218,112534500,11:25:35,3766,928752,1346796,35172790340,2,-2,75320
m2205,20220218,20220218,112535000,11:25:36,3766,928763,1346802,35173204670,11,6,414330
m2205,20220218,20220218,112535500,11:25:37,3767,928775,1346791,35173656600,12,-11,451930
m2205,20220218,20220218,112536000,11:25:37,3767,928777,1346792,35173731930,2,1,75330
m2205,20220218,20220218,112536500,11:25:37,3767,928779,1346793,35173807270,2,1,75340
m2205,20220218,20220218,112537000,11:25:37,3767,928883,1346800,35177724940,104,7,3917670
m2205,20220218,20220218,112537500,11:25:38,3767,928888,1346801,35177913290,5,1,188350
m2205,20220218,20220218,112538000,11:25:38,3767,928889,1346801,35177950960,1,0,37670
m2205,20220218,20220218,112538500,11:25:39,3767,928897,1346807,35178252320,8,6,301360
m2205,20220218,20220218,112539000,11:25:39,3767,928903,1346809,35178478350,6,2,226030
m2205,20220218,20220218,112539500,11:25:40,3767,928916,1346819,35178968120,13,10,489770
m2205,20220218,20220218,112540000,11:25:40,3768,928920,1346821,35179118820,4,2,150700
m2205,20220218,20220218,112540500,11:25:41,3767,928928,1346826,35179420190,8,5,301370
m2205,20220218,20220218,112541000,11:25:41,3767,928931,1346827,35179533200,3,1,113010
m2205,20220218,20220218,112541500,11:25:41,3767,928959,1346811,35180587970,28,-16,1054770
m2205,20220218,20220218,112542000,11:25:42,3767,928960,1346810,35180625640,1,-1,37670
m2205,20220218,20220218,112542500,11:25:43,3768,928967,1346812,35180889340,7,2,263700
m2205,20220218,20220218,112543000,11:25:43,3768,928972,1346809,35181077710,5,-3,188370
m2205,20220218,20220218,112543500,11:25:43,3767,928973,1346809,35181115380,1,0,37670
m2205,20220218,20220218,112544000,11:25:44,3767,928978,1346811,35181303730,5,2,188350
m2205,20220218,20220218,112544500,11:25:44,3768,928980,1346811,35181379080,2,0,75350
m2205,20220218,20220218,112545000,11:25:45,3768,928985,1346810,35181567440,5,-1,188360
m2205,20220218,20220218,112545500,11:25:46,3768,928995,1346811,35181944160,10,1,376720
m2205,20220218,20220218,112546000,11:25:47,3767,928997,1346812,35182019510,2,1,75350
m2205,20220218,20220218,112546500,11:25:47,3768,929000,1346812,35182132530,3,0,113020
m2205,20220218,20220218,112547000,11:25:48,3767,929009,1346811,35182471630,9,-1,339100
m2205,20220218,20220218,112547500,11:25:48,3767,929009,1346811,35182471630,0,0,0
m2205,20220218,20220218,112548000,11:25:48,3767,929010,1346811,35182509300,1,0,37670
m2205,20220218,20220218,112548500,11:25:48,3768,929023,1346810,35182999100,13,-1,489800
m2205,20220218,20220218,112549000,11:25:49,3767,929025,1346811,35183074440,2,1,75340
m2205,20220218,20220218,112549500,11:25:49,3767,929028,1346812,35183187450,3,1,113010
m2205,20220218,20220218,112550000,11:25:50,3768,929029,1346812,35183225130,1,0,37680
m2205,20220218,20220218,112550500,11:25:51,3768,929029,1346812,35183225130,0,0,0
m2205,20220218,20220218,112551000,11:25:51,3767,929031,1346811,35183300470,2,-1,75340
m2205,20220218,20220218,112551500,11:25:51,3767,929032,1346810,35183338140,1,-1,37670
m2205,20220218,20220218,112552000,11:25:52,3767,929032,1346810,35183338140,0,0,0
m2205,20220218,20220218,112552500,11:25:52,3767,929034,1346808,35183413480,2,-2,75340
m2205,20220218,20220218,112553000,11:25:53,3767,929035,1346807,35183451150,1,-1,37670
m2205,20220218,20220218,112553500,11:25:54,3767,929038,1346805,35183564180,3,-2,113030
m2205,20220218,20220218,112554000,11:25:54,3767,929039,1346805,35183601850,1,0,37670
m2205,20220218,20220218,112554500,11:25:55,3767,929040,1346805,35183639520,1,0,37670
m2205,20220218,20220218,112555000,11:25:55,3767,929042,1346805,35183714870,2,0,75350
m2205,20220218,20220218,112555500,11:25:56,3767,929249,1346761,35191512560,207,-44,7797690
m2205,20220218,20220218,112556000,11:25:57,3767,929257,1346761,35191813920,8,0,301360
m2205,20220218,20220218,112556500,11:25:57,3767,929262,1346759,35192002260,5,-2,188340
m2205,20220218,20220218,112557000,11:25:57,3767,929263,1346759,35192039930,1,0,37670
m2205,20220218,20220218,112557500,11:25:57,3767,929271,1346752,35192341290,8,-7,301360
m2205,20220218,20220218,112558000,11:25:59,3766,929273,1346750,35192416620,2,-2,75330
m2205,20220218,20220218,112558500,11:25:59,3766,929273,1346750,35192416620,0,0,0
m2205,20220218,20220218,112559000,11:26:00,3767,929278,1346753,35192604970,5,3,188350
m2205,20220218,20220218,112559500,11:26:00,3767,929283,1346753,35192793290,5,0,188320
m2205,20220218,20220218,112600000,11:26:00,3766,929285,1346753,35192868610,2,0,75320
m2205,20220218,20220218,112600500,11:26:01,3766,929286,1346753,35192906270,1,0,37660
m2205,20220218,20220218,112601000,11:26:01,3767,929288,1346754,35192981610,2,1,75340
m2205,20220218,20220218,112601500,11:26:01,3767,929291,1346753,35193094620,3,-1,113010
m2205,20220218,20220218,112602000,11:26:03,3766,929306,1346753,35193659570,15,0,564950
m2205,20220218,20220218,112602500,11:26:03,3767,929309,1346752,35193772580,3,-1,113010
m2205,20220218,20220218,112603000,11:26:03,3766,929310,1346752,35193810240,1,0,37660
m2205,20220218,20220218,112603500,11:26:03,3767,929312,1346752,35193885580,2,0,75340
m2205,20220218,20220218,112604000,11:26:05,3766,929313,1346753,35193923240,1,1,37660
m2205,20220218,20220218,112604500,11:26:05,3766,929314,1346753,35193960900,1,0,37660
m2205,20220218,20220218,112605000,11:26:05,3766,929320,1346754,35194186900,6,1,226000
m2205,20220218,20220218,112605500,11:26:05,3767,929325,1346755,35194375240,5,1,188340
m2205,20220218,20220218,112606000,11:26:06,3767,929325,1346755,35194375240,0,0,0
m2205,20220218,20220218,112606500,11:26:07,3766,929327,1346756,35194450560,2,1,75320
m2205,20220218,20220218,112607000,11:26:09,3766,929330,1346754,35194563550,3,-2,112990
m2205,20220218,20220218,112607500,11:26:09,3766,929333,1346754,35194676530,3,0,112980
m2205,20220218,20220218,112609000,11:26:10,3766,929340,1346754,35194940200,7,0,263670
m2205,20220218,20220218,112609500,11:26:10,3766,929406,1346726,35197426410,66,-28,2486210
m2205,20220218,20220218,112610000,11:26:10,3767,929407,1346725,35197464080,1,-1,37670
m2205,20220218,20220218,112610500,11:26:10,3767,929408,1346726,35197501750,1,1,37670
m2205,20220218,20220218,112611000,11:26:11,3767,929414,1346730,35197727760,6,4,226010
m2205,20220218,20220218,112611500,11:26:13,3767,929414,1346730,35197727760,0,0,0
m2205,20220218,20220218,112612000,11:26:14,3767,929416,1346732,35197803100,2,2,75340
m2205,20220218,20220218,112612500,11:26:14,3767,929419,1346731,35197916090,3,-1,112990
m2205,20220218,20220218,112613000,11:26:15,3766,929421,1346732,35197991420,2,1,75330
m2205,20220218,20220218,112613500,11:26:15,3766,929423,1346730,35198066740,2,-2,75320
m2205,20220218,20220218,112614000,11:26:15,3766,929433,1346728,35198443380,10,-2,376640
m2205,20220218,20220218,112614500,11:26:15,3766,929434,1346727,35198481040,1,-1,37660
m2205,20220218,20220218,112615000,11:26:16,3766,929434,1346727,35198481040,0,0,0
m2205,20220218,20220218,112615500,11:26:16,3767,929452,1346716,35199158990,18,-11,677950
m2205,20220218,20220218,112616000,11:26:16,3767,929489,1346689,35200552780,37,-27,1393790
m2205,20220218,20220218,112616500,11:26:17,3766,929490,1346689,35200590440,1,0,37660
m2205,20220218,20220218,112617000,11:26:17,3767,929495,1346689,35200778790,5,0,188350
m2205,20220218,20220218,112617500,11:26:17,3767,929498,1346689,35200891800,3,0,113010
m2205,20220218,20220218,112618000,11:26:18,3766,929508,1346679,35201268400,10,-10,376600
m2205,20220218,20220218,112618500,11:26:18,3766,929508,1346679,35201268400,0,0,0
m2205,20220218,20220218,112619000,11:26:19,3766,929508,1346679,35201268400,0,0,0
m2205,20220218,20220218,112619500,11:26:20,3766,929508,1346679,35201268400,0,0,0
m2205,20220218,20220218,112620000,11:26:20,3766,929517,1346674,35201607380,9,-5,338980
m2205,20220218,20220218,112620500,11:26:20,3766,929531,1346661,35202134630,14,-13,527250
m2205,20220218,20220218,112621000,11:26:21,3766,929531,1346661,35202134630,0,0,0
m2205,20220218,20220218,112621500,11:26:21,3766,929531,1346661,35202134630,0,0,0
m2205,20220218,20220218,112622000,11:26:22,3766,929531,1346661,35202134630,0,0,0
m2205,20220218,20220218,112622500,11:26:22,3766,929531,1346661,35202134630,0,0,0
m2205,20220218,20220218,112623000,11:26:23,3766,929546,1346661,35202699670,15,0,565040
m2205,20220218,20220218,112623500,11:26:23,3766,929547,1346660,35202737330,1,-1,37660
m2205,20220218,20220218,112624000,11:26:24,3766,929576,1346671,35203829470,29,11,1092140
m2205,20220218,20220218,112624500,11:26:24,3767,929580,1346670,35203980120,4,-1,150650
m2205,20220218,20220218,112625000,11:26:25,3766,929582,1346670,35204055440,2,0,75320
m2205,20220218,20220218,112625500,11:26:25,3766,929583,1346671,35204093100,1,1,37660
m2205,20220218,20220218,112626000,11:26:26,3766,929589,1346671,35204319110,6,0,226010
m2205,20220218,20220218,112626500,11:26:26,3766,929590,1346672,35204356770,1,1,37660
m2205,20220218,20220218,112627500,11:26:27,3766,929590,1346672,35204356770,0,0,0
m2205,20220218,20220218,112628000,11:26:28,3767,929592,1346671,35204432100,2,-1,75330
m2205,20220218,20220218,112628500,11:26:28,3767,929596,1346671,35204582770,4,0,150670
m2205,20220218,20220218,112629000,11:26:29,3767,929602,1346673,35204808790,6,2,226020
m2205,20220218,20220218,112629500,11:26:30,3767,929604,1346672,35204884130,2,-1,75340
m2205,20220218,20220218,112630000,11:26:31,3766,929607,1346672,35204997110,3,0,112980
m2205,20220218,20220218,112630500,11:26:31,3766,929616,1346670,35205336060,9,-2,338950
m2205,20220218,20220218,112631000,11:26:31,3766,929640,1346654,35206239900,24,-16,903840
m2205,20220218,20220218,112631500,11:26:32,3767,929641,1346654,35206277570,1,0,37670
m2205,20220218,20220218,112632000,11:26:32,3767,929646,1346654,35206465920,5,0,188350
m2205,20220218,20220218,112632500,11:26:32,3767,929648,1346654,35206541250,2,0,75330
m2205,20220218,20220218,112633000,11:26:33,3766,929651,1346653,35206654240,3,-1,112990
m2205,20220218,20220218,112633500,11:26:34,3767,929653,1346652,35206729570,2,-1,75330
m2205,20220218,20220218,112634000,11:26:34,3767,929653,1346652,35206729570,0,0,0
m2205,20220218,20220218,112634500,11:26:37,3767,929653,1346652,35206729570,0,0,0
m2205,20220218,20220218,112635000,11:26:37,3767,929668,1346645,35207294520,15,-7,564950
m2205,20220218,20220218,112635500,11:26:38,3766,929677,1346645,35207633460,9,0,338940
m2205,20220218,20220218,112636000,11:26:38,3766,929677,1346645,35207633460,0,0,0
m2205,20220218,20220218,112637000,11:26:54,3767,929688,1346651,35208047820,11,6,414360
m2205,20220218,20220218,112637500,11:26:54,3767,929688,1346651,35208047820,0,0,0
m2205,20220218,20220218,112638000,11:27:10,3767,929693,1346654,35208236170,5,3,188350
m2205,20220218,20220218,112653500,11:27:11,3767,929880,1346604,35215280310,187,-50,7044140
m2205,20220218,20220218,112710000,11:27:12,3767,929969,1346559,35218632770,89,-45,3352460
m2205,20220218,20220218,112710500,11:27:12,3767,929969,1346559,35218632770,0,0,0
m2205,20220218,20220218,112712000,11:27:12,3767,929969,1346559,35218632770,0,0,0
m2205,20220218,20220218,112712500,11:27:13,3767,929969,1346559,35218632770,0,0,0
m2205,20220218,20220218,112713000,11:27:14,3766,929992,1346545,35219499010,23,-14,866240
m2205,20220218,20220218,112713500,11:27:14,3766,929992,1346545,35219499010,0,0,0
m2205,20220218,20220218,112714000,11:27:15,3767,929998,1346549,35219725020,6,4,226010
m2205,20220218,20220218,112714500,11:27:15,3767,930000,1346550,35219800350,2,1,75330
m2205,20220218,20220218,112715000,11:27:16,3767,930000,1346550,35219800350,0,0,0
m2205,20220218,20220218,112715500,11:27:16,3767,930010,1346557,35220177050,10,7,376700
m2205,20220218,20220218,112716000,11:27:16,3767,930010,1346557,35220177050,0,0,0
m2205,20220218,20220218,112717000,11:27:17,3767,930014,1346557,35220327730,4,0,150680
m2205,20220218,20220218,112717500,11:27:17,3767,930016,1346557,35220403070,2,0,75340
m2205,20220218,20220218,112718000,11:27:18,3767,930016,1346557,35220403070,0,0,0
m2205,20220218,20220218,112718500,11:27:19,3766,930017,1346556,35220440730,1,-1,37660
m2205,20220218,20220218,112719500,11:27:20,3766,930017,1346556,35220440730,0,0,0
m2205,20220218,20220218,112720000,11:27:20,3767,930027,1346556,35220817430,10,0,376700
m2205,20220218,20220218,112720500,11:27:21,3767,930027,1346556,35220817430,0,0,0
m2205,20220218,20220218,112721000,11:27:21,3767,930027,1346556,35220817430,0,0,0
m2205,20220218,20220218,112721500,11:27:22,3767,930028,1346557,35220855100,1,1,37670
m2205,20220218,20220218,112722000,11:27:22,3767,930034,1346551,35221081120,6,-6,226020
m2205,20220218,20220218,112722500,11:27:22,3766,930043,1346543,35221420060,9,-8,338940
m2205,20220218,20220218,112723000,11:27:26,3767,930068,1346528,35222361810,25,-15,941750
m2205,20220218,20220218,112723500,11:27:27,3766,930069,1346527,35222399470,1,-1,37660
m2205,20220218,20220218,112724000,11:27:27,3767,930070,1346527,35222437140,1,0,37670
m2205,20220218,20220218,112726500,11:27:27,3766,930090,1346521,35223190490,20,-6,753350
m2205,20220218,20220218,112727000,11:27:27,3767,930318,1346512,35231779250,228,-9,8588760
m2205,20220218,20220218,112727500,11:27:27,3767,930331,1346499,35232268960,13,-13,489710
m2205,20220218,20220218,112728000,11:27:28,3767,930331,1346499,35232268960,0,0,0
m2205,20220218,20220218,112728500,11:27:28,3767,930331,1346499,35232268960,0,0,0
m2205,20220218,20220218,112729000,11:27:29,3767,930335,1346502,35232419670,4,3,150710
m2205,20220218,20220218,112729500,11:27:29,3767,930335,1346502,35232419670,0,0,0
m2205,20220218,20220218,112730000,11:27:30,3767,930336,1346501,35232457340,1,-1,37670
m2205,20220218,20220218,112730500,11:27:31,3767,930337,1346500,35232495010,1,-1,37670
m2205,20220218,20220218,112731000,11:27:32,3767,930340,1346497,35232608020,3,-3,113010
m2205,20220218,20220218,112731500,11:27:35,3767,930340,1346497,35232608020,0,0,0
m2205,20220218,20220218,112732000,11:27:36,3768,930341,1346498,35232645700,1,1,37680
m2205,20220218,20220218,112732500,11:27:36,3767,930342,1346497,35232683370,1,-1,37670
m2205,20220218,20220218,112735500,11:27:36,3767,930359,1346496,35233323850,17,-1,640480
m2205,20220218,20220218,112736000,11:27:37,3768,930364,1346501,35233512250,5,5,188400
m2205,20220218,20220218,112736500,11:27:38,3768,930372,1346494,35233813690,8,-7,301440
m2205,20220218,20220218,112737000,11:27:38,3768,930372,1346494,35233813690,0,0,0
m2205,20220218,20220218,112737500,11:27:38,3768,930630,1346514,35243535150,258,20,9721460
m2205,20220218,20220218,112738000,11:27:39,3768,930634,1346514,35243685870,4,0,150720
m2205,20220218,20220218,112738500,11:27:39,3768,930640,1346514,35243911950,6,0,226080
m2205,20220218,20220218,112739000,11:27:39,3768,930640,1346514,35243911950,0,0,0
m2205,20220218,20220218,112739500,11:27:39,3769,930653,1346514,35244401920,13,0,489970
m2205,20220218,20220218,112740000,11:27:40,3769,930657,1346513,35244552680,4,-1,150760
m2205,20220218,20220218,112740500,11:27:40,3768,930664,1346509,35244816490,7,-4,263810
m2205,20220218,20220218,112741000,11:27:41,3768,930678,1346507,35245344140,14,-2,527650
m2205,20220218,20220218,112741500,11:27:42,3768,930678,1346507,35245344140,0,0,0
m2205,20220218,20220218,112742000,11:27:42,3768,930681,1346507,35245457180,3,0,113040
m2205,20220218,20220218,112742500,11:27:43,3768,930682,1346508,35245494860,1,1,37680
m2205,20220218,20220218,112743000,11:27:43,3768,930682,1346508,35245494860,0,0,0
m2205,20220218,20220218,112743500,11:27:43,3769,930683,1346508,35245532550,1,0,37690
m2205,20220218,20220218,112744000,11:27:44,3769,930687,1346508,35245683310,4,0,150760
m2205,20220218,20220218,112744500,11:27:45,3768,930689,1346508,35245758670,2,0,75360
m2205,20220218,20220218,112745000,11:27:45,3768,930690,1346508,35245796350,1,0,37680
m2205,20220218,20220218,112745500,11:27:46,3768,930694,1346509,35245947070,4,1,150720
m2205,20220218,20220218,112746500,11:27:47,3768,930694,1346509,35245947070,0,0,0
m2205,20220218,20220218,112747000,11:27:47,3769,930695,1346509,35245984760,1,0,37690
m2205,20220218,20220218,112747500,11:27:47,3768,930699,1346510,35246135490,4,1,150730
m2205,20220218,20220218,112748000,11:27:52,3768,930699,1346510,35246135490,0,0,0
m2205,20220218,20220218,112748500,11:27:54,3768,930700,1346511,35246173170,1,1,37680
m2205,20220218,20220218,112749000,11:27:54,3768,930700,1346511,35246173170,0,0,0
m2205,20220218,20220218,112749500,11:27:54,3769,930756,1346510,35248283810,56,-1,2110640
m2205,20220218,20220218,112754000,11:27:54,3769,931034,1346568,35258762170,278,58,10478360
m2205,20220218,20220218,112754500,11:27:54,3770,931045,1346570,35259176860,11,2,414690
m2205,20220218,20220218,112755000,11:27:55,3770,931056,1346567,35259591480,11,-3,414620
m2205,20220218,20220218,112755500,11:27:55,3770,931210,1346471,35265397280,154,-96,5805800
m2205,20220218,20220218,112756000,11:27:56,3769,931274,1346470,35267810070,64,-1,2412790
m2205,20220218,20220218,112756500,11:27:56,3769,931308,1346485,35269091720,34,15,1281650
m2205,20220218,20220218,112757000,11:27:57,3770,931318,1346491,35269468720,10,6,377000
m2205,20220218,20220218,112757500,11:27:57,3769,931326,1346492,35269770310,8,1,301590
m2205,20220218,20220218,112758000,11:27:58,3770,931330,1346491,35269921090,4,-1,150780
m2205,20220218,20220218,112758500,11:27:59,3770,931341,1346491,35270335760,11,0,414670
m2205,20220218,20220218,112759000,11:27:59,3770,931369,1346483,35271391360,28,-8,1055600
m2205,20220218,20220218,112759500,11:27:59,3770,931389,1346479,35272145260,20,-4,753900
m2205,20220218,20220218,112800000,11:28:00,3770,931431,1346444,35273728660,42,-35,1583400
m2205,20220218,20220218,112800500,11:28:01,3769,931438,1346444,35273992520,7,0,263860
m2205,20220218,20220218,112801000,11:28:01,3770,931439,1346444,35274030220,1,0,37700
m2205,20220218,20220218,112801500,11:28:02,3769,931445,1346447,35274256400,6,3,226180
m2205,20220218,20220218,112802000,11:28:03,3770,931447,1346449,35274331800,2,2,75400
m2205,20220218,20220218,112802500,11:28:03,3770,931460,1346454,35274821890,13,5,490090
m2205,20220218,20220218,112803000,11:28:04,3770,931463,1346451,35274934990,3,-3,113100
m2205,20220218,20220218,112803500,11:28:04,3770,931470,1346454,35275198860,7,3,263870
m2205,20220218,20220218,112804000,11:28:04,3769,931648,1346476,35281907680,178,22,6708820
m2205,20220218,20220218,112804500,11:28:05,3768,931665,1346479,35282548300,17,3,640620
m2205,20220218,20220218,112805000,11:28:06,3769,931667,1346480,35282623680,2,1,75380
m2205,20220218,20220218,112805500,11:28:06,3769,931671,1346484,35282774430,4,4,150750
m2205,20220218,20220218,112806000,11:28:10,3769,931671,1346484,35282774430,0,0,0
m2205,20220218,20220218,112806500,11:28:10,3769,931674,1346487,35282887500,3,3,113070
m2205,20220218,20220218,112807000,11:28:10,3769,931683,1346489,35283226670,9,2,339170
m2205,20220218,20220218,112807500,11:28:11,3769,931685,1346491,35283302050,2,2,75380
m2205,20220218,20220218,112809500,11:28:11,3769,931685,1346491,35283302050,0,0,0
m2205,20220218,20220218,112810500,11:28:12,3768,931702,1346483,35283942760,17,-8,640710
m2205,20220218,20220218,112811000,11:28:12,3769,931703,1346483,35283980450,1,0,37690
m2205,20220218,20220218,112811500,11:28:12,3769,931703,1346483,35283980450,0,0,0
m2205,20220218,20220218,112812000,11:28:13,3769,931709,1346482,35284206590,6,-1,226140
m2205,20220218,20220218,112812500,11:28:13,3769,931711,1346481,35284281970,2,-1,75380
m2205,20220218,20220218,112813000,11:28:13,3769,931711,1346481,35284281970,0,0,0
m2205,20220218,20220218,112813500,11:28:14,3768,931893,1346552,35291139730,182,71,6857760
m2205,20220218,20220218,112814000,11:28:14,3767,931894,1346552,35291177400,1,0,37670
m2205,20220218,20220218,112814500,11:28:14,3768,931947,1346502,35293173940,53,-50,1996540
m2205,20220218,20220218,112815000,11:28:15,3767,932083,1346529,35298298350,136,27,5124410
m2205,20220218,20220218,112815500,11:28:15,3768,932100,1346537,35298938760,17,8,640410
m2205,20220218,20220218,112816000,11:28:16,3768,932101,1346537,35298976440,1,0,37680
m2205,20220218,20220218,112816500,11:28:16,3767,932107,1346537,35299202470,6,0,226030
m2205,20220218,20220218,112817000,11:28:17,3767,932108,1346538,35299240140,1,1,37670
m2205,20220218,20220218,112817500,11:28:17,3768,932109,1346537,35299277820,1,-1,37680
m2205,20220218,20220218,112818000,11:28:18,3768,932111,1346537,35299353180,2,0,75360
m2205,20220218,20220218,112818500,11:28:18,3768,932114,1346537,35299466210,3,0,113030
m2205,20220218,20220218,112819000,11:28:19,3768,932114,1346537,35299466210,0,0,0
m2205,20220218,20220218,112819500,11:28:19,3768,932114,1346537,35299466210,0,0,0
m2205,20220218,20220218,112820000,11:28:20,3768,932122,1346536,35299767640,8,-1,301430
m2205,20220218,20220218,112820500,11:28:20,3767,932123,1346537,35299805310,1,1,37670
m2205,20220218,20220218,112821000,11:28:21,3767,932123,1346537,35299805310,0,0,0
m2205,20220218,20220218,112821500,11:28:22,3768,932125,1346537,35299880660,2,0,75350
m2205,20220218,20220218,112822000,11:28:22,3768,932125,1346537,35299880660,0,0,0
m2205,20220218,20220218,112822500,11:28:22,3768,932126,1346537,35299918340,1,0,37680
m2205,20220218,20220218,112823000,11:28:23,3767,932127,1346538,35299956010,1,1,37670
m2205,20220218,20220218,112823500,11:28:24,3767,932131,1346537,35300106700,4,-1,150690
m2205,20220218,20220218,112824000,11:28:24,3767,932136,1346537,35300295050,5,0,188350
m2205,20220218,20220218,112824500,11:28:24,3767,932143,1346537,35300558740,7,0,263690
m2205,20220218,20220218,112825000,11:28:25,3767,932148,1346539,35300747090,5,2,188350
m2205,20220218,20220218,112825500,11:28:25,3767,932160,1346546,35301199140,12,7,452050
m2205,20220218,20220218,112826000,11:28:26,3767,932163,1346547,35301312150,3,1,113010
m2205,20220218,20220218,112826500,11:28:27,3768,932169,1346542,35301538220,6,-5,226070
m2205,20220218,20220218,112827000,11:28:27,3768,932169,1346542,35301538220,0,0,0
m2205,20220218,20220218,112827500,11:28:27,3768,932195,1346542,35302517860,26,0,979640
m2205,20220218,20220218,112828000,11:28:28,3768,932197,1346540,35302593220,2,-2,75360
m2205,20220218,20220218,112829000,11:28:29,3768,932197,1346540,35302593220,0,0,0
m2205,20220218,20220218,112829500,11:28:29,3768,932199,1346538,35302668580,2,-2,75360
m2205,20220218,20220218,112830000,11:28:30,3768,932211,1346542,35303120740,12,4,452160
m2205,20220218,20220218,112830500,11:28:31,3768,932213,1346544,35303196100,2,2,75360
m2205,20220218,20220218,112831000,11:28:31,3767,932214,1346545,35303233770,1,1,37670
m2205,20220218,20220218,112831500,11:28:31,3767,932217,1346546,35303346780,3,1,113010
m2205,20220218,20220218,112832000,11:28:32,3767,932217,1346546,35303346780,0,0,0
m2205,20220218,20220218,112832500,11:28:33,3767,932217,1346546,35303346780,0,0,0
m2205,20220218,20220218,112833000,11:28:33,3768,932220,1346549,35303459820,3,3,113040
m2205,20220218,20220218,112833500,11:28:33,3767,932221,1346549,35303497490,1,0,37670
m2205,20220218,20220218,112834000,11:28:34,3767,932230,1346551,35303836540,9,2,339050
m2205,20220218,20220218,112834500,11:28:34,3767,932230,1346551,35303836540,0,0,0
m2205,20220218,20220218,112835000,11:28:35,3767,932240,1346553,35304213240,10,2,376700
m2205,20220218,20220218,112835500,11:28:35,3768,932281,1346537,35305758040,41,-16,1544800
m2205,20220218,20220218,112836000,11:28:37,3767,932283,1346537,35305833380,2,0,75340
m2205,20220218,20220218,112836500,11:28:37,3767,932283,1346537,35305833380,0,0,0
m2205,20220218,20220218,112837000,11:28:37,3767,932310,1346556,35306850730,27,19,1017350
m2205,20220218,20220218,112837500,11:28:37,3767,932311,1346556,35306888400,1,0,37670
m2205,20220218,20220218,112838000,11:28:38,3767,932311,1346556,35306888400,0,0,0
m2205,20220218,20220218,112838500,11:28:38,3767,932314,1346556,35307001410,3,0,113010
m2205,20220218,20220218,112839000,11:28:40,3768,932315,1346556,35307039090,1,0,37680
m2205,20220218,20220218,112839500,11:28:40,3767,932355,1346558,35308545910,40,2,1506820
m2205,20220218,20220218,112840000,11:28:40,3767,932359,1346562,35308696590,4,4,150680
m2205,20220218,20220218,112840500,11:28:40,3768,932364,1346566,35308884950,5,4,188360
m2205,20220218,20220218,112841000,11:28:41,3768,932364,1346566,35308884950,0,0,0
m2205,20220218,20220218,112842000,11:28:42,3767,932365,1346566,35308922620,1,0,37670
m2205,20220218,20220218,112842500,11:28:43,3767,932365,1346566,35308922620,0,0,0
m2205,20220218,20220218,112843000,11:28:43,3768,932383,1346568,35309600860,18,2,678240
m2205,20220218,20220218,112843500,11:28:44,3768,932427,1346540,35311258750,44,-28,1657890
m2205,20220218,20220218,112844000,11:28:44,3767,932432,1346540,35311447130,5,0,188380
m2205,20220218,20220218,112844500,11:28:44,3767,932433,1346540,35311484800,1,0,37670
m2205,20220218,20220218,112845000,11:28:45,3767,932441,1346541,35311786160,8,1,301360
m2205,20220218,20220218,112845500,11:28:45,3767,932441,1346541,35311786160,0,0,0
m2205,20220218,20220218,112846000,11:28:46,3767,932441,1346541,35311786160,0,0,0
m2205,20220218,20220218,112846500,11:28:46,3768,932442,1346541,35311823840,1,0,37680
m2205,20220218,20220218,112847000,11:28:47,3768,932450,1346534,35312125280,8,-7,301440
m2205,20220218,20220218,112847500,11:28:48,3767,932451,1346534,35312162950,1,0,37670
m2205,20220218,20220218,112848000,11:28:48,3767,932452,1346534,35312200620,1,0,37670
m2205,20220218,20220218,112848500,11:28:48,3768,932483,1346517,35313368690,31,-17,1168070
m2205,20220218,20220218,112849000,11:28:49,3768,932576,1346555,35316872930,93,38,3504240
m2205,20220218,20220218,112849500,11:28:50,3768,932585,1346553,35317212050,9,-2,339120
m2205,20220218,20220218,112850000,11:28:50,3768,932585,1346553,35317212050,0,0,0
m2205,20220218,20220218,112850500,11:28:50,3768,932586,1346553,35317249730,1,0,37680
m2205,20220218,20220218,112851000,11:28:51,3768,932586,1346553,35317249730,0,0,0
m2205,20220218,20220218,112851500,11:28:52,3768,932603,1346563,35317890300,17,10,640570
m2205,20220218,20220218,112852000,11:28:53,3769,932613,1346558,35318267200,10,-5,376900
m2205,20220218,20220218,112852500,11:28:53,3768,932629,1346569,35318870100,16,11,602900
m2205,20220218,20220218,112853000,11:28:54,3769,932633,1346572,35319020850,4,3,150750
m2205,20220218,20220218,112853500,11:28:54,3769,932637,1346576,35319171610,4,4,150760
m2205,20220218,20220218,112854000,11:28:54,3769,932643,1346578,35319397730,6,2,226120
m2205,20220218,20220218,112854500,11:28:54,3769,932645,1346580,35319473110,2,2,75380
m2205,20220218,20220218,112855000,11:28:55,3769,932663,1346582,35320151380,18,2,678270
m2205,20220218,20220218,112855500,11:28:56,3768,932672,1346590,35320490500,9,8,339120
m2205,20220218,20220218,112856000,11:28:56,3768,932835,1346574,35326632340,163,-16,6141840
m2205,20220218,20220218,112856500,11:28:56,3768,932839,1346574,35326783060,4,0,150720
m2205,20220218,20220218,112857000,11:28:57,3768,933088,1346528,35336162920,249,-46,9379860
m2205,20220218,20220218,112857500,11:28:58,3768,933088,1346528,35336162920,0,0,0
m2205,20220218,20220218,112858500,11:28:59,3767,933123,1346525,35337481370,35,-3,1318450
m2205,20220218,20220218,112859000,11:28:59,3767,933127,1346524,35337632060,4,-1,150690
m2205,20220218,20220218,112859500,11:29:00,3767,933127,1346524,35337632060,0,0,0
m2205,20220218,20220218,112900000,11:29:00,3768,933137,1346514,35338008860,10,-10,376800
m2205,20220218,20220218,112900500,11:29:01,3767,933141,1346513,35338159540,4,-1,150680
m2205,20220218,20220218,112901000,11:29:01,3768,933154,1346501,35338649270,13,-12,489730
m2205,20220218,20220218,112901500,11:29:01,3768,933158,1346498,35338799970,4,-3,150700
m2205,20220218,20220218,112902000,11:29:02,3768,933158,1346498,35338799970,0,0,0
m2205,20220218,20220218,112902500,11:29:03,3767,933159,1346497,35338837640,1,-1,37670
m2205,20220218,20220218,112903000,11:29:03,3767,933161,1346495,35338912980,2,-2,75340
m2205,20220218,20220218,112903500,11:29:04,3767,933208,1346448,35340683470,47,-47,1770490
m2205,20220218,20220218,112904000,11:29:04,3767,933212,1346444,35340834150,4,-4,150680
m2205,20220218,20220218,112904500,11:29:04,3767,933212,1346444,35340834150,0,0,0
m2205,20220218,20220218,112905000,11:29:05,3767,933214,1346442,35340909490,2,-2,75340
m2205,20220218,20220218,112905500,11:29:06,3768,933218,1346441,35341060200,4,-1,150710
m2205,20220218,20220218,112906000,11:29:06,3768,933223,1346438,35341248560,5,-3,188360
m2205,20220218,20220218,112906500,11:29:06,3768,933225,1346437,35341323920,2,-1,75360
m2205,20220218,20220218,112907000,11:29:07,3767,933226,1346436,35341361590,1,-1,37670
m2205,20220218,20220218,112907500,11:29:08,3768,933232,1346431,35341587620,6,-5,226030
m2205,20220218,20220218,112908000,11:29:08,3768,933243,1346430,35342002090,11,-1,414470
m2205,20220218,20220218,112908500,11:29:08,3768,933322,1346367,35344978190,79,-63,2976100
m2205,20220218,20220218,112909000,11:29:09,3767,933325,1346364,35345091200,3,-3,113010
m2205,20220218,20220218,112909500,11:29:09,3767,933330,1346365,35345279580,5,1,188380
m2205,20220218,20220218,112910000,11:29:10,3768,933331,1346365,35345317260,1,0,37680
m2205,20220218,20220218,112910500,11:29:10,3768,933335,1346367,35345467960,4,2,150700
m2205,20220218,20220218,112911000,11:29:11,3767,933336,1346366,35345505630,1,-1,37670
m2205,20220218,20220218,112911500,11:29:12,3768,933337,1346367,35345543310,1,1,37680
m2205,20220218,20220218,112912000,11:29:12,3768,933341,1346368,35345694000,4,1,150690
m2205,20220218,20220218,112912500,11:29:12,3768,933354,1346360,35346183760,13,-8,489760
m2205,20220218,20220218,112913000,11:29:13,3767,933361,1346359,35346447460,7,-1,263700
m2205,20220218,20220218,112913500,11:29:14,3767,933361,1346359,35346447460,0,0,0
m2205,20220218,20220218,112914000,11:29:14,3767,933363,1346359,35346522800,2,0,75340
m2205,20220218,20220218,112914500,11:29:15,3767,933364,1346358,35346560470,1,-1,37670
m2205,20220218,20220218,112915000,11:29:15,3768,933367,1346358,35346673510,3,0,113040
m2205,20220218,20220218,112915500,11:29:16,3767,933374,1346357,35346937230,7,-1,263720
m2205,20220218,20220218,112916000,11:29:16,3767,933378,1346354,35347087940,4,-3,150710
m2205,20220218,20220218,112916500,11:29:20,3768,933656,1346334,35357562980,278,-20,10475040
m2205,20220218,20220218,112917000,11:29:20,3767,933703,1346334,35359333930,47,0,1770950
m2205,20220218,20220218,112917500,11:29:21,3768,933710,1346337,35359597660,7,3,263730
m2205,20220218,20220218,112918000,11:29:21,3768,933713,1346339,35359710690,3,2,113030
m2205,20220218,20220218,112920500,11:29:21,3768,933729,1346338,35360313550,16,-1,602860
m2205,20220218,20220218,112921000,11:29:22,3767,933730,1346337,35360351220,1,-1,37670
m2205,20220218,20220218,112921500,11:29:24,3767,933750,1346338,35361104890,20,1,753670
m2205,20220218,20220218,112922000,11:29:24,3768,933758,1346332,35361406330,8,-6,301440
m2205,20220218,20220218,112922500,11:29:24,3767,933765,1346327,35361670080,7,-5,263750
m2205,20220218,20220218,112923000,11:29:24,3767,933772,1346324,35361933810,7,-3,263730
m2205,20220218,20220218,112924000,11:29:24,3768,933790,1346319,35362611970,18,-5,678160
m2205,20220218,20220218,112924500,11:29:25,3767,933798,1346320,35362913400,8,1,301430
m2205,20220218,20220218,112925000,11:29:25,3767,933808,1346320,35363290100,10,0,376700
m2205,20220218,20220218,112925500,11:29:25,3767,933808,1346320,35363290100,0,0,0
m2205,20220218,20220218,112926000,11:29:26,3767,933808,1346320,35363290100,0,0,0
m2205,20220218,20220218,112926500,11:29:26,3767,933815,1346327,35363553790,7,7,263690
m2205,20220218,20220218,112927000,11:29:27,3767,933815,1346327,35363553790,0,0,0
m2205,20220218,20220218,112927500,11:29:27,3767,933835,1346327,35364307190,20,0,753400
m2205,20220218,20220218,112928000,11:29:28,3768,933837,1346327,35364382550,2,0,75360
m2205,20220218,20220218,112928500,11:29:29,3768,933837,1346327,35364382550,0,0,0
m2205,20220218,20220218,112929000,11:29:29,3767,933850,1346321,35364872350,13,-6,489800
m2205,20220218,20220218,112929500,11:29:29,3767,933850,1346321,35364872350,0,0,0
m2205,20220218,20220218,112930000,11:29:30,3767,933851,1346321,35364910020,1,0,37670
m2205,20220218,20220218,112930500,11:29:31,3767,933864,1346318,35365399840,13,-3,489820
m2205,20220218,20220218,112931000,11:29:32,3767,933870,1346318,35365625910,6,0,226070
m2205,20220218,20220218,112931500,11:29:32,3768,933881,1346313,35366040390,11,-5,414480
m2205,20220218,20220218,112932000,11:29:32,3767,933923,1346283,35367622940,42,-30,1582550
m2205,20220218,20220218,112932500,11:29:37,3768,933935,1346293,35368075100,12,10,452160
m2205,20220218,20220218,112933000,11:29:37,3768,933937,1346295,35368150460,2,2,75360
m2205,20220218,20220218,112933500,11:29:38,3767,933938,1346294,35368188130,1,-1,37670
m2205,20220218,20220218,112936500,11:29:38,3767,934180,1346148,35377304300,242,-146,9116170
m2205,20220218,20220218,112937500,11:29:38,3767,934180,1346148,35377304300,0,0,0
m2205,20220218,20220218,112938000,11:29:38,3767,934192,1346139,35377756340,12,-9,452040
m2205,20220218,20220218,112938500,11:29:39,3767,934196,1346139,35377907020,4,0,150680
m2205,20220218,20220218,112939000,11:29:39,3767,934212,1346129,35378509630,16,-10,602610
m2205,20220218,20220218,112939500,11:29:40,3766,934264,1346127,35380468450,52,-2,1958820
m2205,20220218,20220218,112940000,11:29:40,3767,934265,1346126,35380506120,1,-1,37670
m2205,20220218,20220218,112940500,11:29:40,3767,934295,1346098,35381636210,30,-28,1130090
m2205,20220218,20220218,112941000,11:29:41,3766,934298,1346096,35381749190,3,-2,112980
m2205,20220218,20220218,112941500,11:29:42,3766,934304,1346090,35381975160,6,-6,225970
m2205,20220218,20220218,112942000,11:29:42,3766,934320,1346085,35382577870,16,-5,602710
m2205,20220218,20220218,112942500,11:29:44,3767,934322,1346084,35382653200,2,-1,75330
m2205,20220218,20220218,112943000,11:29:45,3766,934323,1346084,35382690860,1,0,37660
m2205,20220218,20220218,112943500,11:29:45,3766,934326,1346081,35382803860,3,-3,113000
m2205,20220218,20220218,112944000,11:29:45,3766,934330,1346079,35382954500,4,-2,150640
m2205,20220218,20220218,112944500,11:29:45,3767,934334,1346076,35383105170,4,-3,150670
m2205,20220218,20220218,112945000,11:29:46,3766,934335,1346075,35383142830,1,-1,37660
m2205,20220218,20220218,112945500,11:29:46,3766,934338,1346072,35383255810,3,-3,112980
m2205,20220218,20220218,112946000,11:29:46,3766,934339,1346072,35383293470,1,0,37660
m2205,20220218,20220218,112946500,11:29:47,3767,934341,1346071,35383368810,2,-1,75340
m2205,20220218,20220218,112947000,11:29:47,3767,934343,1346069,35383444140,2,-2,75330
m2205,20220218,20220218,112947500,11:29:48,3767,934343,1346069,35383444140,0,0,0
m2205,20220218,20220218,112948000,11:29:49,3767,934355,1346059,35383896100,12,-10,451960
m2205,20220218,20220218,112948500,11:29:49,3766,934361,1346057,35384122110,6,-2,226010
m2205,20220218,20220218,112949000,11:29:50,3767,934365,1346055,35384272760,4,-2,150650
m2205,20220218,20220218,112949500,11:29:50,3767,934365,1346055,35384272760,0,0,0
m2205,20220218,20220218,112950000,11:29:51,3766,934367,1346053,35384348080,2,-2,75320
m2205,20220218,20220218,112950500,11:29:51,3766,934386,1346034,35385063620,19,-19,715540
m2205,20220218,20220218,112951500,11:29:52,3767,934395,1346026,35385402590,9,-8,338970
m2205,20220218,20220218,112952000,11:29:52,3767,934408,1346013,35385892220,13,-13,489630
m2205,20220218,20220218,112952500,11:29:53,3767,934409,1346013,35385929890,1,0,37670
m2205,20220218,20220218,112953000,11:29:53,3766,934482,1345949,35388679090,73,-64,2749200
m2205,20220218,20220218,112953500,11:29:54,3766,934483,1345948,35388716750,1,-1,37660
m2205,20220218,20220218,112954000,11:29:54,3767,934613,1345936,35393613590,130,-12,4896840
m2205,20220218,20220218,112954500,11:29:54,3766,934624,1345933,35394027850,11,-3,414260
m2205,20220218,20220218,112955000,11:29:55,3767,934636,1345926,35394479850,12,-7,452000
m2205,20220218,20220218,112955500,11:29:56,3767,934636,1345926,35394479850,0,0,0
m2205,20220218,20220218,112956000,11:29:56,3767,934643,1345928,35394743490,7,2,263640
m2205,20220218,20220218,112956500,11:30:00,3767,934658,1345925,35395308500,15,-3,565010
m2205,20220218,20220218,112957000,11:30:00,3766,934668,1345924,35395685190,10,-1,376690
m2205,20220218,20220218,112957500,11:30:02,3766,934681,1345916,35396174770,13,-8,489580
m2205,20220218,20220218,112959500,11:30:02,3766,934726,1345885,35397869810,45,-31,1695040
m2205,20220218,20220218,113000000,11:30:03,3766,934755,1345877,35398962020,29,-8,1092210
m2205,20220218,20220218,113001000,11:30:03,3766,934770,1345882,35399526940,15,5,564920
m2205,20220218,20220218,113001500,11:30:03,3766,934773,1345881,35399639920,3,-1,112980
m2205,20220218,20220218,133001500,13:30:02,3762,936046,1345907,35447554870,1273,26,47914950
m2205,20220218,20220218,133002000,13:30:08,3761,936951,1345591,35481607490,905,-316,34052620
m2205,20220218,20220218,133002500,13:30:09,3762,937568,1345261,35504812340,617,-330,23204850
m2205,20220218,20220218,133008000,13:30:10,3759,939008,1345180,35558946750,1440,-81,54134410
m2205,20220218,20220218,133008500,13:30:10,3760,939386,1345272,35573161530,378,92,14214780
m2205,20220218,20220218,133009500,13:30:10,3760,939646,1345107,35582937820,260,-165,9776290
m2205,20220218,20220218,133010000,13:30:11,3759,939806,1345037,35588952270,160,-70,6014450
m2205,20220218,20220218,133010500,13:30:12,3759,939851,1345000,35590643590,45,-37,1691320
m2205,20220218,20220218,133011000,13:30:13,3759,939915,1345040,35593048790,64,40,2405200
m2205,20220218,20220218,133011500,13:30:13,3759,939933,1345039,35593725250,18,-1,676460
m2205,20220218,20220218,133012500,13:30:13,3758,940106,1344968,35600227350,173,-71,6502100
m2205,20220218,20220218,133013000,13:30:13,3758,940180,1344986,35603008640,74,18,2781290
m2205,20220218,20220218,133013500,13:30:14,3759,940289,1345031,35607104880,109,45,4096240
m2205,20220218,20220218,133014000,13:30:16,3758,940290,1345031,35607142460,1,0,37580
m2205,20220218,20220218,133014500,13:30:17,3757,940328,1345025,35608570520,38,-6,1428060
m2205,20220218,20220218,133015000,13:30:18,3757,940376,1345004,35610374180,48,-21,1803660
m2205,20220218,20220218,133016500,13:30:18,3757,940643,1344923,35620405750,267,-81,10031570
m2205,20220218,20220218,133017000,13:30:18,3757,940700,1344918,35622547240,57,-5,2141490
m2205,20220218,20220218,133017500,13:30:19,3757,940721,1344912,35623336160,21,-6,788920
m2205,20220218,20220218,133018000,13:30:19,3757,940745,1344915,35624237850,24,3,901690
m2205,20220218,20220218,133018500,13:30:20,3758,941157,1344692,35639711990,412,-223,15474140
m2205,20220218,20220218,133019000,13:30:20,3756,941223,1344725,35642191480,66,33,2479490
m2205,20220218,20220218,133019500,13:30:21,3757,941291,1344692,35644746270,68,-33,2554790
m2205,20220218,20220218,133020000,13:30:21,3756,941316,1344668,35645685500,25,-24,939230
m2205,20220218,20220218,133020500,13:30:21,3757,941339,1344670,35646549510,23,2,864010
m2205,20220218,20220218,133021000,13:30:21,3757,941355,1344668,35647150630,16,-2,601120
m2205,20220218,20220218,133021500,13:30:22,3757,941356,1344668,35647188200,1,0,37570
m2205,20220218,20220218,133022000,13:30:38,3758,941499,1344616,35652560770,143,-52,5372570
m2205,20220218,20220218,133022500,13:30:38,3757,941547,1344608,35654364160,48,-8,1803390
m2205,20220218,20220218,133023000,13:30:38,3758,941557,1344612,35654739920,10,4,375760
m2205,20220218,20220218,133038000,13:30:40,3758,941557,1344612,35654739920,0,0,0
m2205,20220218,20220218,133038500,13:30:42,3758,943041,1345278,35710511070,1484,666,55771150
m2205,20220218,20220218,133040500,13:30:43,3757,943087,1345285,35712239500,46,7,1728430
m2205,20220218,20220218,133041000,13:30:43,3758,943092,1345284,35712427390,5,-1,187890
m2205,20220218,20220218,133042500,13:30:44,3758,943116,1345299,35713329260,24,15,901870
m2205,20220218,20220218,133043000,13:30:44,3758,943134,1345315,35714005700,18,16,676440
m2205,20220218,20220218,133043500,13:30:45,3758,943244,1345351,35718139500,110,36,4133800
m2205,20220218,20220218,133044000,13:30:46,3757,943337,1345331,35721634330,93,-20,3494830
m2205,20220218,20220218,133044500,13:30:46,3759,943339,1345332,35721709500,2,1,75170
m2205,20220218,20220218,133045000,13:30:46,3758,943346,1345333,35721972560,7,1,263060
m2205,20220218,20220218,133045500,13:30:46,3759,943368,1345345,35722799440,22,12,826880
m2205,20220218,20220218,133046000,13:30:47,3758,943398,1345317,35723926840,30,-28,1127400
m2205,20220218,20220218,133046500,13:30:47,3759,943417,1345322,35724640920,19,5,714080
m2205,20220218,20220218,133047000,13:30:48,3758,943423,1345325,35724866400,6,3,225480
m2205,20220218,20220218,133047500,13:30:48,3758,943447,1345317,35725768350,24,-8,901950
m2205,20220218,20220218,133048000,13:30:48,3758,943452,1345312,35725956250,5,-5,187900
m2205,20220218,20220218,133048500,13:30:49,3758,943457,1345312,35726144150,5,0,187900
m2205,20220218,20220218,133049000,13:30:49,3758,943473,1345305,35726745430,16,-7,601280
m2205,20220218,20220218,133049500,13:30:50,3758,943476,1345307,35726858180,3,2,112750
m2205,20220218,20220218,133050000,13:30:51,3758,943489,1345319,35727346720,13,12,488540
m2205,20220218,20220218,133050500,13:30:52,3758,943509,1345328,35728098380,20,9,751660
m2205,20220218,20220218,133051000,13:30:52,3757,943513,1345329,35728248680,4,1,150300
m2205,20220218,20220218,133051500,13:30:52,3757,943518,1345328,35728436560,5,-1,187880
m2205,20220218,20220218,133052000,13:30:53,3757,943521,1345330,35728549290,3,2,112730
m2205,20220218,20220218,133052500,13:30:54,3758,943528,1345324,35728812290,7,-6,263000
m2205,20220218,20220218,133053000,13:30:54,3757,943542,1345313,35729338290,14,-11,526000
m2205,20220218,20220218,133053500,13:30:54,3758,943550,1345319,35729638880,8,6,300590
m2205,20220218,20220218,133054000,13:30:55,3757,943559,1345318,35729977020,9,-1,338140
m2205,20220218,20220218,133054500,13:30:55,3757,943586,1345304,35730991420,27,-14,1014400
m2205,20220218,20220218,133055000,13:30:55,3758,943590,1345308,35731141740,4,4,150320
m2205,20220218,20220218,133055500,13:30:56,3758,943616,1345332,35732118810,26,24,977070
m2205,20220218,20220218,133056000,13:30:57,3757,943626,1345333,35732494520,10,1,375710
m2205,20220218,20220218,133056500,13:30:57,3758,943631,1345337,35732682420,5,4,187900
m2205,20220218,20220218,133057000,13:30:58,3757,943968,1345588,35745343510,337,251,12661090
m2205,20220218,20220218,133057500,13:30:58,3757,944067,1345663,35749062950,99,75,3719440
m2205,20220218,20220218,133058000,13:30:58,3757,944127,1345627,35751317250,60,-36,2254300
m2205,20220218,20220218,133058500,13:30:59,3757,944151,1345605,35752218940,24,-22,901690
m2205,20220218,20220218,133059000,13:30:59,3757,944151,1345605,35752218940,0,0,0
m2205,20220218,20220218,133059500,13:31:00,3756,944162,1345604,35752632140,11,-1,413200
m2205,20220218,20220218,133100000,13:31:00,3756,944165,1345604,35752744830,3,0,112690
m2205,20220218,20220218,133100500,13:31:00,3757,944172,1345608,35753007800,7,4,262970
m2205,20220218,20220218,133101000,13:31:01,3756,944174,1345609,35753082930,2,1,75130
m2205,20220218,20220218,133101500,13:31:01,3756,944184,1345613,35753458600,10,4,375670
m2205,20220218,20220218,133102000,13:31:02,3757,944192,1345618,35753759160,8,5,300560
m2205,20220218,20220218,133102500,13:31:03,3757,944199,1345620,35754022140,7,2,262980
m2205,20220218,20220218,133103000,13:31:03,3757,944208,1345625,35754360250,9,5,338110
m2205,20220218,20220218,133103500,13:31:05,3756,944695,1345450,35772651990,487,-175,18291740
m2205,20220218,20220218,133104000,13:31:06,3756,944703,1345455,35772952460,8,5,300470
m2205,20220218,20220218,133104500,13:31:07,3756,944750,1345463,35774717760,47,8,1765300
m2205,20220218,20220218,133105500,13:31:08,3757,944775,1345473,35775656930,25,10,939170
m2205,20220218,20220218,133106000,13:31:08,3757,944996,1345484,35783959810,221,11,8302880
m2205,20220218,20220218,133107000,13:31:09,3758,945110,1345469,35788242800,114,-15,4282990
m2205,20220218,20220218,133107500,13:31:09,3757,945145,1345472,35789557740,35,3,1314940
m2205,20220218,20220218,133108500,13:31:09,3757,945164,1345472,35790271560,19,0,713820
m2205,20220218,20220218,133109000,13:31:09,3758,945179,1345470,35790835110,15,-2,563550
m2205,20220218,20220218,133109500,13:31:10,3758,945216,1345485,35792225290,37,15,1390180
m2205,20220218,20220218,133110000,13:31:11,3758,945224,1345485,35792525870,8,0,300580
m2205,20220218,20220218,133110500,13:31:11,3757,945243,1345492,35793239830,19,7,713960
m2205,20220218,20220218,133111000,13:31:11,3757,945293,1345458,35795118340,50,-34,1878510
m2205,20220218,20220218,133111500,13:31:12,3757,945316,1345445,35795982450,23,-13,864110
m2205,20220218,20220218,133112000,13:31:12,3757,945327,1345438,35796395720,11,-7,413270
m2205,20220218,20220218,133112500,13:31:13,3756,945346,1345434,35797109400,19,-4,713680
m2205,20220218,20220218,133113000,13:31:13,3756,945352,1345433,35797334790,6,-1,225390
m2205,20220218,20220218,133113500,13:31:14,3756,945356,1345431,35797485060,4,-2,150270
m2205,20220218,20220218,133114000,13:31:15,3757,945361,1345430,35797672880,5,-1,187820
m2205,20220218,20220218,133114500,13:31:15,3757,945380,1345424,35798386710,19,-6,713830
m2205,20220218,20220218,133115000,13:31:15,3756,945389,1345419,35798724800,9,-5,338090
m2205,20220218,20220218,133115500,13:31:16,3756,945420,1345418,35799889450,31,-1,1164650
m2205,20220218,20220218,133116000,13:31:16,3756,945528,1345384,35803946000,108,-34,4056550
m2205,20220218,20220218,133116500,13:31:17,3756,945535,1345383,35804208950,7,-1,262950
m2205,20220218,20220218,133117000,13:31:17,3756,945541,1345378,35804434360,6,-5,225410
m2205,20220218,20220218,133117500,13:31:18,3757,946191,1345532,35828856600,650,154,24422240
m2205,20220218,20220218,133118000,13:31:19,3757,946194,1345531,35828969310,3,-1,112710
m2205,20220218,20220218,133118500,13:31:19,3758,946244,1345501,35830848290,50,-30,1878980
m2205,20220218,20220218,133119000,13:31:19,3757,946409,1345415,35837047980,165,-86,6199690
m2205,20220218,20220218,133119500,13:31:20,3757,946416,1345414,35837311010,7,-1,263030
m2205,20220218,20220218,133120000,13:31:20,3757,946420,1345410,35837461290,4,-4,150280
m2205,20220218,20220218,133120500,13:31:21,3758,946423,1345413,35837574030,3,3,112740
m2205,20220218,20220218,133121000,13:31:21,3757,946424,1345412,35837611600,1,-1,37570
m2205,20220218,20220218,133121500,13:31:22,3758,946432,1345416,35837912230,8,4,300630
m2205,20220218,20220218,133122000,13:31:23,3757,946438,1345412,35838137660,6,-4,225430
m2205,20220218,20220218,133122500,13:31:23,3757,946464,1345395,35839114520,26,-17,976860
m2205,20220218,20220218,133123000,13:31:25,3758,946479,1345385,35839678120,15,-10,563600
m2205,20220218,20220218,133123500,13:31:25,3757,946492,1345387,35840166550,13,2,488430
m2205,20220218,20220218,133124500,13:31:25,3758,946521,1345414,35841256360,29,27,1089810
m2205,20220218,20220218,133157500,13:31:57,3757,946540,1345429,35841970370,19,15,714010
m2205,20220218,20220218,133158500,13:31:58,3758,946761,1345463,35850275550,221,34,8305180
m2205,20220218,20220218,133159000,13:31:59,3758,946781,1345443,35851027150,20,-20,751600
m2205,20220218,20220218,133159500,13:32:00,3759,946799,1345455,35851703770,18,12,676620
m2205,20220218,20220218,133200500,13:32:01,3760,948949,1345481,35932504390,2150,26,80800620
m2205,20220218,20220218,133201000,13:32:01,3759,949524,1345287,35954118560,575,-194,21614170
m2205,20220218,20220218,133201500,13:32:01,3759,949530,1345292,35954344100,6,5,225540
m2205,20220218,20220218,133202000,13:32:03,3759,949535,1345289,35954532010,5,-3,187910
m2205,20220218,20220218,133202500,13:32:03,3759,949536,1345290,35954569600,1,1,37590
m2205,20220218,20220218,133203000,13:32:04,3758,949537,1345289,35954607180,1,-1,37580
m2205,20220218,20220218,133203500,13:32:05,3758,949562,1345308,35955546890,25,19,939710
m2205,20220218,20220218,133204000,13:32:05,3759,949563,1345308,35955584480,1,0,37590
m2205,20220218,20220218,133205000,13:32:06,3758,949705,1345277,35960920870,142,-31,5336390
m2205,20220218,20220218,133205500,13:32:06,3757,949708,1345279,35961033590,3,2,112720
m2205,20220218,20220218,133206000,13:32:06,3758,949722,1345280,35961559700,14,1,526110
m2205,20220218,20220218,133206500,13:32:07,3757,949736,1345282,35962085800,14,2,526100
m2205,20220218,20220218,133207000,13:32:07,3757,949741,1345284,35962273690,5,2,187890
m2205,20220218,20220218,133207500,13:32:07,3758,949742,1345285,35962311270,1,1,37580
m2205,20220218,20220218,133208000,13:32:09,3758,949755,1345294,35962799810,13,9,488540
m2205,20220218,20220218,133208500,13:32:10,3758,949760,1345297,35962987690,5,3,187880
m2205,20220218,20220218,133209000,13:32:10,3757,949763,1345294,35963100400,3,-3,112710
m2205,20220218,20220218,133209500,13:32:10,3757,949923,1345368,35969111610,160,74,6011210
m2205,20220218,20220218,133210000,13:32:10,3757,949955,1345369,35970313850,32,1,1202240
m2205,20220218,20220218,133210500,13:32:13,3757,949963,1345373,35970614410,8,4,300560
m2205,20220218,20220218,133211000,13:32:14,3756,949975,1345371,35971065140,12,-2,450730
m2205,20220218,20220218,133213000,13:32:15,3756,950573,1345483,35993525630,598,112,22460490
m2205,20220218,20220218,133214000,13:32:15,3757,950941,1345416,36007350000,368,-67,13824370
m2205,20220218,20220218,133214500,13:32:16,3757,950945,1345414,36007500280,4,-2,150280
m2205,20220218,20220218,133215000,13:32:16,3757,950958,1345420,36007988790,13,6,488510
m2205,20220218,20220218,133215500,13:32:16,3757,950965,1345421,36008251790,7,1,263000
m2205,20220218,20220218,133216000,13:32:17,3758,950979,1345419,36008777880,14,-2,526090
m2205,20220218,20220218,133216500,13:32:17,3758,950979,1345419,36008777880,0,0,0
m2205,20220218,20220218,133217000,13:32:17,3757,950991,1345419,36009228820,12,0,450940
m2205,20220218,20220218,133217500,13:32:18,3758,950993,1345420,36009303980,2,1,75160
m2205,20220218,20220218,133218000,13:32:18,3758,950994,1345421,36009341560,1,1,37580
m2205,20220218,20220218,133218500,13:32:19,3757,951414,1345421,36025120960,420,0,15779400
m2205,20220218,20220218,133219000,13:32:20,3757,951418,1345423,36025271270,4,2,150310
m2205,20220218,20220218,133219500,13:32:20,3757,951418,1345423,36025271270,0,0,0
m2205,20220218,20220218,133220000,13:32:21,3757,951456,1345423,36026698940,38,0,1427670
m2205,20220218,20220218,133220500,13:32:21,3757,951458,1345424,36026774090,2,1,75150
m2205,20220218,20220218,133221000,13:32:21,3757,951502,1345401,36028427590,44,-23,1653500
m2205,20220218,20220218,133221500,13:32:22,3757,951502,1345401,36028427590,0,0,0
m2205,20220218,20220218,133222000,13:32:23,3758,951507,1345396,36028615480,5,-5,187890
m2205,20220218,20220218,133222500,13:32:23,3757,951510,1345396,36028728210,3,0,112730
m2205,20220218,20220218,133223000,13:32:24,3757,951516,1345396,36028953640,6,0,225430
m2205,20220218,20220218,133223500,13:32:24,3757,951516,1345396,36028953640,0,0,0
m2205,20220218,20220218,133224000,13:32:24,3758,951543,1345376,36029968250,27,-20,1014610
m2205,20220218,20220218,133224500,13:32:25,3757,951553,1345366,36030343950,10,-10,375700
m2205,20220218,20220218,133225000,13:32:25,3758,951566,1345356,36030832390,13,-10,488440
m2205,20220218,20220218,133225500,13:32:26,3758,951571,1345353,36031020280,5,-3,187890
m2205,20220218,20220218,133226000,13:32:27,3757,951575,1345353,36031170590,4,0,150310
m2205,20220218,20220218,133226500,13:32:27,3757,951581,1345353,36031396010,6,0,225420
m2205,20220218,20220218,133227000,13:32:27,3758,951582,1345353,36031433590,1,0,37580
m2205,20220218,20220218,133227500,13:32:28,3757,951584,1345353,36031508730,2,0,75140
m2205,20220218,20220218,133228000,13:32:32,3758,951924,1345093,36044285930,340,-260,12777200
m2205,20220218,20220218,133228500,13:32:32,3758,951961,1345093,36045676390,37,0,1390460
m2205,20220218,20220218,133229000,13:32:33,3757,951965,1345089,36045826700,4,-4,150310
m2205,20220218,20220218,133232000,13:32:35,3758,952018,1345104,36047818420,53,15,1991720
m2205,20220218,20220218,133232500,13:32:35,3758,952025,1345101,36048081480,7,-3,263060
m2205,20220218,20220218,133234500,13:32:35,3759,952037,1345099,36048532500,12,-2,451020
m2205,20220218,20220218,133235000,13:32:36,3759,952037,1345099,36048532500,0,0,0
m2205,20220218,20220218,133235500,13:32:36,3758,952038,1345099,36048570080,1,0,37580
m2205,20220218,20220218,133236000,13:32:36,3758,952110,1345142,36051275860,72,43,2705780
m2205,20220218,20220218,133236500,13:32:37,3758,952111,1345142,36051313440,1,0,37580
m2205,20220218,20220218,133237000,13:32:37,3758,952114,1345142,36051426180,3,0,112740
m2205,20220218,20220218,133237500,13:32:38,3758,952115,1345143,36051463760,1,1,37580
m2205,20220218,20220218,133238000,13:32:38,3758,952115,1345143,36051463760,0,0,0
m2205,20220218,20220218,133238500,13:32:39,3758,952116,1345143,36051501340,1,0,37580
m2205,20220218,20220218,133239000,13:32:39,3758,952119,1345145,36051614080,3,2,112740
m2205,20220218,20220218,133239500,13:32:40,3758,952120,1345145,36051651660,1,0,37580
m2205,20220218,20220218,133240000,13:32:40,3758,952141,1345165,36052440840,21,20,789180
m2205,20220218,20220218,133240500,13:32:40,3758,952141,1345165,36052440840,0,0,0
m2205,20220218,20220218,133241000,13:32:41,3758,952141,1345165,36052440840,0,0,0
m2205,20220218,20220218,133241500,13:32:42,3757,952143,1345163,36052515980,2,-2,75140
m2205,20220218,20220218,133242000,13:32:42,3757,952154,1345168,36052929330,11,5,413350
m2205,20220218,20220218,133242500,13:32:42,3757,952156,1345167,36053004480,2,-1,75150
m2205,20220218,20220218,133243000,13:32:43,3758,952157,1345167,36053042060,1,0,37580
m2205,20220218,20220218,133243500,13:32:43,3758,952157,1345167,36053042060,0,0,0
m2205,20220218,20220218,133244000,13:32:44,3757,952159,1345166,36053117210,2,-1,75150
m2205,20220218,20220218,133244500,13:32:45,3758,952311,1345125,36058829360,152,-41,5712150
m2205,20220218,20220218,133245000,13:32:45,3757,952314,1345123,36058942090,3,-2,112730
m2205,20220218,20220218,133245500,13:32:45,3757,952344,1345093,36060069190,30,-30,1127100
m2205,20220218,20220218,133246000,13:32:47,3757,952345,1345092,36060106760,1,-1,37570
m2205,20220218,20220218,133246500,13:32:47,3757,952345,1345092,36060106760,0,0,0
m2205,20220218,20220218,133247000,13:32:47,3758,952346,1345092,36060144340,1,0,37580
m2205,20220218,20220218,133247500,13:32:48,3757,952352,1345087,36060369760,6,-5,225420
m2205,20220218,20220218,133248000,13:32:48,3757,952353,1345087,36060407330,1,0,37570
m2205,20220218,20220218,133248500,13:32:49,3758,952354,1345087,36060444910,1,0,37580
m2205,20220218,20220218,133249000,13:32:49,3757,952357,1345087,36060557640,3,0,112730
m2205,20220218,20220218,133249500,13:32:50,3757,952367,1345077,36060933340,10,-10,375700
m2205,20220218,20220218,133250000,13:32:50,3758,952368,1345077,36060970920,1,0,37580
m2205,20220218,20220218,133250500,13:32:52,3758,952376,1345077,36061271560,8,0,300640
m2205,20220218,20220218,133251000,13:32:52,3758,952378,1345077,36061346720,2,0,75160
m2205,20220218,20220218,133251500,13:32:53,3758,952378,1345077,36061346720,0,0,0
m2205,20220218,20220218,133252500,13:32:53,3758,952378,1345077,36061346720,0,0,0
m2205,20220218,20220218,133253000,13:32:53,3758,952379,1345078,36061384300,1,1,37580
m2205,20220218,20220218,133253500,13:32:54,3758,952381,1345078,36061459460,2,0,75160
m2205,20220218,20220218,133254000,13:32:54,3758,952381,1345078,36061459460,0,0,0
m2205,20220218,20220218,133254500,13:32:55,3758,952387,1345079,36061684890,6,1,225430
m2205,20220218,20220218,133255000,13:32:55,3758,952403,1345084,36062286170,16,5,601280
m2205,20220218,20220218,133255500,13:32:55,3757,952404,1345083,36062323740,1,-1,37570
m2205,20220218,20220218,133256000,13:32:56,3758,952408,1345085,36062474060,4,2,150320
m2205,20220218,20220218,133256500,13:32:57,3757,952411,1345084,36062586790,3,-1,112730
m2205,20220218,20220218,133257000,13:32:59,3757,952411,1345084,36062586790,0,0,0
m2205,20220218,20220218,133257500,13:33:00,3757,952411,1345084,36062586790,0,0,0
m2205,20220218,20220218,133258000,13:33:00,3757,952411,1345084,36062586790,0,0,0
m2205,20220218,20220218,133258500,13:33:00,3757,952413,1345084,36062661940,2,0,75150
m2205,20220218,20220218,133259500,13:33:01,3757,952413,1345084,36062661940,0,0,0
m2205,20220218,20220218,133300000,13:33:01,3758,952451,1345082,36064089980,38,-2,1428040
m2205,20220218,20220218,133300500,13:33:01,3758,952452,1345082,36064127560,1,0,37580
m2205,20220218,20220218,133301000,13:33:02,3758,952452,1345082,36064127560,0,0,0
m2205,20220218,20220218,133301500,13:33:02,3757,952457,1345077,36064315410,5,-5,187850
m2205,20220218,20220218,133302000,13:33:03,3757,952458,1345077,36064352980,1,0,37570
m2205,20220218,20220218,133302500,13:33:03,3758,952460,1345076,36064428130,2,-1,75150
m2205,20220218,20220218,133303000,13:33:03,3758,952475,1345068,36064991830,15,-8,563700
m2205,20220218,20220218,133303500,13:33:04,3757,952478,1345067,36065104540,3,-1,112710
m2205,20220218,20220218,133304000,13:33:04,3758,952489,1345056,36065517910,11,-11,413370
m2205,20220218,20220218,133304500,13:33:05,3757,952491,1345055,36065593050,2,-1,75140
m2205,20220218,20220218,133305000,13:33:05,3758,952509,1345057,36066269470,18,2,676420
m2205,20220218,20220218,133305500,13:33:05,3758,952517,1345060,36066570100,8,3,300630
m2205,20220218,20220218,133306000,13:33:06,3758,952527,1345050,36066945900,10,-10,375800
m2205,20220218,20220218,133306500,13:33:06,3757,952529,1345049,36067021040,2,-1,75140
m2205,20220218,20220218,133307000,13:33:07,3758,952532,1345049,36067133780,3,0,112740
m2205,20220218,20220218,133307500,13:33:08,3758,952554,1345033,36067960520,22,-16,826740
m2205,20220218,20220218,133308000,13:33:08,3757,952706,1344940,36073671160,152,-93,5710640
m2205,20220218,20220218,133308500,13:33:09,3757,952710,1344937,36073821470,4,-3,150310
m2205,20220218,20220218,133309000,13:33:09,3757,952711,1344937,36073859040,1,0,37570
m2205,20220218,20220218,133309500,13:33:11,3757,952712,1344937,36073896610,1,0,37570
m2205,20220218,20220218,133310000,13:33:11,3758,952714,1344937,36073971770,2,0,75160
m2205,20220218,20220218,133310500,13:33:12,3758,952818,1344877,36077880090,104,-60,3908320
m2205,20220218,20220218,133311000,13:33:13,3758,952915,1344850,36081525350,97,-27,3645260
m2205,20220218,20220218,133311500,13:33:14,3758,952952,1344880,36082915810,37,30,1390460
m2205,20220218,20220218,133312000,13:33:14,3758,952954,1344880,36082990970,2,0,75160
m2205,20220218,20220218,133313500,13:33:15,3758,952958,1344878,36083141300,4,-2,150330
m2205,20220218,20220218,133314000,13:33:17,3758,952958,1344878,36083141300,0,0,0
m2205,20220218,20220218,133314500,13:33:17,3758,952959,1344877,36083178880,1,-1,37580
m2205,20220218,20220218,133315000,13:33:18,3759,952964,1344877,36083366790,5,0,187910
m2205,20220218,20220218,133315500,13:33:18,3758,952968,1344877,36083517120,4,0,150330
m2205,20220218,20220218,133317000,13:33:18,3758,953052,1344902,36086673950,84,25,3156830
m2205,20220218,20220218,133317500,13:33:19,3759,954383,1344863,36136706240,1331,-39,50032290
m2205,20220218,20220218,133318000,13:33:19,3759,954404,1344874,36137495640,21,11,789400
m2205,20220218,20220218,133318500,13:33:19,3760,954408,1344874,36137646040,4,0,150400
m2205,20220218,20220218,133319000,13:33:20,3760,954416,1344868,36137946820,8,-6,300780
m2205,20220218,20220218,133319500,13:33:20,3760,954416,1344868,36137946820,0,0,0
m2205,20220218,20220218,133320000,13:33:21,3759,954420,1344866,36138097210,4,-2,150390
m2205,20220218,20220218,133320500,13:33:22,3760,954422,1344865,36138172400,2,-1,75190
m2205,20220218,20220218,133321000,13:33:22,3760,954423,1344865,36138210000,1,0,37600
m2205,20220218,20220218,133321500,13:33:22,3760,954433,1344865,36138585990,10,0,375990
m2205,20220218,20220218,133322000,13:33:22,3760,954434,1344865,36138623590,1,0,37600
m2205,20220218,20220218,133322500,13:33:22,3760,954455,1344865,36139413190,21,0,789600
m2205,20220218,20220218,133323000,13:33:23,3760,954473,1344850,36140089990,18,-15,676800
m2205,20220218,20220218,133323500,13:33:24,3760,954484,1344850,36140503490,11,0,413500
m2205,20220218,20220218,133324000,13:33:24,3759,954489,1344846,36140691460,5,-4,187970
m2205,20220218,20220218,133324500,13:33:25,3760,954493,1344846,36140841860,4,0,150400
m2205,20220218,20220218,133325000,13:33:26,3760,954517,1344854,36141744230,24,8,902370
m2205,20220218,20220218,133325500,13:33:26,3759,954950,1344920,36158020700,433,66,16276470
m2205,20220218,20220218,133326000,13:33:28,3760,955028,1344947,36160952940,78,27,2932240
m2205,20220218,20220218,133326500,13:33:29,3759,955104,1344876,36163809970,76,-71,2857030
m2205,20220218,20220218,133327000,13:33:29,3759,955110,1344882,36164035510,6,6,225540
m2205,20220218,20220218,133327500,13:33:30,3760,955111,1344881,36164073110,1,-1,37600
m2205,20220218,20220218,133328500,13:33:30,3760,955112,1344881,36164110710,1,0,37600
m2205,20220218,20220218,133329000,13:33:30,3760,955124,1344880,36164561800,12,-1,451090
m2205,20220218,20220218,133329500,13:33:30,3759,955125,1344880,36164599390,1,0,37590
m2205,20220218,20220218,133330000,13:33:30,3760,955126,1344880,36164636990,1,0,37600
m2205,20220218,20220218,133330500,13:33:31,3760,955127,1344879,36164674590,1,-1,37600
m2205,20220218,20220218,133331000,13:33:32,3759,955128,1344880,36164712180,1,1,37590
m2205,20220218,20220218,133331500,13:33:32,3759,955128,1344880,36164712180,0,0,0
m2205,20220218,20220218,133332000,13:33:32,3760,955133,1344883,36164900160,5,3,187980
m2205,20220218,20220218,133332500,13:33:33,3760,955134,1344884,36164937760,1,1,37600
m2205,20220218,20220218,133333000,13:33:33,3760,955136,1344885,36165012960,2,1,75200
m2205,20220218,20220218,133333500,13:33:33,3759,955137,1344886,36165050550,1,1,37590
m2205,20220218,20220218,133334000,13:33:34,3760,955141,1344886,36165200940,4,0,150390
m2205,20220218,20220218,133334500,13:33:34,3759,955143,1344887,36165276130,2,1,75190
m2205,20220218,20220218,133335000,13:33:35,3759,955143,1344887,36165276130,0,0,0
m2205,20220218,20220218,133335500,13:33:35,3759,955253,1344973,36169411040,110,86,4134910
m2205,20220218,20220218,133336000,13:33:36,3759,955274,1344969,36170200430,21,-4,789390
m2205,20220218,20220218,133336500,13:33:36,3759,955280,1344972,36170425990,6,3,225560
m2205,20220218,20220218,133337000,13:33:37,3759,955280,1344972,36170425990,0,0,0
m2205,20220218,20220218,133337500,13:33:37,3759,955287,1344971,36170689110,7,-1,263120
m2205,20220218,20220218,133338000,13:33:38,3758,955290,1344970,36170801870,3,-1,112760
m2205,20220218,20220218,133338500,13:33:39,3759,955291,1344969,36170839460,1,-1,37590
m2205,20220218,20220218,133339000,13:33:39,3759,955291,1344969,36170839460,0,0,0
m2205,20220218,20220218,133339500,13:33:40,3759,955292,1344969,36170877050,1,0,37590
m2205,20220218,20220218,133340000,13:33:40,3759,955292,1344969,36170877050,0,0,0
m2205,20220218,20220218,133340500,13:33:41,3759,955300,1344969,36171177770,8,0,300720
m2205,20220218,20220218,133341000,13:33:41,3759,955300,1344969,36171177770,0,0,0
m2205,20220218,20220218,133341500,13:33:42,3759,955300,1344969,36171177770,0,0,0
m2205,20220218,20220218,133342000,13:33:42,3758,955316,1344959,36171779110,16,-10,601340
m2205,20220218,20220218,133342500,13:33:42,3758,955316,1344959,36171779110,0,0,0
m2205,20220218,20220218,133343000,13:33:43,3759,955317,1344958,36171816700,1,-1,37590
m2205,20220218,20220218,133343500,13:33:44,3759,955317,1344958,36171816700,0,0,0
m2205,20220218,20220218,133344000,13:33:45,3759,955320,1344955,36171929470,3,-3,112770
m2205,20220218,20220218,133344500,13:33:45,3759,955323,1344953,36172042230,3,-2,112760
m2205,20220218,20220218,133345000,13:33:45,3759,955325,1344953,36172117410,2,0,75180
m2205,20220218,20220218,133345500,13:33:46,3758,955326,1344952,36172154990,1,-1,37580
m2205,20220218,20220218,133346000,13:33:47,3759,955327,1344952,36172192580,1,0,37590
m2205,20220218,20220218,133346500,13:33:48,3759,955329,1344950,36172267760,2,-2,75180
m2205,20220218,20220218,133347000,13:33:48,3759,955330,1344950,36172305350,1,0,37590
m2205,20220218,20220218,133347500,13:33:49,3759,955331,1344950,36172342940,1,0,37590
m2205,20220218,20220218,133348000,13:33:49,3758,955334,1344948,36172455690,3,-2,112750
m2205,20220218,20220218,133348500,13:33:49,3759,955337,1344948,36172568460,3,0,112770
m2205,20220218,20220218,133349000,13:33:50,3759,955509,1344811,36179033840,172,-137,6465380
m2205,20220218,20220218,133349500,13:33:50,3759,955511,1344811,36179109020,2,0,75180
m2205,20220218,20220218,133350000,13:33:50,3758,955517,1344811,36179334500,6,0,225480
m2205,20220218,20220218,133350500,13:33:50,3759,955520,1344812,36179447270,3,1,112770
m2205,20220218,20220218,133351000,13:33:51,3759,955522,1344811,36179522450,2,-1,75180
m2205,20220218,20220218,133351500,13:33:52,3759,955549,1344809,36180537380,27,-2,1014930
m2205,20220218,20220218,133352000,13:33:52,3759,955551,1344811,36180612560,2,2,75180
m2205,20220218,20220218,133352500,13:33:52,3758,955552,1344811,36180650140,1,0,37580
m2205,20220218,20220218,133353000,13:33:53,3758,955554,1344811,36180725300,2,0,75160
m2205,20220218,20220218,133353500,13:33:53,3758,955554,1344811,36180725300,0,0,0
m2205,20220218,20220218,133354000,13:33:54,3759,955555,1344811,36180762890,1,0,37590
m2205,20220218,20220218,133355000,13:33:56,3758,955556,1344811,36180800470,1,0,37580
m2205,20220218,20220218,133355500,13:33:56,3758,955556,1344811,36180800470,0,0,0
m2205,20220218,20220218,133356000,13:33:56,3758,955673,1344796,36185198470,117,-15,4398000
m2205,20220218,20220218,133356500,13:33:57,3758,955673,1344796,36185198470,0,0,0
m2205,20220218,20220218,133357000,13:33:57,3758,955724,1344745,36187115460,51,-51,1916990
m2205,20220218,20220218,133357500,13:33:58,3758,955727,1344743,36187228200,3,-2,112740
m2205,20220218,20220218,133358000,13:33:58,3758,955729,1344743,36187303370,2,0,75170
m2205,20220218,20220218,133358500,13:33:58,3758,955731,1344743,36187378530,2,0,75160
m2205,20220218,20220218,133359000,13:33:59,3758,955735,1344743,36187528880,4,0,150350
m2205,20220218,20220218,133359500,13:33:59,3758,955741,1344743,36187754360,6,0,225480
m2205,20220218,20220218,133400000,13:34:00,3758,955741,1344743,36187754360,0,0,0
m2205,20220218,20220218,133400500,13:34:00,3759,955759,1344738,36188430960,18,-5,676600
m2205,20220218,20220218,133401000,13:34:01,3759,955759,1344738,36188430960,0,0,0
m2205,20220218,20220218,133401500,13:34:02,3759,955761,1344738,36188506140,2,0,75180
m2205,20220218,20220218,133402000,13:34:04,3759,955763,1344736,36188581320,2,-2,75180
m2205,20220218,20220218,133402500,13:34:10,3759,955793,1344711,36189709020,30,-25,1127700
m2205,20220218,20220218,133403000,13:34:10,3759,955793,1344711,36189709020,0,0,0
m2205,20220218,20220218,133403500,13:34:11,3759,955800,1344710,36189972130,7,-1,263110
m2205,20220218,20220218,133410000,13:34:12,3759,955800,1344710,36189972130,0,0,0
m2205,20220218,20220218,133410500,13:34:12,3759,955800,1344710,36189972130,0,0,0
m2205,20220218,20220218,133411500,13:34:12,3758,955996,1344676,36197339410,196,-34,7367280
m2205,20220218,20220218,133412000,13:34:12,3758,956398,1344901,36212446610,402,225,15107200
m2205,20220218,20220218,133412500,13:34:13,3758,956426,1344897,36213498850,28,-4,1052240
m2205,20220218,20220218,133413000,13:34:13,3759,956429,1344898,36213611600,3,1,112750
m2205,20220218,20220218,133413500,13:34:14,3758,956430,1344898,36213649180,1,0,37580
m2205,20220218,20220218,133414000,13:34:14,3758,956430,1344898,36213649180,0,0,0
