m2207,20220218,20220218,112001000,11:20:09,3749,54196,263503,2047056010,54196,2699,2047056010
m2207,20220218,20220218,112018500,11:20:18,3749,54197,263503,2047093500,1,0,37490
m2207,20220218,20220218,112020000,11:20:20,3749,54197,263503,2047093500,0,0,0
m2207,20220218,20220218,112021000,11:20:21,3749,54197,263503,2047093500,0,0,0
m2207,20220218,20220218,112021500,11:20:21,3749,54197,263503,2047093500,0,0,0
m2207,20220218,20220218,112025000,11:20:25,3749,54197,263503,2047093500,0,0,0
m2207,20220218,20220218,112025500,11:20:25,3748,54207,263513,2047468300,10,10,374800
m2207,20220218,20220218,112026000,11:20:26,3748,54207,263513,2047468300,0,0,0
m2207,20220218,20220218,112026500,11:20:26,3748,54207,263513,2047468300,0,0,0
m2207,20220218,20220218,112027000,11:20:27,3748,54207,263513,2047468300,0,0,0
m2207,20220218,20220218,112027500,11:20:28,3748,54207,263513,2047468300,0,0,0
m2207,20220218,20220218,112028000,11:20:28,3748,54207,263513,2047468300,0,0,0
m2207,20220218,20220218,112028500,11:20:28,3748,54207,263513,2047468300,0,0,0
m2207,20220218,20220218,112029000,11:20:29,3748,54207,263513,2047468300,0,0,0
m2207,20220218,20220218,112029500,11:20:31,3748,54207,263513,2047468300,0,0,0
m2207,20220218,20220218,112030000,11:20:31,3748,54207,263513,2047468300,0,0,0
m2207,20220218,20220218,112030500,11:20:31,3748,54207,263513,2047468300,0,0,0
m2207,20220218,20220218,112031000,11:20:32,3748,54207,263513,2047468300,0,0,0
m2207,20220218,20220218,112031500,11:20:32,3748,54207,263513,2047468300,0,0,0
m2207,20220218,20220218,112032000,11:20:32,3748,54207,263513,2047468300,0,0,0
m2207,20220218,20220218,112032500,11:20:32,3748,54207,263513,2047468300,0,0,0
m2207,20220218,20220218,112033000,11:20:33,3748,54207,263513,2047468300,0,0,0
m2207,20220218,20220218,112033500,11:20:33,3748,54207,263513,2047468300,0,0,0
m2207,20220218,20220218,112034000,11:20:34,3748,54207,263513,2047468300,0,0,0
m2207,20220218,20220218,112034500,11:20:35,3748,54207,263513,2047468300,0,0,0
m2207,20220218,20220218,112035000,11:20:35,3748,54207,263513,2047468300,0,0,0
m2207,20220218,20220218,112035500,11:20:35,3748,54207,263513,2047468300,0,0,0
m2207,20220218,20220218,112036000,11:20:36,3748,54207,263513,2047468300,0,0,0
m2207,20220218,20220218,112036500,11:20:37,3748,54207,263513,2047468300,0,0,0
m2207,20220218,20220218,112037000,11:20:37,3748,54207,263513,2047468300,0,0,0
m2207,20220218,20220218,112037500,11:20:38,3748,54207,263513,2047468300,0,0,0
m2207,20220218,20220218,112038000,11:20:38,3748,54207,263513,2047468300,0,0,0
m2207,20220218,20220218,112038500,11:20:38,3748,54207,263513,2047468300,0,0,0
m2207,20220218,20220218,112039000,11:20:39,3748,54207,263513,2047468300,0,0,0
m2207,20220218,20220218,112039500,11:20:40,3748,54207,263513,2047468300,0,0,0
m2207,20220218,20220218,112040000,11:20:40,3748,54207,263513,2047468300,0,0,0
m2207,20220218,20220218,112040500,11:20:41,3748,54207,263513,2047468300,0,0,0
m2207,20220218,20220218,112041000,11:20:41,3748,54207,263513,2047468300,0,0,0
m2207,20220218,20220218,112041500,11:20:41,3748,54207,263513,2047468300,0,0,0
m2207,20220218,20220218,112042000,11:20:42,3748,54207,263513,2047468300,0,0,0
m2207,20220218,20220218,112042500,11:20:42,3748,54207,263513,2047468300,0,0,0
m2207,20220218,20220218,112043000,11:20:43,3748,54207,263513,2047468300,0,0,0
m2207,20220218,20220218,112043500,11:20:44,3748,54207,263513,2047468300,0,0,0
m2207,20220218,20220218,112044000,11:20:44,3748,54207,263513,2047468300,0,0,0
m2207,20220218,20220218,112044500,11:20:45,3748,54207,263513,2047468300,0,0,0
m2207,20220218,20220218,112045000,11:20:45,3748,54207,263513,2047468300,0,0,0
m2207,20220218,20220218,112045500,11:20:46,3748,54207,263513,2047468300,0,0,0
m2207,20220218,20220218,112046000,11:20:46,3748,54207,263513,2047468300,0,0,0
m2207,20220218,20220218,112046500,11:20:46,3748,54207,263513,2047468300,0,0,0
m2207,20220218,20220218,112047000,11:20:48,3748,54207,263513,2047468300,0,0,0
m2207,20220218,20220218,112047500,11:20:48,3748,54207,263513,2047468300,0,0,0
m2207,20220218,20220218,112048000,11:20:48,3748,54207,263513,2047468300,0,0,0
m2207,20220218,20220218,112048500,11:20:50,3748,54207,263513,2047468300,0,0,0
m2207,20220218,20220218,112049000,11:20:50,3748,54207,263513,2047468300,0,0,0
m2207,20220218,20220218,112049500,11:20:50,3748,54207,263513,2047468300,0,0,0
m2207,20220218,20220218,112050500,11:20:51,3748,54207,263513,2047468300,0,0,0
m2207,20220218,20220218,112051000,11:20:51,3748,54207,263513,2047468300,0,0,0
m2207,20220218,20220218,112051500,11:20:52,3748,54207,263513,2047468300,0,0,0
m2207,20220218,20220218,112052000,11:20:53,3748,54207,263513,2047468300,0,0,0
m2207,20220218,20220218,112052500,11:20:53,3748,54207,263513,2047468300,0,0,0
m2207,20220218,20220218,112053000,11:20:53,3748,54207,263513,2047468300,0,0,0
m2207,20220218,20220218,112053500,11:20:53,3748,54207,263513,2047468300,0,0,0
m2207,20220218,20220218,112054000,11:20:54,3748,54207,263513,2047468300,0,0,0
m2207,20220218,20220218,112054500,11:20:55,3748,54207,263513,2047468300,0,0,0
m2207,20220218,20220218,112055000,11:20:55,3748,54207,263513,2047468300,0,0,0
m2207,20220218,20220218,112055500,11:20:56,3748,54207,263513,2047468300,0,0,0
m2207,20220218,20220218,112056000,11:20:56,3748,54207,263513,2047468300,0,0,0
m2207,20220218,20220218,112056500,11:20:57,3748,54207,263513,2047468300,0,0,0
m2207,20220218,20220218,112057000,11:20:58,3748,54207,263513,2047468300,0,0,0
m2207,20220218,20220218,112057500,11:20:58,3747,54210,263512,2047580710,3,-1,112410
m2207,20220218,20220218,112058000,11:20:59,3747,54230,263514,2048330110,20,2,749400
m2207,20220218,20220218,112058500,11:20:59,3747,54230,263514,2048330110,0,0,0
m2207,20220218,20220218,112059000,11:21:00,3747,54230,263514,2048330110,0,0,0
m2207,20220218,20220218,112059500,11:21:00,3747,54230,263514,2048330110,0,0,0
m2207,20220218,20220218,112100500,11:21:01,3747,54230,263514,2048330110,0,0,0
m2207,20220218,20220218,112101000,11:21:01,3747,54230,263514,2048330110,0,0,0
m2207,20220218,20220218,112102500,11:21:03,3747,54230,263514,2048330110,0,0,0
m2207,20220218,20220218,112103000,11:21:03,3747,54230,263514,2048330110,0,0,0
m2207,20220218,20220218,112105500,11:21:07,3747,54230,263514,2048330110,0,0,0
m2207,20220218,20220218,112106500,11:21:09,3747,54230,263514,2048330110,0,0,0
m2207,20220218,20220218,112108500,11:21:10,3747,54230,263514,2048330110,0,0,0
m2207,20220218,20220218,112111500,11:21:12,3747,54230,263514,2048330110,0,0,0
m2207,20220218,20220218,112117500,11:21:18,3747,54230,263514,2048330110,0,0,0
m2207,20220218,20220218,112118000,11:21:18,3747,54230,263514,2048330110,0,0,0
m2207,20220218,20220218,112118500,11:21:18,3747,54230,263514,2048330110,0,0,0
m2207,20220218,20220218,112119000,11:21:19,3747,54230,263514,2048330110,0,0,0
m2207,20220218,20220218,112119500,11:21:20,3748,54257,263537,2049342070,27,23,1011960
m2207,20220218,20220218,112120000,11:21:20,3749,54310,263538,2051329040,53,1,1986970
m2207,20220218,20220218,112120500,11:21:22,3749,54310,263538,2051329040,0,0,0
m2207,20220218,20220218,112121000,11:21:22,3749,54325,263538,2051891390,15,0,562350
m2207,20220218,20220218,112121500,11:21:22,3749,54325,263538,2051891390,0,0,0
m2207,20220218,20220218,112122000,11:21:22,3749,54325,263538,2051891390,0,0,0
m2207,20220218,20220218,112122500,11:21:22,3749,54325,263538,2051891390,0,0,0
m2207,20220218,20220218,112123000,11:21:23,3749,54325,263538,2051891390,0,0,0
m2207,20220218,20220218,112123500,11:21:24,3749,54325,263538,2051891390,0,0,0
m2207,20220218,20220218,112124000,11:21:24,3749,54325,263538,2051891390,0,0,0
m2207,20220218,20220218,112124500,11:21:25,3749,54325,263538,2051891390,0,0,0
m2207,20220218,20220218,112125000,11:22:28,3749,54325,263538,2051891390,0,0,0
m2207,20220218,20220218,112125500,11:23:32,3749,54325,263538,2051891390,0,0,0
m2207,20220218,20220218,112126000,11:23:33,3749,54325,263538,2051891390,0,0,0
m2207,20220218,20220218,112325500,11:23:33,3749,54325,263538,2051891390,0,0,0
m2207,20220218,20220218,112334500,11:23:34,3752,54815,263624,2070270220,490,86,18378830
m2207,20220218,20220218,112349000,11:23:49,3752,54815,263624,2070270220,0,0,0
m2207,20220218,20220218,112349500,11:23:50,3752,54881,263664,2072746540,66,40,2476320
m2207,20220218,20220218,112350000,11:23:50,3752,54881,263664,2072746540,0,0,0
m2207,20220218,20220218,112350500,11:23:50,3752,54881,263664,2072746540,0,0,0
m2207,20220218,20220218,112352500,11:23:53,3752,54881,263664,2072746540,0,0,0
m2207,20220218,20220218,112355500,11:23:55,3752,54881,263664,2072746540,0,0,0
m2207,20220218,20220218,112356000,11:23:56,3752,54881,263664,2072746540,0,0,0
m2207,20220218,20220218,112356500,11:23:56,3752,54881,263664,2072746540,0,0,0
m2207,20220218,20220218,112357000,11:23:57,3752,54881,263664,2072746540,0,0,0
m2207,20220218,20220218,112357500,11:23:57,3752,54881,263664,2072746540,0,0,0
m2207,20220218,20220218,112358000,11:23:58,3752,54881,263664,2072746540,0,0,0
m2207,20220218,20220218,112358500,11:23:58,3752,54881,263664,2072746540,0,0,0
m2207,20220218,20220218,112359000,11:23:59,3752,54881,263664,2072746540,0,0,0
m2207,20220218,20220218,112359500,11:23:59,3752,54881,263664,2072746540,0,0,0
m2207,20220218,20220218,112400000,11:24:00,3752,54881,263664,2072746540,0,0,0
m2207,20220218,20220218,112400500,11:24:00,3752,54881,263664,2072746540,0,0,0
m2207,20220218,20220218,112403000,11:24:03,3752,54881,263664,2072746540,0,0,0
m2207,20220218,20220218,112403500,11:24:04,3752,54903,263675,2073571980,22,11,825440
m2207,20220218,20220218,112404000,11:24:04,3752,54904,263676,2073609500,1,1,37520
m2207,20220218,20220218,112404500,11:24:04,3752,54904,263676,2073609500,0,0,0
m2207,20220218,20220218,112405000,11:24:05,3752,54904,263676,2073609500,0,0,0
m2207,20220218,20220218,112405500,11:24:05,3751,54910,263671,2073834560,6,-5,225060
m2207,20220218,20220218,112406000,11:24:06,3751,54910,263671,2073834560,0,0,0
m2207,20220218,20220218,112406500,11:24:06,3751,54910,263671,2073834560,0,0,0
m2207,20220218,20220218,112407000,11:24:07,3751,54910,263671,2073834560,0,0,0
m2207,20220218,20220218,112407500,11:24:08,3751,54910,263671,2073834560,0,0,0
m2207,20220218,20220218,112408000,11:24:08,3751,54910,263671,2073834560,0,0,0
m2207,20220218,20220218,112408500,11:24:08,3751,54910,263671,2073834560,0,0,0
m2207,20220218,20220218,112409000,11:24:11,3751,54910,263671,2073834560,0,0,0
m2207,20220218,20220218,112409500,11:24:11,3751,54910,263671,2073834560,0,0,0
m2207,20220218,20220218,112410000,11:24:12,3751,54910,263671,2073834560,0,0,0
m2207,20220218,20220218,112410500,11:24:12,3751,54910,263671,2073834560,0,0,0
m2207,20220218,20220218,112411500,11:24:12,3751,54910,263671,2073834560,0,0,0
m2207,20220218,20220218,112412000,11:24:12,3752,54943,263694,2075072720,33,23,1238160
m2207,20220218,20220218,112412500,11:24:13,3752,54943,263694,2075072720,0,0,0
m2207,20220218,20220218,112414500,11:24:15,3752,54943,263694,2075072720,0,0,0
m2207,20220218,20220218,112415500,11:24:15,3752,54943,263694,2075072720,0,0,0
m2207,20220218,20220218,112416000,11:24:16,3752,54943,263694,2075072720,0,0,0
m2207,20220218,20220218,112416500,11:24:17,3754,55068,263700,2079764860,125,6,4692140
m2207,20220218,20220218,112417000,11:24:17,3754,55082,263707,2080290420,14,7,525560
m2207,20220218,20220218,112417500,11:24:18,3754,55082,263707,2080290420,0,0,0
m2207,20220218,20220218,112418000,11:24:18,3754,55082,263707,2080290420,0,0,0
m2207,20220218,20220218,112418500,11:24:19,3754,55082,263707,2080290420,0,0,0
m2207,20220218,20220218,112419000,11:24:19,3754,55082,263707,2080290420,0,0,0
m2207,20220218,20220218,112419500,11:24:20,3754,55082,263707,2080290420,0,0,0
m2207,20220218,20220218,112420000,11:24:20,3754,55082,263707,2080290420,0,0,0
m2207,20220218,20220218,112420500,11:24:20,3754,55082,263707,2080290420,0,0,0
m2207,20220218,20220218,112421000,11:24:21,3754,55082,263707,2080290420,0,0,0
m2207,20220218,20220218,112421500,11:24:22,3754,55082,263707,2080290420,0,0,0
m2207,20220218,20220218,112422000,11:24:22,3754,55082,263707,2080290420,0,0,0
m2207,20220218,20220218,112422500,11:24:23,3754,55082,263707,2080290420,0,0,0
m2207,20220218,20220218,112423000,11:24:23,3754,55082,263707,2080290420,0,0,0
m2207,20220218,20220218,112423500,11:24:24,3754,55082,263707,2080290420,0,0,0
m2207,20220218,20220218,112424000,11:24:24,3754,55082,263707,2080290420,0,0,0
m2207,20220218,20220218,112424500,11:24:24,3754,55082,263707,2080290420,0,0,0
m2207,20220218,20220218,112425000,11:24:25,3754,55082,263707,2080290420,0,0,0
m2207,20220218,20220218,112425500,11:24:25,3753,55093,263697,2080703250,11,-10,412830
m2207,20220218,20220218,112426000,11:24:26,3753,55093,263697,2080703250,0,0,0
m2207,20220218,20220218,112426500,11:24:26,3753,55093,263697,2080703250,0,0,0
m2207,20220218,20220218,112427000,11:24:27,3753,55093,263697,2080703250,0,0,0
m2207,20220218,20220218,112427500,11:24:28,3753,55093,263697,2080703250,0,0,0
m2207,20220218,20220218,112428000,11:24:28,3753,55093,263697,2080703250,0,0,0
m2207,20220218,20220218,112428500,11:24:28,3753,55093,263697,2080703250,0,0,0
m2207,20220218,20220218,112429000,11:24:29,3753,55093,263697,2080703250,0,0,0
m2207,20220218,20220218,112429500,11:24:29,3753,55093,263697,2080703250,0,0,0
m2207,20220218,20220218,112430000,11:24:30,3753,55093,263697,2080703250,0,0,0
m2207,20220218,20220218,112430500,11:24:30,3753,55093,263697,2080703250,0,0,0
m2207,20220218,20220218,112431000,11:24:31,3753,55093,263697,2080703250,0,0,0
m2207,20220218,20220218,112431500,11:24:31,3753,55093,263697,2080703250,0,0,0
m2207,20220218,20220218,112432000,11:24:32,3753,55093,263697,2080703250,0,0,0
m2207,20220218,20220218,112432500,11:24:32,3753,55093,263697,2080703250,0,0,0
m2207,20220218,20220218,112433000,11:24:33,3753,55093,263697,2080703250,0,0,0
m2207,20220218,20220218,112433500,11:24:33,3753,55093,263697,2080703250,0,0,0
m2207,20220218,20220218,112434000,11:24:34,3753,55093,263697,2080703250,0,0,0
m2207,20220218,20220218,112434500,11:24:34,3753,55093,263697,2080703250,0,0,0
m2207,20220218,20220218,112435000,11:24:35,3753,55093,263697,2080703250,0,0,0
m2207,20220218,20220218,112435500,11:24:35,3753,55093,263697,2080703250,0,0,0
m2207,20220218,20220218,112436000,11:24:36,3753,55093,263697,2080703250,0,0,0
m2207,20220218,20220218,112436500,11:24:36,3753,55093,263697,2080703250,0,0,0
m2207,20220218,20220218,112437000,11:24:37,3753,55093,263697,2080703250,0,0,0
m2207,20220218,20220218,112437500,11:24:39,3753,55093,263697,2080703250,0,0,0
m2207,20220218,20220218,112438000,11:24:39,3753,55093,263697,2080703250,0,0,0
m2207,20220218,20220218,112438500,11:24:40,3753,55093,263697,2080703250,0,0,0
m2207,20220218,20220218,112439000,11:24:40,3753,55093,263697,2080703250,0,0,0
m2207,20220218,20220218,112439500,11:24:40,3753,55093,263697,2080703250,0,0,0
m2207,20220218,20220218,112440000,11:24:40,3753,55093,263697,2080703250,0,0,0
m2207,20220218,20220218,112440500,11:24:40,3753,55093,263697,2080703250,0,0,0
m2207,20220218,20220218,112441000,11:24:41,3753,55093,263697,2080703250,0,0,0
m2207,20220218,20220218,112441500,11:24:41,3753,55093,263697,2080703250,0,0,0
m2207,20220218,20220218,112442000,11:24:42,3753,55093,263697,2080703250,0,0,0
m2207,20220218,20220218,112442500,11:24:42,3753,55093,263697,2080703250,0,0,0
m2207,20220218,20220218,112443500,11:24:43,3753,55093,263697,2080703250,0,0,0
m2207,20220218,20220218,112444000,11:24:44,3753,55093,263697,2080703250,0,0,0
m2207,20220218,20220218,112444500,11:24:44,3753,55093,263697,2080703250,0,0,0
m2207,20220218,20220218,112445000,11:24:45,3753,55093,263697,2080703250,0,0,0
m2207,20220218,20220218,112445500,11:24:45,3753,55093,263697,2080703250,0,0,0
m2207,20220218,20220218,112446000,11:24:46,3753,55093,263697,2080703250,0,0,0
m2207,20220218,20220218,112446500,11:24:46,3753,55093,263697,2080703250,0,0,0
m2207,20220218,20220218,112447000,11:24:47,3753,55093,263697,2080703250,0,0,0
m2207,20220218,20220218,112450500,11:24:50,3753,55093,263697,2080703250,0,0,0
m2207,20220218,20220218,112451000,11:24:51,3753,55093,263697,2080703250,0,0,0
m2207,20220218,20220218,112451500,11:24:52,3753,55093,263697,2080703250,0,0,0
m2207,20220218,20220218,112458000,11:24:58,3753,55093,263697,2080703250,0,0,0
m2207,20220218,20220218,112458500,11:24:58,3754,55094,263696,2080740790,1,-1,37540
m2207,20220218,20220218,112459000,11:24:59,3754,55094,263696,2080740790,0,0,0
m2207,20220218,20220218,112459500,11:24:59,3754,55095,263696,2080778330,1,0,37540
m2207,20220218,20220218,112500000,11:25:00,3754,55095,263696,2080778330,0,0,0
m2207,20220218,20220218,112500500,11:25:01,3754,55095,263696,2080778330,0,0,0
m2207,20220218,20220218,112501000,11:25:02,3755,55099,263694,2080928540,4,-2,150210
m2207,20220218,20220218,112501500,11:25:05,3755,55110,263694,2081341600,11,0,413060
m2207,20220218,20220218,112502000,11:25:05,3755,55110,263694,2081341600,0,0,0
m2207,20220218,20220218,112502500,11:25:06,3755,55110,263694,2081341600,0,0,0
m2207,20220218,20220218,112504500,11:25:06,3755,55110,263694,2081341600,0,0,0
m2207,20220218,20220218,112505500,11:25:06,3753,55219,263707,2085432970,109,13,4091370
m2207,20220218,20220218,112506000,11:25:06,3753,55266,263701,2087196880,47,-6,1763910
m2207,20220218,20220218,112506500,11:25:07,3753,55266,263701,2087196880,0,0,0
m2207,20220218,20220218,112507000,11:25:07,3753,55266,263701,2087196880,0,0,0
m2207,20220218,20220218,112507500,11:25:07,3753,55266,263701,2087196880,0,0,0
m2207,20220218,20220218,112508000,11:25:08,3753,55266,263701,2087196880,0,0,0
m2207,20220218,20220218,112508500,11:25:08,3753,55266,263701,2087196880,0,0,0
m2207,20220218,20220218,112509000,11:25:09,3753,55266,263701,2087196880,0,0,0
m2207,20220218,20220218,112509500,11:25:09,3754,55267,263701,2087234420,1,0,37540
m2207,20220218,20220218,112510000,11:25:10,3754,55267,263701,2087234420,0,0,0
m2207,20220218,20220218,112510500,11:25:10,3754,55267,263701,2087234420,0,0,0
m2207,20220218,20220218,112511000,11:25:11,3754,55267,263701,2087234420,0,0,0
m2207,20220218,20220218,112511500,11:25:11,3754,55267,263701,2087234420,0,0,0
m2207,20220218,20220218,112512000,11:25:12,3754,55267,263701,2087234420,0,0,0
m2207,20220218,20220218,112512500,11:25:12,3754,55267,263701,2087234420,0,0,0
m2207,20220218,20220218,112513000,11:25:13,3752,55402,263784,2092299620,135,83,5065200
m2207,20220218,20220218,112513500,11:25:15,3752,55402,263784,2092299620,0,0,0
m2207,20220218,20220218,112514000,11:25:15,3752,55402,263784,2092299620,0,0,0
m2207,20220218,20220218,112514500,11:25:16,3752,55402,263784,2092299620,0,0,0
m2207,20220218,20220218,112515000,11:25:16,3752,55402,263784,2092299620,0,0,0
m2207,20220218,20220218,112515500,11:25:16,3752,55402,263784,2092299620,0,0,0
m2207,20220218,20220218,112516000,11:25:16,3752,55501,263755,2096014100,99,-29,3714480
m2207,20220218,20220218,112516500,11:25:16,3752,55501,263755,2096014100,0,0,0
m2207,20220218,20220218,112517000,11:25:18,3752,55501,263755,2096014100,0,0,0
m2207,20220218,20220218,112517500,11:25:18,3752,55501,263755,2096014100,0,0,0
m2207,20220218,20220218,112518000,11:25:19,3752,55501,263755,2096014100,0,0,0
m2207,20220218,20220218,112518500,11:25:19,3752,55501,263755,2096014100,0,0,0
m2207,20220218,20220218,112519000,11:25:19,3752,55501,263755,2096014100,0,0,0
m2207,20220218,20220218,112519500,11:25:20,3752,55501,263755,2096014100,0,0,0
m2207,20220218,20220218,112520000,11:25:20,3752,55501,263755,2096014100,0,0,0
m2207,20220218,20220218,112520500,11:25:21,3752,55501,263755,2096014100,0,0,0
m2207,20220218,20220218,112521000,11:25:22,3752,55501,263755,2096014100,0,0,0
m2207,20220218,20220218,112521500,11:25:22,3752,55501,263755,2096014100,0,0,0
m2207,20220218,20220218,112523000,11:25:23,3752,55501,263755,2096014100,0,0,0
m2207,20220218,20220218,112523500,11:25:24,3752,55501,263755,2096014100,0,0,0
m2207,20220218,20220218,112524000,11:25:25,3752,55501,263755,2096014100,0,0,0
m2207,20220218,20220218,112524500,11:25:25,3753,55598,263832,2099654510,97,77,3640410
m2207,20220218,20220218,112525000,11:25:25,3753,55598,263832,2099654510,0,0,0
m2207,20220218,20220218,112525500,11:25:26,3753,55598,263832,2099654510,0,0,0
m2207,20220218,20220218,112526000,11:25:26,3753,55598,263832,2099654510,0,0,0
m2207,20220218,20220218,112526500,11:25:27,3753,55598,263832,2099654510,0,0,0
m2207,20220218,20220218,112527000,11:25:28,3753,55598,263832,2099654510,0,0,0
m2207,20220218,20220218,112527500,11:25:28,3753,55598,263832,2099654510,0,0,0
m2207,20220218,20220218,112528000,11:25:28,3753,55598,263832,2099654510,0,0,0
m2207,20220218,20220218,112528500,11:25:28,3753,55598,263832,2099654510,0,0,0
m2207,20220218,20220218,112529000,11:25:29,3753,55598,263832,2099654510,0,0,0
m2207,20220218,20220218,112529500,11:25:30,3753,55598,263832,2099654510,0,0,0
m2207,20220218,20220218,112530000,11:25:31,3753,55646,263852,2101455950,48,20,1801440
m2207,20220218,20220218,112530500,11:25:31,3753,55646,263852,2101455950,0,0,0
m2207,20220218,20220218,112531000,11:25:31,3753,55646,263852,2101455950,0,0,0
m2207,20220218,20220218,112531500,11:25:32,3753,55646,263852,2101455950,0,0,0
m2207,20220218,20220218,112532000,11:25:32,3753,55646,263852,2101455950,0,0,0
m2207,20220218,20220218,112532500,11:25:33,3753,55646,263852,2101455950,0,0,0
m2207,20220218,20220218,112534000,11:25:34,3753,55646,263852,2101455950,0,0,0
m2207,20220218,20220218,112537000,11:25:38,3753,55646,263852,2101455950,0,0,0
m2207,20220218,20220218,112537500,11:25:38,3753,55671,263862,2102394200,25,10,938250
m2207,20220218,20220218,112538000,11:25:38,3753,55671,263862,2102394200,0,0,0
m2207,20220218,20220218,112538500,11:25:39,3753,55671,263862,2102394200,0,0,0
m2207,20220218,20220218,112539000,11:25:39,3753,55671,263862,2102394200,0,0,0
m2207,20220218,20220218,112541500,11:25:41,3753,55671,263862,2102394200,0,0,0
m2207,20220218,20220218,112543000,11:25:43,3753,55672,263861,2102431730,1,-1,37530
m2207,20220218,20220218,112543500,11:25:43,3753,55672,263861,2102431730,0,0,0
m2207,20220218,20220218,112544000,11:25:44,3753,55672,263861,2102431730,0,0,0
m2207,20220218,20220218,112544500,11:25:44,3753,55672,263861,2102431730,0,0,0
m2207,20220218,20220218,112550000,11:25:50,3753,55672,263861,2102431730,0,0,0
m2207,20220218,20220218,112552000,11:25:52,3753,55672,263861,2102431730,0,0,0
m2207,20220218,20220218,112555500,11:25:57,3753,55682,263853,2102807030,10,-8,375300
m2207,20220218,20220218,112556000,11:25:57,3753,55682,263853,2102807030,0,0,0
m2207,20220218,20220218,112556500,11:25:57,3753,55682,263853,2102807030,0,0,0
m2207,20220218,20220218,112558500,11:25:59,3753,55682,263853,2102807030,0,0,0
m2207,20220218,20220218,112601000,11:26:01,3753,55682,263853,2102807030,0,0,0
m2207,20220218,20220218,112601500,11:26:03,3753,55682,263853,2102807030,0,0,0
m2207,20220218,20220218,112602000,11:26:03,3753,55682,263853,2102807030,0,0,0
m2207,20220218,20220218,112609500,11:26:10,3753,55682,263853,2102807030,0,0,0
m2207,20220218,20220218,112610000,11:26:10,3753,55682,263853,2102807030,0,0,0
m2207,20220218,20220218,112611000,11:26:11,3752,55685,263850,2102919590,3,-3,112560
m2207,20220218,20220218,112614000,11:26:15,3752,55685,263850,2102919590,0,0,0
m2207,20220218,20220218,112614500,11:26:16,3752,55685,263850,2102919590,0,0,0
m2207,20220218,20220218,112615000,11:26:16,3752,55685,263850,2102919590,0,0,0
m2207,20220218,20220218,112616000,11:26:16,3752,55685,263850,2102919590,0,0,0
m2207,20220218,20220218,112616500,11:26:17,3752,55685,263850,2102919590,0,0,0
m2207,20220218,20220218,112619000,11:26:19,3752,55685,263850,2102919590,0,0,0
m2207,20220218,20220218,112619500,11:26:20,3752,55685,263850,2102919590,0,0,0
m2207,20220218,20220218,112621000,11:26:21,3752,55685,263850,2102919590,0,0,0
m2207,20220218,20220218,112621500,11:26:21,3752,55685,263850,2102919590,0,0,0
m2207,20220218,20220218,112624000,11:26:24,3752,55685,263850,2102919590,0,0,0
m2207,20220218,20220218,112626000,11:26:26,3752,55686,263850,2102957110,1,0,37520
m2207,20220218,20220218,112631000,11:26:31,3752,55686,263850,2102957110,0,0,0
m2207,20220218,20220218,112632500,11:26:32,3752,55686,263850,2102957110,0,0,0
m2207,20220218,20220218,112633000,11:26:33,3752,55686,263850,2102957110,0,0,0
m2207,20220218,20220218,112634000,11:26:36,3752,55686,263850,2102957110,0,0,0
m2207,20220218,20220218,112636000,11:26:54,3752,55686,263850,2102957110,0,0,0
m2207,20220218,20220218,112651000,11:27:11,3752,55686,263850,2102957110,0,0,0
m2207,20220218,20220218,112708000,11:27:12,3752,55686,263850,2102957110,0,0,0
m2207,20220218,20220218,112717000,11:27:17,3752,55686,263850,2102957110,0,0,0
m2207,20220218,20220218,112717500,11:27:17,3752,55686,263850,2102957110,0,0,0
m2207,20220218,20220218,112718500,11:27:19,3753,55687,263850,2102994640,1,0,37530
m2207,20220218,20220218,112719000,11:27:19,3753,55687,263850,2102994640,0,0,0
m2207,20220218,20220218,112721000,11:27:21,3753,55687,263850,2102994640,0,0,0
m2207,20220218,20220218,112724000,11:27:27,3753,55687,263850,2102994640,0,0,0
m2207,20220218,20220218,112727000,11:27:27,3753,55708,263839,2103782770,21,-11,788130
m2207,20220218,20220218,112727500,11:27:27,3753,55708,263839,2103782770,0,0,0
m2207,20220218,20220218,112728000,11:27:28,3753,55708,263839,2103782770,0,0,0
m2207,20220218,20220218,112728500,11:27:28,3753,55708,263839,2103782770,0,0,0
m2207,20220218,20220218,112729000,11:27:29,3753,55708,263839,2103782770,0,0,0
m2207,20220218,20220218,112731000,11:27:33,3753,55708,263839,2103782770,0,0,0
m2207,20220218,20220218,112737500,11:27:38,3754,55709,263839,2103820310,1,0,37540
m2207,20220218,20220218,112738000,11:27:39,3754,55709,263839,2103820310,0,0,0
m2207,20220218,20220218,112738500,11:27:39,3754,55709,263839,2103820310,0,0,0
m2207,20220218,20220218,112739000,11:27:39,3754,55709,263839,2103820310,0,0,0
m2207,20220218,20220218,112739500,11:27:39,3754,55709,263839,2103820310,0,0,0
m2207,20220218,20220218,112740000,11:27:40,3754,55709,263839,2103820310,0,0,0
m2207,20220218,20220218,112740500,11:27:40,3754,55709,263839,2103820310,0,0,0
m2207,20220218,20220218,112741000,11:27:41,3754,55709,263839,2103820310,0,0,0
m2207,20220218,20220218,112741500,11:27:42,3754,55709,263839,2103820310,0,0,0
m2207,20220218,20220218,112742000,11:27:42,3754,55709,263839,2103820310,0,0,0
m2207,20220218,20220218,112742500,11:27:43,3754,55709,263839,2103820310,0,0,0
m2207,20220218,20220218,112743000,11:27:43,3754,55709,263839,2103820310,0,0,0
m2207,20220218,20220218,112743500,11:27:43,3754,55709,263839,2103820310,0,0,0
m2207,20220218,20220218,112744000,11:27:44,3754,55709,263839,2103820310,0,0,0
m2207,20220218,20220218,112744500,11:27:45,3754,55709,263839,2103820310,0,0,0
m2207,20220218,20220218,112745000,11:27:46,3754,55709,263839,2103820310,0,0,0
m2207,20220218,20220218,112745500,11:27:46,3754,55709,263839,2103820310,0,0,0
m2207,20220218,20220218,112746000,11:27:46,3754,55709,263839,2103820310,0,0,0
m2207,20220218,20220218,112746500,11:27:47,3754,55709,263839,2103820310,0,0,0
m2207,20220218,20220218,112747000,11:27:47,3754,55709,263839,2103820310,0,0,0
m2207,20220218,20220218,112747500,11:27:48,3754,55709,263839,2103820310,0,0,0
m2207,20220218,20220218,112748000,11:27:53,3754,55709,263839,2103820310,0,0,0
m2207,20220218,20220218,112748500,11:27:54,3754,55709,263839,2103820310,0,0,0
m2207,20220218,20220218,112749000,11:27:54,3754,55709,263839,2103820310,0,0,0
m2207,20220218,20220218,112749500,11:27:54,3754,55709,263839,2103820310,0,0,0
m2207,20220218,20220218,112754000,11:27:54,3754,55709,263839,2103820310,0,0,0
m2207,20220218,20220218,112754500,11:27:55,3754,55709,263839,2103820310,0,0,0
m2207,20220218,20220218,112755000,11:27:55,3754,55709,263839,2103820310,0,0,0
m2207,20220218,20220218,112755500,11:27:55,3754,55709,263839,2103820310,0,0,0
m2207,20220218,20220218,112756000,11:27:56,3755,55759,263865,2105697810,50,26,1877500
m2207,20220218,20220218,112756500,11:27:56,3756,55773,263861,2106223550,14,-4,525740
m2207,20220218,20220218,112757000,11:27:57,3756,55773,263861,2106223550,0,0,0
m2207,20220218,20220218,112757500,11:27:57,3756,55773,263861,2106223550,0,0,0
m2207,20220218,20220218,112758000,11:27:58,3756,55773,263861,2106223550,0,0,0
m2207,20220218,20220218,112758500,11:27:59,3756,55773,263861,2106223550,0,0,0
m2207,20220218,20220218,112759000,11:27:59,3756,55773,263861,2106223550,0,0,0
m2207,20220218,20220218,112759500,11:27:59,3756,55773,263861,2106223550,0,0,0
m2207,20220218,20220218,112800000,11:28:01,3756,55773,263861,2106223550,0,0,0
m2207,20220218,20220218,112800500,11:28:01,3756,55775,263861,2106298670,2,0,75120
m2207,20220218,20220218,112801000,11:28:01,3756,55775,263861,2106298670,0,0,0
m2207,20220218,20220218,112801500,11:28:02,3756,55775,263861,2106298670,0,0,0
m2207,20220218,20220218,112802000,11:28:03,3756,55775,263861,2106298670,0,0,0
m2207,20220218,20220218,112802500,11:28:03,3756,55775,263861,2106298670,0,0,0
m2207,20220218,20220218,112803000,11:28:04,3756,55775,263861,2106298670,0,0,0
m2207,20220218,20220218,112803500,11:28:04,3756,55775,263861,2106298670,0,0,0
m2207,20220218,20220218,112804000,11:28:04,3756,55775,263861,2106298670,0,0,0
m2207,20220218,20220218,112804500,11:28:06,3756,55775,263861,2106298670,0,0,0
m2207,20220218,20220218,112805000,11:28:06,3756,55775,263861,2106298670,0,0,0
m2207,20220218,20220218,112805500,11:28:06,3756,55775,263861,2106298670,0,0,0
m2207,20220218,20220218,112806000,11:28:10,3756,55775,263861,2106298670,0,0,0
m2207,20220218,20220218,112806500,11:28:10,3756,55775,263861,2106298670,0,0,0
m2207,20220218,20220218,112807000,11:28:10,3756,55775,263861,2106298670,0,0,0
m2207,20220218,20220218,112809500,11:28:11,3756,55775,263861,2106298670,0,0,0
m2207,20220218,20220218,112810500,11:28:12,3756,55775,263861,2106298670,0,0,0
m2207,20220218,20220218,112812500,11:28:13,3756,55775,263861,2106298670,0,0,0
m2207,20220218,20220218,112813000,11:28:13,3756,55775,263861,2106298670,0,0,0
m2207,20220218,20220218,112813500,11:28:14,3756,55775,263861,2106298670,0,0,0
m2207,20220218,20220218,112814000,11:28:14,3756,55775,263861,2106298670,0,0,0
m2207,20220218,20220218,112814500,11:28:14,3756,55775,263861,2106298670,0,0,0
m2207,20220218,20220218,112815000,11:28:15,3756,55775,263861,2106298670,0,0,0
m2207,20220218,20220218,112819500,11:28:19,3756,55775,263861,2106298670,0,0,0
m2207,20220218,20220218,112823000,11:28:23,3756,55775,263861,2106298670,0,0,0
m2207,20220218,20220218,112823500,11:28:24,3756,55775,263861,2106298670,0,0,0
m2207,20220218,20220218,112824500,11:28:25,3756,55775,263861,2106298670,0,0,0
m2207,20220218,20220218,112827000,11:28:27,3756,55775,263861,2106298670,0,0,0
m2207,20220218,20220218,112830500,11:28:31,3756,55775,263861,2106298670,0,0,0
m2207,20220218,20220218,112831000,11:28:31,3756,55775,263861,2106298670,0,0,0
m2207,20220218,20220218,112831500,11:28:32,3756,55775,263861,2106298670,0,0,0
m2207,20220218,20220218,112833000,11:28:33,3754,55788,263854,2106786570,13,-7,487900
m2207,20220218,20220218,112833500,11:28:34,3754,55791,263854,2106899190,3,0,112620
m2207,20220218,20220218,112834000,11:28:34,3754,55791,263854,2106899190,0,0,0
m2207,20220218,20220218,112834500,11:28:34,3754,55791,263854,2106899190,0,0,0
m2207,20220218,20220218,112837000,11:28:37,3754,55791,263854,2106899190,0,0,0
m2207,20220218,20220218,112848500,11:28:48,3754,55791,263854,2106899190,0,0,0
m2207,20220218,20220218,112849000,11:28:49,3754,55795,263854,2107049350,4,0,150160
m2207,20220218,20220218,112849500,11:28:50,3754,55795,263854,2107049350,0,0,0
m2207,20220218,20220218,112850000,11:28:50,3754,55795,263854,2107049350,0,0,0
m2207,20220218,20220218,112850500,11:28:51,3754,55795,263854,2107049350,0,0,0
m2207,20220218,20220218,112851000,11:28:51,3754,55795,263854,2107049350,0,0,0
m2207,20220218,20220218,112851500,11:28:52,3754,55795,263854,2107049350,0,0,0
m2207,20220218,20220218,112852000,11:28:53,3754,55795,263854,2107049350,0,0,0
m2207,20220218,20220218,112852500,11:28:54,3754,55795,263854,2107049350,0,0,0
m2207,20220218,20220218,112853000,11:28:54,3754,55795,263854,2107049350,0,0,0
m2207,20220218,20220218,112853500,11:28:54,3754,55795,263854,2107049350,0,0,0
m2207,20220218,20220218,112854000,11:28:54,3754,55795,263854,2107049350,0,0,0
m2207,20220218,20220218,112854500,11:28:54,3754,55795,263854,2107049350,0,0,0
m2207,20220218,20220218,112855000,11:28:55,3754,55795,263854,2107049350,0,0,0
m2207,20220218,20220218,112855500,11:28:56,3754,55795,263854,2107049350,0,0,0
m2207,20220218,20220218,112856000,11:28:56,3754,55795,263854,2107049350,0,0,0
m2207,20220218,20220218,112856500,11:28:56,3754,55795,263854,2107049350,0,0,0
m2207,20220218,20220218,112857000,11:28:57,3753,55827,263861,2108250310,32,7,1200960
m2207,20220218,20220218,112857500,11:28:58,3753,55827,263861,2108250310,0,0,0
m2207,20220218,20220218,112858500,11:28:59,3753,55827,263861,2108250310,0,0,0
m2207,20220218,20220218,112859000,11:28:59,3753,55838,263850,2108663140,11,-11,412830
m2207,20220218,20220218,112859500,11:29:00,3753,55838,263850,2108663140,0,0,0
m2207,20220218,20220218,112900000,11:29:00,3753,55838,263850,2108663140,0,0,0
m2207,20220218,20220218,112900500,11:29:01,3753,55838,263850,2108663140,0,0,0
m2207,20220218,20220218,112901000,11:29:01,3753,55838,263850,2108663140,0,0,0
m2207,20220218,20220218,112901500,11:29:02,3753,55838,263850,2108663140,0,0,0
m2207,20220218,20220218,112902000,11:29:02,3753,55838,263850,2108663140,0,0,0
m2207,20220218,20220218,112902500,11:29:03,3753,55838,263850,2108663140,0,0,0
m2207,20220218,20220218,112903000,11:29:03,3753,55838,263850,2108663140,0,0,0
m2207,20220218,20220218,112903500,11:29:04,3753,55838,263850,2108663140,0,0,0
m2207,20220218,20220218,112904000,11:29:04,3753,55838,263850,2108663140,0,0,0
m2207,20220218,20220218,112904500,11:29:04,3753,55838,263850,2108663140,0,0,0
m2207,20220218,20220218,112905000,11:29:05,3753,55838,263850,2108663140,0,0,0
m2207,20220218,20220218,112905500,11:29:06,3753,55838,263850,2108663140,0,0,0
m2207,20220218,20220218,112906000,11:29:06,3753,55838,263850,2108663140,0,0,0
m2207,20220218,20220218,112906500,11:29:06,3754,55839,263850,2108700680,1,0,37540
m2207,20220218,20220218,112907000,11:29:08,3754,55839,263850,2108700680,0,0,0
m2207,20220218,20220218,112907500,11:29:08,3754,55840,263850,2108738220,1,0,37540
m2207,20220218,20220218,112908000,11:29:08,3754,55840,263850,2108738220,0,0,0
m2207,20220218,20220218,112908500,11:29:08,3754,55840,263850,2108738220,0,0,0
m2207,20220218,20220218,112911500,11:29:12,3754,55840,263850,2108738220,0,0,0
m2207,20220218,20220218,112913500,11:29:14,3754,55840,263850,2108738220,0,0,0
m2207,20220218,20220218,112915500,11:29:16,3754,55840,263850,2108738220,0,0,0
m2207,20220218,20220218,112916500,11:29:20,3754,55840,263850,2108738220,0,0,0
m2207,20220218,20220218,112917000,11:29:20,3754,55840,263850,2108738220,0,0,0
m2207,20220218,20220218,112917500,11:29:21,3754,55840,263850,2108738220,0,0,0
m2207,20220218,20220218,112918000,11:29:21,3754,55840,263850,2108738220,0,0,0
m2207,20220218,20220218,112920500,11:29:21,3754,55840,263850,2108738220,0,0,0
m2207,20220218,20220218,112921000,11:29:22,3754,55840,263850,2108738220,0,0,0
m2207,20220218,20220218,112921500,11:29:24,3754,55840,263850,2108738220,0,0,0
m2207,20220218,20220218,112922000,11:29:24,3754,55840,263850,2108738220,0,0,0
m2207,20220218,20220218,112922500,11:29:24,3754,55840,263850,2108738220,0,0,0
m2207,20220218,20220218,112923000,11:29:24,3754,55840,263850,2108738220,0,0,0
m2207,20220218,20220218,112924000,11:29:24,3754,55840,263850,2108738220,0,0,0
m2207,20220218,20220218,112924500,11:29:25,3754,55840,263850,2108738220,0,0,0
m2207,20220218,20220218,112925000,11:29:25,3754,55840,263850,2108738220,0,0,0
m2207,20220218,20220218,112925500,11:29:26,3754,55840,263850,2108738220,0,0,0
m2207,20220218,20220218,112926000,11:29:26,3754,55840,263850,2108738220,0,0,0
m2207,20220218,20220218,112926500,11:29:26,3754,55840,263850,2108738220,0,0,0
m2207,20220218,20220218,112927000,11:29:27,3754,55840,263850,2108738220,0,0,0
m2207,20220218,20220218,112927500,11:29:27,3754,55840,263850,2108738220,0,0,0
m2207,20220218,20220218,112928000,11:29:28,3754,55840,263850,2108738220,0,0,0
m2207,20220218,20220218,112928500,11:29:29,3754,55840,263850,2108738220,0,0,0
m2207,20220218,20220218,112931500,11:29:32,3754,55840,263850,2108738220,0,0,0
m2207,20220218,20220218,112932000,11:29:32,3754,55854,263846,2109263780,14,-4,525560
m2207,20220218,20220218,112932500,11:29:37,3754,55854,263846,2109263780,0,0,0
m2207,20220218,20220218,112936000,11:29:38,3753,55861,263851,2109526490,7,5,262710
m2207,20220218,20220218,112939000,11:29:39,3753,55861,263851,2109526490,0,0,0
m2207,20220218,20220218,112942000,11:29:44,3753,55861,263851,2109526490,0,0,0
m2207,20220218,20220218,112942500,11:29:44,3753,55861,263851,2109526490,0,0,0
m2207,20220218,20220218,112943000,11:29:45,3753,55861,263851,2109526490,0,0,0
m2207,20220218,20220218,112943500,11:29:45,3753,55861,263851,2109526490,0,0,0
m2207,20220218,20220218,112944500,11:29:45,3753,55861,263851,2109526490,0,0,0
m2207,20220218,20220218,112945000,11:29:46,3753,55861,263851,2109526490,0,0,0
m2207,20220218,20220218,112945500,11:29:46,3753,55861,263851,2109526490,0,0,0
m2207,20220218,20220218,112946000,11:29:47,3753,55861,263851,2109526490,0,0,0
m2207,20220218,20220218,112946500,11:29:47,3753,55861,263851,2109526490,0,0,0
m2207,20220218,20220218,112947000,11:29:47,3753,55861,263851,2109526490,0,0,0
m2207,20220218,20220218,112947500,11:29:48,3753,55861,263851,2109526490,0,0,0
m2207,20220218,20220218,112948000,11:29:49,3753,55861,263851,2109526490,0,0,0
m2207,20220218,20220218,112948500,11:29:50,3753,55861,263851,2109526490,0,0,0
m2207,20220218,20220218,112949000,11:29:50,3753,55861,263851,2109526490,0,0,0
m2207,20220218,20220218,112949500,11:29:50,3753,55861,263851,2109526490,0,0,0
m2207,20220218,20220218,112950000,11:29:51,3753,55861,263851,2109526490,0,0,0
m2207,20220218,20220218,112950500,11:29:52,3753,55861,263851,2109526490,0,0,0
m2207,20220218,20220218,112953000,11:29:54,3753,55861,263851,2109526490,0,0,0
m2207,20220218,20220218,112953500,11:29:54,3753,55861,263851,2109526490,0,0,0
m2207,20220218,20220218,112955500,11:29:56,3753,55861,263851,2109526490,0,0,0
m2207,20220218,20220218,112956000,11:30:00,3753,55861,263851,2109526490,0,0,0
m2207,20220218,20220218,112959500,11:30:02,3753,55861,263851,2109526490,0,0,0
m2207,20220218,20220218,113001000,11:30:03,3753,55861,263851,2109526490,0,0,0
m2207,20220218,20220218,113001500,11:30:03,3753,55861,263851,2109526490,0,0,0
m2207,20220218,20220218,133001500,13:30:02,3750,55876,263864,2110089070,15,13,562580
m2207,20220218,20220218,133002000,13:30:08,3749,55880,263864,2110239020,4,0,149950
m2207,20220218,20220218,133002500,13:30:10,3747,55897,263861,2110875880,17,-3,636860
m2207,20220218,20220218,133008000,13:30:10,3747,55897,263861,2110875880,0,0,0
m2207,20220218,20220218,133009500,13:30:10,3746,55986,263890,2114210020,89,29,3334140
m2207,20220218,20220218,133010000,13:30:11,3746,55987,263890,2114247480,1,0,37460
m2207,20220218,20220218,133010500,13:30:12,3746,55987,263890,2114247480,0,0,0
m2207,20220218,20220218,133011000,13:30:13,3746,55987,263890,2114247480,0,0,0
m2207,20220218,20220218,133012500,13:30:13,3746,55987,263890,2114247480,0,0,0
m2207,20220218,20220218,133013000,13:30:14,3746,55987,263890,2114247480,0,0,0
m2207,20220218,20220218,133013500,13:30:14,3746,55987,263890,2114247480,0,0,0
m2207,20220218,20220218,133014000,13:30:16,3746,55987,263890,2114247480,0,0,0
m2207,20220218,20220218,133014500,13:30:17,3746,55987,263890,2114247480,0,0,0
m2207,20220218,20220218,133016500,13:30:18,3744,55992,263889,2114434700,5,-1,187220
m2207,20220218,20220218,133017000,13:30:18,3744,55992,263889,2114434700,0,0,0
m2207,20220218,20220218,133017500,13:30:19,3744,56003,263878,2114846540,11,-11,411840
m2207,20220218,20220218,133018000,13:30:19,3744,56003,263878,2114846540,0,0,0
m2207,20220218,20220218,133018500,13:30:20,3743,56007,263878,2114996260,4,0,149720
m2207,20220218,20220218,133019000,13:30:20,3743,56007,263878,2114996260,0,0,0
m2207,20220218,20220218,133019500,13:30:21,3743,56007,263878,2114996260,0,0,0
m2207,20220218,20220218,133020000,13:30:21,3743,56007,263878,2114996260,0,0,0
m2207,20220218,20220218,133020500,13:30:21,3743,56007,263878,2114996260,0,0,0
m2207,20220218,20220218,133021000,13:30:21,3743,56007,263878,2114996260,0,0,0
m2207,20220218,20220218,133021500,13:30:22,3743,56007,263878,2114996260,0,0,0
m2207,20220218,20220218,133022000,13:30:38,3743,56007,263878,2114996260,0,0,0
m2207,20220218,20220218,133022500,13:30:38,3743,56007,263878,2114996260,0,0,0
m2207,20220218,20220218,133038000,13:30:40,3743,56007,263878,2114996260,0,0,0
m2207,20220218,20220218,133038500,13:30:42,3743,56007,263878,2114996260,0,0,0
m2207,20220218,20220218,133040500,13:30:43,3743,56007,263878,2114996260,0,0,0
m2207,20220218,20220218,133041000,13:30:43,3743,56007,263878,2114996260,0,0,0
m2207,20220218,20220218,133043000,13:30:44,3743,56007,263878,2114996260,0,0,0
m2207,20220218,20220218,133044000,13:30:46,3743,56007,263878,2114996260,0,0,0
m2207,20220218,20220218,133044500,13:30:46,3743,56007,263878,2114996260,0,0,0
m2207,20220218,20220218,133045000,13:30:46,3743,56007,263878,2114996260,0,0,0
m2207,20220218,20220218,133045500,13:30:46,3743,56007,263878,2114996260,0,0,0
m2207,20220218,20220218,133046000,13:30:47,3743,56007,263878,2114996260,0,0,0
m2207,20220218,20220218,133046500,13:30:47,3743,56007,263878,2114996260,0,0,0
m2207,20220218,20220218,133047000,13:30:48,3743,56007,263878,2114996260,0,0,0
m2207,20220218,20220218,133047500,13:30:48,3743,56007,263878,2114996260,0,0,0
m2207,20220218,20220218,133048000,13:30:48,3743,56007,263878,2114996260,0,0,0
m2207,20220218,20220218,133048500,13:30:49,3743,56007,263878,2114996260,0,0,0
m2207,20220218,20220218,133049000,13:30:50,3743,56007,263878,2114996260,0,0,0
m2207,20220218,20220218,133049500,13:30:50,3743,56007,263878,2114996260,0,0,0
m2207,20220218,20220218,133050000,13:30:51,3743,56007,263878,2114996260,0,0,0
m2207,20220218,20220218,133050500,13:30:52,3743,56007,263878,2114996260,0,0,0
m2207,20220218,20220218,133051000,13:30:52,3743,56007,263878,2114996260,0,0,0
m2207,20220218,20220218,133051500,13:30:52,3743,56007,263878,2114996260,0,0,0
m2207,20220218,20220218,133052000,13:30:53,3743,56007,263878,2114996260,0,0,0
m2207,20220218,20220218,133052500,13:30:54,3743,56007,263878,2114996260,0,0,0
m2207,20220218,20220218,133053000,13:30:54,3743,56007,263878,2114996260,0,0,0
m2207,20220218,20220218,133053500,13:30:54,3743,56007,263878,2114996260,0,0,0
m2207,20220218,20220218,133054000,13:30:55,3743,56007,263878,2114996260,0,0,0
m2207,20220218,20220218,133054500,13:30:55,3743,56007,263878,2114996260,0,0,0
m2207,20220218,20220218,133055000,13:30:56,3743,56007,263878,2114996260,0,0,0
m2207,20220218,20220218,133055500,13:30:56,3743,56007,263878,2114996260,0,0,0
m2207,20220218,20220218,133056000,13:30:57,3743,56007,263878,2114996260,0,0,0
m2207,20220218,20220218,133056500,13:30:57,3743,56007,263878,2114996260,0,0,0
m2207,20220218,20220218,133057000,13:30:58,3743,56007,263878,2114996260,0,0,0
m2207,20220218,20220218,133057500,13:30:58,3744,56028,263874,2115782560,21,-4,786300
m2207,20220218,20220218,133058000,13:30:58,3744,56028,263874,2115782560,0,0,0
m2207,20220218,20220218,133058500,13:30:59,3744,56029,263874,2115820000,1,0,37440
m2207,20220218,20220218,133059000,13:30:59,3744,56029,263874,2115820000,0,0,0
m2207,20220218,20220218,133059500,13:31:00,3743,56032,263873,2115932290,3,-1,112290
m2207,20220218,20220218,133100000,13:31:00,3743,56032,263873,2115932290,0,0,0
m2207,20220218,20220218,133100500,13:31:01,3743,56032,263873,2115932290,0,0,0
m2207,20220218,20220218,133101000,13:31:01,3743,56032,263873,2115932290,0,0,0
m2207,20220218,20220218,133101500,13:31:01,3743,56032,263873,2115932290,0,0,0
m2207,20220218,20220218,133102000,13:31:02,3743,56032,263873,2115932290,0,0,0
m2207,20220218,20220218,133102500,13:31:03,3743,56032,263873,2115932290,0,0,0
m2207,20220218,20220218,133103000,13:31:03,3743,56032,263873,2115932290,0,0,0
m2207,20220218,20220218,133103500,13:31:05,3742,56047,263861,2116493590,15,-12,561300
m2207,20220218,20220218,133104000,13:31:06,3742,56047,263861,2116493590,0,0,0
m2207,20220218,20220218,133104500,13:31:07,3742,56047,263861,2116493590,0,0,0
m2207,20220218,20220218,133105500,13:31:08,3743,56059,263862,2116942750,12,1,449160
m2207,20220218,20220218,133107000,13:31:09,3743,56059,263862,2116942750,0,0,0
m2207,20220218,20220218,133107500,13:31:09,3743,56059,263862,2116942750,0,0,0
m2207,20220218,20220218,133108500,13:31:09,3743,56059,263862,2116942750,0,0,0
m2207,20220218,20220218,133109000,13:31:10,3743,56059,263862,2116942750,0,0,0
m2207,20220218,20220218,133111000,13:31:12,3743,56059,263862,2116942750,0,0,0
m2207,20220218,20220218,133111500,13:31:12,3743,56065,263860,2117167330,6,-2,224580
m2207,20220218,20220218,133112000,13:31:13,3743,56065,263860,2117167330,0,0,0
m2207,20220218,20220218,133112500,13:31:13,3743,56065,263860,2117167330,0,0,0
m2207,20220218,20220218,133113000,13:31:14,3743,56065,263860,2117167330,0,0,0
m2207,20220218,20220218,133114500,13:31:15,3743,56065,263860,2117167330,0,0,0
m2207,20220218,20220218,133115500,13:31:16,3743,56065,263860,2117167330,0,0,0
m2207,20220218,20220218,133116000,13:31:16,3743,56065,263860,2117167330,0,0,0
m2207,20220218,20220218,133116500,13:31:17,3743,56065,263860,2117167330,0,0,0
m2207,20220218,20220218,133117000,13:31:18,3743,56065,263860,2117167330,0,0,0
m2207,20220218,20220218,133117500,13:31:18,3744,56067,263860,2117242210,2,0,74880
m2207,20220218,20220218,133118000,13:31:19,3744,56089,263860,2118065890,22,0,823680
m2207,20220218,20220218,133118500,13:31:19,3744,56089,263860,2118065890,0,0,0
m2207,20220218,20220218,133119000,13:31:20,3744,56089,263860,2118065890,0,0,0
m2207,20220218,20220218,133119500,13:31:20,3744,56089,263860,2118065890,0,0,0
m2207,20220218,20220218,133120000,13:31:20,3744,56089,263860,2118065890,0,0,0
m2207,20220218,20220218,133120500,13:31:21,3744,56089,263860,2118065890,0,0,0
m2207,20220218,20220218,133121000,13:31:21,3744,56089,263860,2118065890,0,0,0
m2207,20220218,20220218,133121500,13:31:22,3744,56089,263860,2118065890,0,0,0
m2207,20220218,20220218,133122000,13:31:23,3744,56089,263860,2118065890,0,0,0
m2207,20220218,20220218,133122500,13:31:23,3744,56089,263860,2118065890,0,0,0
m2207,20220218,20220218,133123000,13:31:25,3744,56089,263860,2118065890,0,0,0
m2207,20220218,20220218,133123500,13:31:25,3744,56089,263860,2118065890,0,0,0
m2207,20220218,20220218,133124500,13:31:25,3744,56089,263860,2118065890,0,0,0
m2207,20220218,20220218,133157500,13:31:57,3744,56089,263860,2118065890,0,0,0
m2207,20220218,20220218,133158500,13:31:58,3744,56089,263860,2118065890,0,0,0
m2207,20220218,20220218,133159000,13:31:59,3744,56089,263860,2118065890,0,0,0
m2207,20220218,20220218,133159500,13:32:00,3744,56089,263860,2118065890,0,0,0
m2207,20220218,20220218,133200500,13:32:01,3744,56089,263860,2118065890,0,0,0
m2207,20220218,20220218,133201000,13:32:01,3744,56325,263864,2126902130,236,4,8836240
m2207,20220218,20220218,133201500,13:32:01,3744,56325,263864,2126902130,0,0,0
m2207,20220218,20220218,133202000,13:32:03,3744,56325,263864,2126902130,0,0,0
m2207,20220218,20220218,133205000,13:32:06,3744,56325,263864,2126902130,0,0,0
m2207,20220218,20220218,133205500,13:32:06,3744,56325,263864,2126902130,0,0,0
m2207,20220218,20220218,133206000,13:32:07,3744,56325,263864,2126902130,0,0,0
m2207,20220218,20220218,133206500,13:32:07,3744,56325,263864,2126902130,0,0,0
m2207,20220218,20220218,133207000,13:32:07,3744,56325,263864,2126902130,0,0,0
m2207,20220218,20220218,133207500,13:32:07,3744,56325,263864,2126902130,0,0,0
m2207,20220218,20220218,133208000,13:32:09,3744,56325,263864,2126902130,0,0,0
m2207,20220218,20220218,133208500,13:32:10,3744,56325,263864,2126902130,0,0,0
m2207,20220218,20220218,133209000,13:32:10,3743,56344,263853,2127613360,19,-11,711230
m2207,20220218,20220218,133209500,13:32:10,3743,56348,263853,2127763080,4,0,149720
m2207,20220218,20220218,133210000,13:32:13,3743,56348,263853,2127763080,0,0,0
m2207,20220218,20220218,133210500,13:32:13,3743,56348,263853,2127763080,0,0,0
m2207,20220218,20220218,133211000,13:32:14,3743,56348,263853,2127763080,0,0,0
m2207,20220218,20220218,133213000,13:32:15,3741,56351,263853,2127875330,3,0,112250
m2207,20220218,20220218,133214000,13:32:15,3744,56495,263919,2133265830,144,66,5390500
m2207,20220218,20220218,133215000,13:32:16,3744,56530,263894,2134576230,35,-25,1310400
m2207,20220218,20220218,133215500,13:32:16,3744,56530,263894,2134576230,0,0,0
m2207,20220218,20220218,133216000,13:32:17,3744,56530,263894,2134576230,0,0,0
m2207,20220218,20220218,133216500,13:32:17,3744,56530,263894,2134576230,0,0,0
m2207,20220218,20220218,133217000,13:32:18,3744,56530,263894,2134576230,0,0,0
m2207,20220218,20220218,133217500,13:32:18,3744,56530,263894,2134576230,0,0,0
m2207,20220218,20220218,133218000,13:32:18,3744,56530,263894,2134576230,0,0,0
m2207,20220218,20220218,133218500,13:32:19,3743,56571,263856,2136110860,41,-38,1534630
m2207,20220218,20220218,133219000,13:32:20,3743,56572,263855,2136148290,1,-1,37430
m2207,20220218,20220218,133219500,13:32:20,3743,56572,263855,2136148290,0,0,0
m2207,20220218,20220218,133220000,13:32:21,3743,56572,263855,2136148290,0,0,0
m2207,20220218,20220218,133220500,13:32:21,3743,56572,263855,2136148290,0,0,0
m2207,20220218,20220218,133221000,13:32:22,3743,56573,263855,2136185720,1,0,37430
m2207,20220218,20220218,133221500,13:32:22,3743,56573,263855,2136185720,0,0,0
m2207,20220218,20220218,133222000,13:32:23,3743,56573,263855,2136185720,0,0,0
m2207,20220218,20220218,133222500,13:32:24,3743,56573,263855,2136185720,0,0,0
m2207,20220218,20220218,133223000,13:32:24,3743,56573,263855,2136185720,0,0,0
m2207,20220218,20220218,133223500,13:32:24,3743,56573,263855,2136185720,0,0,0
m2207,20220218,20220218,133224000,13:32:24,3743,56573,263855,2136185720,0,0,0
m2207,20220218,20220218,133224500,13:32:25,3743,56573,263855,2136185720,0,0,0
m2207,20220218,20220218,133225000,13:32:25,3743,56573,263855,2136185720,0,0,0
m2207,20220218,20220218,133225500,13:32:26,3743,56573,263855,2136185720,0,0,0
m2207,20220218,20220218,133226000,13:32:27,3743,56573,263855,2136185720,0,0,0
m2207,20220218,20220218,133226500,13:32:27,3743,56573,263855,2136185720,0,0,0
m2207,20220218,20220218,133227000,13:32:27,3743,56573,263855,2136185720,0,0,0
m2207,20220218,20220218,133227500,13:32:32,3743,56573,263855,2136185720,0,0,0
m2207,20220218,20220218,133228000,13:32:32,3743,56573,263855,2136185720,0,0,0
m2207,20220218,20220218,133228500,13:32:32,3743,56573,263855,2136185720,0,0,0
m2207,20220218,20220218,133232000,13:32:35,3743,56573,263855,2136185720,0,0,0
m2207,20220218,20220218,133234500,13:32:35,3743,56573,263855,2136185720,0,0,0
m2207,20220218,20220218,133235000,13:32:36,3743,56573,263855,2136185720,0,0,0
m2207,20220218,20220218,133235500,13:32:36,3743,56573,263855,2136185720,0,0,0
m2207,20220218,20220218,133236000,13:32:37,3743,56573,263855,2136185720,0,0,0
m2207,20220218,20220218,133236500,13:32:37,3743,56573,263855,2136185720,0,0,0
m2207,20220218,20220218,133237000,13:32:37,3743,56573,263855,2136185720,0,0,0
m2207,20220218,20220218,133239500,13:32:40,3743,56573,263855,2136185720,0,0,0
m2207,20220218,20220218,133240000,13:32:40,3743,56573,263855,2136185720,0,0,0
m2207,20220218,20220218,133240500,13:32:41,3743,56573,263855,2136185720,0,0,0
m2207,20220218,20220218,133241000,13:32:41,3743,56573,263855,2136185720,0,0,0
m2207,20220218,20220218,133241500,13:32:42,3743,56584,263855,2136597450,11,0,411730
m2207,20220218,20220218,133242000,13:32:42,3743,56584,263855,2136597450,0,0,0
m2207,20220218,20220218,133242500,13:32:42,3743,56584,263855,2136597450,0,0,0
m2207,20220218,20220218,133243000,13:32:43,3743,56584,263855,2136597450,0,0,0
m2207,20220218,20220218,133243500,13:32:44,3743,56584,263855,2136597450,0,0,0
m2207,20220218,20220218,133244000,13:32:44,3743,56584,263855,2136597450,0,0,0
m2207,20220218,20220218,133244500,13:32:45,3743,56584,263855,2136597450,0,0,0
m2207,20220218,20220218,133245000,13:32:45,3743,56584,263855,2136597450,0,0,0
m2207,20220218,20220218,133245500,13:32:45,3743,56584,263855,2136597450,0,0,0
m2207,20220218,20220218,133246000,13:32:47,3743,56584,263855,2136597450,0,0,0
m2207,20220218,20220218,133246500,13:32:47,3743,56584,263855,2136597450,0,0,0
m2207,20220218,20220218,133247000,13:32:47,3743,56584,263855,2136597450,0,0,0
m2207,20220218,20220218,133248000,13:32:49,3743,56584,263855,2136597450,0,0,0
m2207,20220218,20220218,133248500,13:32:49,3743,56584,263855,2136597450,0,0,0
m2207,20220218,20220218,133249000,13:32:49,3743,56584,263855,2136597450,0,0,0
m2207,20220218,20220218,133249500,13:32:50,3743,56584,263855,2136597450,0,0,0
m2207,20220218,20220218,133250000,13:32:51,3743,56584,263855,2136597450,0,0,0
m2207,20220218,20220218,133251000,13:32:53,3743,56584,263855,2136597450,0,0,0
m2207,20220218,20220218,133251500,13:32:53,3743,56584,263855,2136597450,0,0,0
m2207,20220218,20220218,133252500,13:32:53,3743,56584,263855,2136597450,0,0,0
m2207,20220218,20220218,133253000,13:32:53,3743,56584,263855,2136597450,0,0,0
m2207,20220218,20220218,133254500,13:32:55,3743,56584,263855,2136597450,0,0,0
m2207,20220218,20220218,133255000,13:32:55,3743,56584,263855,2136597450,0,0,0
m2207,20220218,20220218,133256000,13:32:56,3743,56584,263855,2136597450,0,0,0
m2207,20220218,20220218,133256500,13:32:57,3743,56584,263855,2136597450,0,0,0
m2207,20220218,20220218,133257000,13:32:59,3743,56584,263855,2136597450,0,0,0
m2207,20220218,20220218,133257500,13:33:00,3743,56584,263855,2136597450,0,0,0
m2207,20220218,20220218,133258000,13:33:00,3743,56584,263855,2136597450,0,0,0
m2207,20220218,20220218,133259500,13:33:01,3743,56584,263855,2136597450,0,0,0
m2207,20220218,20220218,133300000,13:33:01,3743,56584,263855,2136597450,0,0,0
m2207,20220218,20220218,133301000,13:33:02,3743,56584,263855,2136597450,0,0,0
m2207,20220218,20220218,133301500,13:33:02,3743,56584,263855,2136597450,0,0,0
m2207,20220218,20220218,133302000,13:33:03,3743,56584,263855,2136597450,0,0,0
m2207,20220218,20220218,133302500,13:33:03,3743,56584,263855,2136597450,0,0,0
m2207,20220218,20220218,133303000,13:33:04,3743,56584,263855,2136597450,0,0,0
m2207,20220218,20220218,133303500,13:33:04,3743,56584,263855,2136597450,0,0,0
m2207,20220218,20220218,133304000,13:33:04,3743,56584,263855,2136597450,0,0,0
m2207,20220218,20220218,133304500,13:33:05,3743,56584,263855,2136597450,0,0,0
m2207,20220218,20220218,133305500,13:33:06,3743,56584,263855,2136597450,0,0,0
m2207,20220218,20220218,133306000,13:33:06,3743,56584,263855,2136597450,0,0,0
m2207,20220218,20220218,133306500,13:33:06,3743,56584,263855,2136597450,0,0,0
m2207,20220218,20220218,133307000,13:33:07,3743,56584,263855,2136597450,0,0,0
m2207,20220218,20220218,133308000,13:33:08,3743,56584,263855,2136597450,0,0,0
m2207,20220218,20220218,133308500,13:33:09,3743,56584,263855,2136597450,0,0,0
m2207,20220218,20220218,133309000,13:33:09,3743,56584,263855,2136597450,0,0,0
m2207,20220218,20220218,133310000,13:33:11,3743,56584,263855,2136597450,0,0,0
m2207,20220218,20220218,133311000,13:33:13,3743,56584,263855,2136597450,0,0,0
m2207,20220218,20220218,133311500,13:33:14,3743,56584,263855,2136597450,0,0,0
m2207,20220218,20220218,133312000,13:33:14,3744,56587,263857,2136709770,3,2,112320
m2207,20220218,20220218,133312500,13:33:15,3744,56587,263857,2136709770,0,0,0
m2207,20220218,20220218,133314000,13:33:17,3744,56587,263857,2136709770,0,0,0
m2207,20220218,20220218,133316500,13:33:18,3744,56587,263857,2136709770,0,0,0
m2207,20220218,20220218,133318000,13:33:19,3744,56587,263857,2136709770,0,0,0
m2207,20220218,20220218,133318500,13:33:19,3744,56587,263857,2136709770,0,0,0
m2207,20220218,20220218,133319000,13:33:20,3744,56587,263857,2136709770,0,0,0
m2207,20220218,20220218,133319500,13:33:21,3744,56587,263857,2136709770,0,0,0
m2207,20220218,20220218,133320000,13:33:21,3744,56587,263857,2136709770,0,0,0
m2207,20220218,20220218,133321000,13:33:22,3744,56587,263857,2136709770,0,0,0
m2207,20220218,20220218,133322000,13:33:22,3744,56587,263857,2136709770,0,0,0
m2207,20220218,20220218,133325500,13:33:27,3744,56587,263857,2136709770,0,0,0
m2207,20220218,20220218,133326000,13:33:28,3744,56587,263857,2136709770,0,0,0
m2207,20220218,20220218,133326500,13:33:29,3744,56587,263857,2136709770,0,0,0
m2207,20220218,20220218,133327000,13:33:29,3744,56587,263857,2136709770,0,0,0
m2207,20220218,20220218,133333500,13:33:34,3744,56587,263857,2136709770,0,0,0
m2207,20220218,20220218,133335000,13:33:35,3744,56587,263857,2136709770,0,0,0
m2207,20220218,20220218,133335500,13:33:35,3744,56587,263857,2136709770,0,0,0
m2207,20220218,20220218,133336000,13:33:36,3744,56587,263857,2136709770,0,0,0
m2207,20220218,20220218,133336500,13:33:36,3744,56587,263857,2136709770,0,0,0
m2207,20220218,20220218,133337000,13:33:37,3744,56587,263857,2136709770,0,0,0
m2207,20220218,20220218,133337500,13:33:37,3744,56587,263857,2136709770,0,0,0
m2207,20220218,20220218,133338000,13:33:38,3744,56587,263857,2136709770,0,0,0
m2207,20220218,20220218,133338500,13:33:39,3744,56587,263857,2136709770,0,0,0
m2207,20220218,20220218,133339000,13:33:39,3744,56587,263857,2136709770,0,0,0
m2207,20220218,20220218,133339500,13:33:40,3744,56587,263857,2136709770,0,0,0
m2207,20220218,20220218,133340000,13:33:40,3744,56587,263857,2136709770,0,0,0
m2207,20220218,20220218,133340500,13:33:41,3744,56587,263857,2136709770,0,0,0
m2207,20220218,20220218,133341000,13:33:41,3744,56587,263857,2136709770,0,0,0
m2207,20220218,20220218,133341500,13:33:42,3744,56587,263857,2136709770,0,0,0
m2207,20220218,20220218,133342000,13:33:42,3744,56587,263857,2136709770,0,0,0
m2207,20220218,20220218,133342500,13:33:42,3744,56587,263857,2136709770,0,0,0
m2207,20220218,20220218,133343000,13:33:43,3744,56587,263857,2136709770,0,0,0
m2207,20220218,20220218,133343500,13:33:44,3744,56587,263857,2136709770,0,0,0
m2207,20220218,20220218,133344000,13:33:45,3744,56587,263857,2136709770,0,0,0
m2207,20220218,20220218,133344500,13:33:45,3744,56587,263857,2136709770,0,0,0
m2207,20220218,20220218,133345000,13:33:45,3744,56587,263857,2136709770,0,0,0
m2207,20220218,20220218,133345500,13:33:46,3744,56587,263857,2136709770,0,0,0
m2207,20220218,20220218,133346000,13:33:47,3744,56587,263857,2136709770,0,0,0
m2207,20220218,20220218,133346500,13:33:48,3744,56587,263857,2136709770,0,0,0
m2207,20220218,20220218,133347000,13:33:48,3744,56587,263857,2136709770,0,0,0
m2207,20220218,20220218,133347500,13:33:49,3744,56587,263857,2136709770,0,0,0
m2207,20220218,20220218,133348000,13:33:49,3744,56587,263857,2136709770,0,0,0
m2207,20220218,20220218,133348500,13:33:50,3744,56587,263857,2136709770,0,0,0
m2207,20220218,20220218,133349000,13:33:50,3744,56587,263857,2136709770,0,0,0
m2207,20220218,20220218,133349500,13:33:50,3744,56587,263857,2136709770,0,0,0
m2207,20220218,20220218,133350000,13:33:50,3744,56587,263857,2136709770,0,0,0
m2207,20220218,20220218,133350500,13:33:50,3744,56587,263857,2136709770,0,0,0
m2207,20220218,20220218,133351000,13:33:51,3744,56587,263857,2136709770,0,0,0
m2207,20220218,20220218,133351500,13:33:52,3744,56587,263857,2136709770,0,0,0
m2207,20220218,20220218,133352000,13:33:52,3744,56587,263857,2136709770,0,0,0
m2207,20220218,20220218,133352500,13:33:52,3744,56587,263857,2136709770,0,0,0
m2207,20220218,20220218,133353000,13:33:53,3744,56587,263857,2136709770,0,0,0
m2207,20220218,20220218,133353500,13:33:53,3744,56587,263857,2136709770,0,0,0
m2207,20220218,20220218,133354000,13:33:54,3744,56587,263857,2136709770,0,0,0
m2207,20220218,20220218,133354500,13:33:55,3744,56587,263857,2136709770,0,0,0
m2207,20220218,20220218,133355000,13:33:56,3744,56587,263857,2136709770,0,0,0
m2207,20220218,20220218,133355500,13:33:56,3744,56587,263857,2136709770,0,0,0
m2207,20220218,20220218,133356000,13:33:57,3744,56587,263857,2136709770,0,0,0
m2207,20220218,20220218,133356500,13:33:57,3744,56587,263857,2136709770,0,0,0
m2207,20220218,20220218,133357000,13:33:58,3744,56587,263857,2136709770,0,0,0
m2207,20220218,20220218,133357500,13:33:58,3744,56587,263857,2136709770,0,0,0
m2207,20220218,20220218,133358000,13:33:58,3744,56587,263857,2136709770,0,0,0
m2207,20220218,20220218,133358500,13:33:59,3744,56587,263857,2136709770,0,0,0
m2207,20220218,20220218,133359000,13:33:59,3744,56587,263857,2136709770,0,0,0
m2207,20220218,20220218,133359500,13:34:00,3744,56587,263857,2136709770,0,0,0
m2207,20220218,20220218,133400000,13:34:00,3744,56587,263857,2136709770,0,0,0
m2207,20220218,20220218,133400500,13:34:00,3744,56587,263857,2136709770,0,0,0
m2207,20220218,20220218,133401000,13:34:02,3744,56587,263857,2136709770,0,0,0
m2207,20220218,20220218,133401500,13:34:02,3744,56587,263857,2136709770,0,0,0
m2207,20220218,20220218,133402000,13:34:10,3744,56587,263857,2136709770,0,0,0
m2207,20220218,20220218,133402500,13:34:10,3744,56587,263857,2136709770,0,0,0
m2207,20220218,20220218,133403000,13:34:11,3744,56587,263857,2136709770,0,0,0
m2207,20220218,20220218,133410000,13:34:12,3744,56587,263857,2136709770,0,0,0
m2207,20220218,20220218,133410500,13:34:12,3744,56587,263857,2136709770,0,0,0
m2207,20220218,20220218,133411500,13:34:12,3744,56587,263857,2136709770,0,0,0
m2207,20220218,20220218,133412000,13:34:13,3744,56655,263897,2139255970,68,40,2546200
m2207,20220218,20220218,133412500,13:34:13,3744,56655,263897,2139255970,0,0,0
m2207,20220218,20220218,133413000,13:34:13,3744,56655,263897,2139255970,0,0,0
m2207,20220218,20220218,133413500,13:34:14,3744,56655,263897,2139255970,0,0,0
m2207,20220218,20220218,133414000,13:34:14,3744,56655,263897,2139255970,0,0,0
m2207,20220218,20220218,133414500,13:34:15,3744,56655,263897,2139255970,0,0,0
m2207,20220218,20220218,133415000,13:34:15,3744,56655,263897,2139255970,0,0,0
m2207,20220218,20220218,133415500,13:34:16,3744,56655,263897,2139255970,0,0,0
m2207,20220218,20220218,133416000,13:34:16,3744,56655,263897,2139255970,0,0,0
m2207,20220218,20220218,133416500,13:34:17,3744,56655,263897,2139255970,0,0,0
m2207,20220218,20220218,133417000,13:34:17,3744,56655,263897,2139255970,0,0,0
m2207,20220218,20220218,133417500,13:34:17,3744,56655,263897,2139255970,0,0,0
m2207,20220218,20220218,133418000,13:34:18,3744,56655,263897,2139255970,0,0,0
m2207,20220218,20220218,133418500,13:34:19,3744,56655,263897,2139255970,0,0,0
m2207,20220218,20220218,133419000,13:34:19,3744,56655,263897,2139255970,0,0,0
m2207,20220218,20220218,133419500,13:34:20,3744,56655,263897,2139255970,0,0,0
m2207,20220218,20220218,133420000,13:34:20,3744,56655,263897,2139255970,0,0,0
m2207,20220218,20220218,133420500,13:34:23,3744,56655,263897,2139255970,0,0,0
m2207,20220218,20220218,133421000,13:34:23,3744,56655,263897,2139255970,0,0,0
m2207,20220218,20220218,133421500,13:34:23,3744,56655,263897,2139255970,0,0,0
m2207,20220218,20220218,133423000,13:34:24,3744,56655,263897,2139255970,0,0,0
m2207,20220218,20220218,133423500,13:34:24,3744,56655,263897,2139255970,0,0,0
m2207,20220218,20220218,133424000,13:34:24,3744,56655,263897,2139255970,0,0,0
m2207,20220218,20220218,133424500,13:34:24,3744,56655,263897,2139255970,0,0,0
m2207,20220218,20220218,133425000,13:34:25,3744,56655,263897,2139255970,0,0,0
m2207,20220218,20220218,133425500,13:34:26,3744,56655,263897,2139255970,0,0,0
m2207,20220218,20220218,133426000,13:34:26,3744,56655,263897,2139255970,0,0,0
m2207,20220218,20220218,133426500,13:34:26,3744,56655,263897,2139255970,0,0,0
m2207,20220218,20220218,133427000,13:34:27,3744,56655,263897,2139255970,0,0,0
m2207,20220218,20220218,133427500,13:34:27,3744,56655,263897,2139255970,0,0,0
m2207,20220218,20220218,133428000,13:34:28,3744,56655,263897,2139255970,0,0,0
m2207,20220218,20220218,133428500,13:34:29,3744,56655,263897,2139255970,0,0,0
m2207,20220218,20220218,133429000,13:34:29,3744,56655,263897,2139255970,0,0,0
m2207,20220218,20220218,133429500,13:34:29,3744,56655,263897,2139255970,0,0,0
m2207,20220218,20220218,133430000,13:34:30,3744,56655,263897,2139255970,0,0,0
m2207,20220218,20220218,133430500,13:34:30,3744,56655,263897,2139255970,0,0,0
m2207,20220218,20220218,133431000,13:34:31,3744,56655,263897,2139255970,0,0,0
m2207,20220218,20220218,133431500,13:34:31,3744,56655,263897,2139255970,0,0,0
m2207,20220218,20220218,133432000,13:34:32,3744,56655,263897,2139255970,0,0,0
m2207,20220218,20220218,133432500,13:34:32,3744,56655,263897,2139255970,0,0,0
m2207,20220218,20220218,133433000,13:34:33,3744,56655,263897,2139255970,0,0,0
m2207,20220218,20220218,133433500,13:34:34,3744,56655,263897,2139255970,0,0,0
m2207,20220218,20220218,133434000,13:34:34,3744,56655,263897,2139255970,0,0,0
m2207,20220218,20220218,133434500,13:34:35,3744,56655,263897,2139255970,0,0,0
m2207,20220218,20220218,133435000,13:34:35,3744,56655,263897,2139255970,0,0,0
m2207,20220218,20220218,133435500,13:34:36,3744,56655,263897,2139255970,0,0,0
m2207,20220218,20220218,133436000,13:34:36,3744,56655,263897,2139255970,0,0,0
m2207,20220218,20220218,133436500,13:34:36,3745,56737,263917,2142326870,82,20,3070900
m2207,20220218,20220218,133437000,13:34:37,3745,56737,263917,2142326870,0,0,0
m2207,20220218,20220218,133437500,13:34:38,3745,56737,263917,2142326870,0,0,0
m2207,20220218,20220218,133438000,13:34:38,3745,56737,263917,2142326870,0,0,0
m2207,20220218,20220218,133439500,13:34:40,3745,56737,263917,2142326870,0,0,0
m2207,20220218,20220218,133440000,13:34:40,3745,56737,263917,2142326870,0,0,0
m2207,20220218,20220218,133440500,13:34:41,3745,56737,263917,2142326870,0,0,0
m2207,20220218,20220218,133441000,13:34:41,3745,56737,263917,2142326870,0,0,0
m2207,20220218,20220218,133441500,13:34:43,3745,56737,263917,2142326870,0,0,0
m2207,20220218,20220218,133442000,13:34:44,3745,56737,263917,2142326870,0,0,0
m2207,20220218,20220218,133442500,13:34:44,3745,56737,263917,2142326870,0,0,0
m2207,20220218,20220218,133443000,13:34:45,3745,56737,263917,2142326870,0,0,0
m2207,20220218,20220218,133443500,13:34:45,3745,56737,263917,2142326870,0,0,0
m2207,20220218,20220218,133444000,13:34:45,3745,56737,263917,2142326870,0,0,0
m2207,20220218,20220218,133444500,13:34:46,3745,56737,263917,2142326870,0,0,0
m2207,20220218,20220218,133445000,13:34:46,3745,56737,263917,2142326870,0,0,0
m2207,20220218,20220218,133445500,13:34:46,3745,56737,263917,2142326870,0,0,0
m2207,20220218,20220218,133446000,13:34:46,3745,56737,263917,2142326870,0,0,0
m2207,20220218,20220218,133446500,13:34:47,3745,56737,263917,2142326870,0,0,0
m2207,20220218,20220218,133447000,13:34:47,3745,56737,263917,2142326870,0,0,0
m2207,20220218,20220218,133447500,13:34:47,3745,56737,263917,2142326870,0,0,0
m2207,20220218,20220218,133448000,13:34:48,3745,56737,263917,2142326870,0,0,0
m2207,20220218,20220218,133448500,13:34:49,3745,56737,263917,2142326870,0,0,0
m2207,20220218,20220218,133449000,13:34:49,3745,56737,263917,2142326870,0,0,0
m2207,20220218,20220218,133449500,13:34:49,3745,56737,263917,2142326870,0,0,0
m2207,20220218,20220218,133451000,13:34:51,3745,56737,263917,2142326870,0,0,0
m2207,20220218,20220218,133451500,13:34:52,3745,56737,263917,2142326870,0,0,0
m2207,20220218,20220218,133452000,13:34:52,3745,56737,263917,2142326870,0,0,0
m2207,20220218,20220218,133452500,13:34:53,3745,56737,263917,2142326870,0,0,0
m2207,20220218,20220218,133453000,13:34:53,3745,56737,263917,2142326870,0,0,0
m2207,20220218,20220218,133453500,13:34:56,3745,56737,263917,2142326870,0,0,0
m2207,20220218,20220218,133454000,13:34:56,3745,56801,263877,2144723670,64,-40,2396800
m2207,20220218,20220218,133454500,13:34:56,3745,56801,263877,2144723670,0,0,0
m2207,20220218,20220218,133455500,13:34:56,3745,56801,263877,2144723670,0,0,0
m2207,20220218,20220218,133456000,13:34:57,3745,56821,263897,2145472670,20,20,749000
m2207,20220218,20220218,133456500,13:34:57,3745,56830,263897,2145809720,9,0,337050
m2207,20220218,20220218,133457000,13:34:57,3745,56830,263897,2145809720,0,0,0
m2207,20220218,20220218,133458000,13:34:58,3745,56830,263897,2145809720,0,0,0
m2207,20220218,20220218,133458500,13:34:59,3745,56830,263897,2145809720,0,0,0
m2207,20220218,20220218,133459000,13:34:59,3745,56830,263897,2145809720,0,0,0
m2207,20220218,20220218,133459500,13:35:00,3745,56830,263897,2145809720,0,0,0
m2207,20220218,20220218,133500000,13:35:00,3745,56830,263897,2145809720,0,0,0
m2207,20220218,20220218,133500500,13:35:00,3745,56830,263897,2145809720,0,0,0
m2207,20220218,20220218,133501000,13:35:04,3745,56830,263897,2145809720,0,0,0
m2207,20220218,20220218,133501500,13:35:05,3745,56830,263897,2145809720,0,0,0
m2207,20220218,20220218,133502000,13:35:10,3745,56830,263897,2145809720,0,0,0
m2207,20220218,20220218,133504500,13:35:10,3745,56830,263897,2145809720,0,0,0
m2207,20220218,20220218,133510000,13:35:10,3745,56830,263897,2145809720,0,0,0
m2207,20220218,20220218,133510500,13:35:11,3745,56830,263897,2145809720,0,0,0
m2207,20220218,20220218,133511000,13:35:11,3745,56830,263897,2145809720,0,0,0
m2207,20220218,20220218,133511500,13:35:12,3745,56830,263897,2145809720,0,0,0
m2207,20220218,20220218,133512000,13:35:13,3743,56870,263888,2147306990,40,-9,1497270
m2207,20220218,20220218,133512500,13:35:13,3743,56870,263888,2147306990,0,0,0
m2207,20220218,20220218,133513000,13:35:13,3742,56875,263889,2147494090,5,1,187100
m2207,20220218,20220218,133513500,13:35:14,3742,56875,263889,2147494090,0,0,0
m2207,20220218,20220218,133514000,13:35:14,3742,56875,263889,2147494090,0,0,0
m2207,20220218,20220218,133514500,13:35:15,3742,56875,263889,2147494090,0,0,0
m2207,20220218,20220218,133515000,13:35:15,3742,56875,263889,2147494090,0,0,0
m2207,20220218,20220218,133515500,13:35:16,3742,56875,263889,2147494090,0,0,0
m2207,20220218,20220218,133516000,13:35:16,3742,56875,263889,2147494090,0,0,0
m2207,20220218,20220218,133516500,13:35:17,3742,56875,263889,2147494090,0,0,0
m2207,20220218,20220218,133517000,13:35:17,3742,56875,263889,2147494090,0,0,0
m2207,20220218,20220218,133517500,13:35:18,3742,56875,263889,2147494090,0,0,0
m2207,20220218,20220218,133518000,13:35:19,3742,56875,263889,2147494090,0,0,0
m2207,20220218,20220218,133518500,13:35:19,3742,56875,263889,2147494090,0,0,0
m2207,20220218,20220218,133519000,13:35:19,3742,56875,263889,2147494090,0,0,0
m2207,20220218,20220218,133519500,13:35:20,3742,56875,263889,2147494090,0,0,0
m2207,20220218,20220218,133520000,13:35:20,3743,56887,263895,2147943250,12,6,449160
m2207,20220218,20220218,133520500,13:35:21,3743,56887,263895,2147943250,0,0,0
m2207,20220218,20220218,133521000,13:35:21,3743,56887,263895,2147943250,0,0,0
m2207,20220218,20220218,133521500,13:35:22,3743,56887,263895,2147943250,0,0,0
m2207,20220218,20220218,133522000,13:35:22,3743,56887,263895,2147943250,0,0,0
m2207,20220218,20220218,133522500,13:35:23,3743,56887,263895,2147943250,0,0,0
m2207,20220218,20220218,133523000,13:35:23,3743,56887,263895,2147943250,0,0,0
m2207,20220218,20220218,133523500,13:35:23,3743,56887,263895,2147943250,0,0,0
m2207,20220218,20220218,133524000,13:35:25,3743,56887,263895,2147943250,0,0,0
m2207,20220218,20220218,133524500,13:35:25,3743,56887,263895,2147943250,0,0,0
m2207,20220218,20220218,133525000,13:35:26,3743,56887,263895,2147943250,0,0,0
m2207,20220218,20220218,133525500,13:35:26,3743,56887,263895,2147943250,0,0,0
m2207,20220218,20220218,133526000,13:35:26,3743,56887,263895,2147943250,0,0,0
m2207,20220218,20220218,133526500,13:35:27,3743,56887,263895,2147943250,0,0,0
m2207,20220218,20220218,133527000,13:35:31,3743,56887,263895,2147943250,0,0,0
m2207,20220218,20220218,133527500,13:35:31,3743,56887,263895,2147943250,0,0,0
m2207,20220218,20220218,133528000,13:35:32,3743,56887,263895,2147943250,0,0,0
m2207,20220218,20220218,133531000,13:35:33,3743,56887,263895,2147943250,0,0,0
m2207,20220218,20220218,133531500,13:35:42,3743,56887,263895,2147943250,0,0,0
m2207,20220218,20220218,133532000,13:35:42,3743,56887,263895,2147943250,0,0,0
m2207,20220218,20220218,133540500,13:35:43,3741,57006,263970,2152395130,119,75,4451880
m2207,20220218,20220218,133542000,13:35:44,3741,57006,263970,2152395130,0,0,0
m2207,20220218,20220218,133542500,13:35:44,3741,57006,263970,2152395130,0,0,0
m2207,20220218,20220218,133543500,13:35:44,3741,57006,263970,2152395130,0,0,0
m2207,20220218,20220218,133544000,13:35:45,3741,57097,263952,2155799440,91,-18,3404310
m2207,20220218,20220218,133544500,13:35:45,3741,57147,263957,2157669940,50,5,1870500
m2207,20220218,20220218,133545000,13:35:46,3741,57150,263957,2157782170,3,0,112230
m2207,20220218,20220218,133545500,13:35:46,3741,57150,263957,2157782170,0,0,0
m2207,20220218,20220218,133546000,13:35:46,3742,57157,263959,2158044110,7,2,261940
m2207,20220218,20220218,133546500,13:35:46,3742,57157,263959,2158044110,0,0,0
m2207,20220218,20220218,133547000,13:35:47,3741,57160,263959,2158156340,3,0,112230
m2207,20220218,20220218,133547500,13:35:48,3741,57160,263959,2158156340,0,0,0
m2207,20220218,20220218,133548000,13:35:48,3741,57160,263959,2158156340,0,0,0
m2207,20220218,20220218,133548500,13:35:48,3741,57160,263959,2158156340,0,0,0
m2207,20220218,20220218,133549000,13:35:49,3741,57160,263959,2158156340,0,0,0
m2207,20220218,20220218,133549500,13:35:49,3741,57160,263959,2158156340,0,0,0
m2207,20220218,20220218,133550000,13:35:50,3741,57160,263959,2158156340,0,0,0
m2207,20220218,20220218,133550500,13:35:51,3741,57160,263959,2158156340,0,0,0
m2207,20220218,20220218,133551000,13:35:51,3740,57163,263959,2158268540,3,0,112200
m2207,20220218,20220218,133551500,13:35:52,3740,57166,263959,2158380740,3,0,112200
m2207,20220218,20220218,133552000,13:35:52,3740,57166,263959,2158380740,0,0,0
m2207,20220218,20220218,133552500,13:35:53,3740,57166,263959,2158380740,0,0,0
m2207,20220218,20220218,133553000,13:35:53,3740,57166,263959,2158380740,0,0,0
m2207,20220218,20220218,133553500,13:35:55,3740,57166,263959,2158380740,0,0,0
m2207,20220218,20220218,133554000,13:35:55,3742,57170,263963,2158530420,4,4,149680
m2207,20220218,20220218,133554500,13:35:56,3742,57170,263963,2158530420,0,0,0
m2207,20220218,20220218,133555000,13:35:56,3742,57170,263963,2158530420,0,0,0
m2207,20220218,20220218,133555500,13:35:56,3742,57170,263963,2158530420,0,0,0
m2207,20220218,20220218,133556000,13:35:56,3742,57170,263963,2158530420,0,0,0
m2207,20220218,20220218,133556500,13:35:57,3742,57170,263963,2158530420,0,0,0
m2207,20220218,20220218,133557000,13:35:59,3742,57170,263963,2158530420,0,0,0
m2207,20220218,20220218,133557500,13:35:59,3742,57170,263963,2158530420,0,0,0
m2207,20220218,20220218,133558000,13:36:01,3742,57170,263963,2158530420,0,0,0
m2207,20220218,20220218,133559500,13:36:03,3742,57170,263963,2158530420,0,0,0
m2207,20220218,20220218,133601500,13:36:03,3742,57170,263963,2158530420,0,0,0
m2207,20220218,20220218,133602500,13:36:04,3742,57170,263963,2158530420,0,0,0
m2207,20220218,20220218,133603000,13:36:05,3742,57170,263963,2158530420,0,0,0
m2207,20220218,20220218,133603500,13:36:05,3742,57170,263963,2158530420,0,0,0
m2207,20220218,20220218,133605000,13:36:06,3742,57170,263963,2158530420,0,0,0
m2207,20220218,20220218,133605500,13:36:07,3742,57170,263963,2158530420,0,0,0
m2207,20220218,20220218,133606000,13:36:07,3742,57170,263963,2158530420,0,0,0
m2207,20220218,20220218,133606500,13:36:07,3742,57170,263963,2158530420,0,0,0
m2207,20220218,20220218,133607000,13:36:08,3742,57170,263963,2158530420,0,0,0
m2207,20220218,20220218,133607500,13:36:08,3742,57170,263963,2158530420,0,0,0
m2207,20220218,20220218,133608000,13:36:08,3742,57170,263963,2158530420,0,0,0
m2207,20220218,20220218,133608500,13:36:09,3742,57170,263963,2158530420,0,0,0
m2207,20220218,20220218,133609000,13:36:09,3742,57170,263963,2158530420,0,0,0
m2207,20220218,20220218,133609500,13:36:10,3742,57170,263963,2158530420,0,0,0
m2207,20220218,20220218,133610000,13:36:11,3742,57170,263963,2158530420,0,0,0
m2207,20220218,20220218,133610500,13:36:11,3742,57170,263963,2158530420,0,0,0
m2207,20220218,20220218,133611000,13:36:11,3742,57170,263963,2158530420,0,0,0
m2207,20220218,20220218,133611500,13:36:12,3742,57170,263963,2158530420,0,0,0
m2207,20220218,20220218,133612000,13:36:12,3742,57170,263963,2158530420,0,0,0
m2207,20220218,20220218,133612500,13:36:12,3742,57170,263963,2158530420,0,0,0
m2207,20220218,20220218,133613000,13:36:13,3742,57170,263963,2158530420,0,0,0
m2207,20220218,20220218,133613500,13:36:14,3742,57170,263963,2158530420,0,0,0
m2207,20220218,20220218,133614000,13:36:14,3742,57170,263963,2158530420,0,0,0
m2207,20220218,20220218,133614500,13:36:14,3742,57170,263963,2158530420,0,0,0
m2207,20220218,20220218,133615000,13:36:15,3742,57170,263963,2158530420,0,0,0
m2207,20220218,20220218,133615500,13:36:15,3742,57170,263963,2158530420,0,0,0
m2207,20220218,20220218,133616000,13:36:16,3742,57170,263963,2158530420,0,0,0
m2207,20220218,20220218,133616500,13:36:17,3742,57170,263963,2158530420,0,0,0
m2207,20220218,20220218,133617000,13:36:19,3742,57170,263963,2158530420,0,0,0
m2207,20220218,20220218,133617500,13:36:19,3742,57170,263963,2158530420,0,0,0
m2207,20220218,20220218,133618000,13:36:19,3742,57170,263963,2158530420,0,0,0
m2207,20220218,20220218,133618500,13:36:19,3742,57170,263963,2158530420,0,0,0
m2207,20220218,20220218,133619000,13:36:19,3742,57170,263963,2158530420,0,0,0
m2207,20220218,20220218,133619500,13:36:20,3742,57170,263963,2158530420,0,0,0
m2207,20220218,20220218,133620000,13:36:20,3742,57170,263963,2158530420,0,0,0
m2207,20220218,20220218,133620500,13:36:20,3742,57170,263963,2158530420,0,0,0
m2207,20220218,20220218,133621000,13:36:21,3742,57170,263963,2158530420,0,0,0
m2207,20220218,20220218,133621500,13:36:21,3742,57170,263963,2158530420,0,0,0
m2207,20220218,20220218,133622000,13:36:22,3742,57170,263963,2158530420,0,0,0
m2207,20220218,20220218,133622500,13:36:22,3742,57170,263963,2158530420,0,0,0
m2207,20220218,20220218,133623000,13:36:23,3742,57170,263963,2158530420,0,0,0
m2207,20220218,20220218,133623500,13:36:23,3742,57170,263963,2158530420,0,0,0
m2207,20220218,20220218,133624000,13:36:24,3742,57170,263963,2158530420,0,0,0
m2207,20220218,20220218,133624500,13:36:24,3742,57170,263963,2158530420,0,0,0
m2207,20220218,20220218,133625000,13:36:25,3742,57170,263963,2158530420,0,0,0
m2207,20220218,20220218,133625500,13:36:26,3742,57170,263963,2158530420,0,0,0
m2207,20220218,20220218,133626000,13:36:26,3742,57170,263963,2158530420,0,0,0
m2207,20220218,20220218,133626500,13:36:27,3742,57170,263963,2158530420,0,0,0
m2207,20220218,20220218,133627000,13:36:28,3742,57170,263963,2158530420,0,0,0
m2207,20220218,20220218,133627500,13:36:28,3742,57170,263963,2158530420,0,0,0
m2207,20220218,20220218,133628000,13:36:28,3742,57170,263963,2158530420,0,0,0
m2207,20220218,20220218,133629000,13:36:30,3742,57170,263963,2158530420,0,0,0
m2207,20220218,20220218,133629500,13:36:30,3742,57170,263963,2158530420,0,0,0
m2207,20220218,20220218,133632000,13:36:32,3742,57170,263963,2158530420,0,0,0
m2207,20220218,20220218,133632500,13:36:33,3742,57170,263963,2158530420,0,0,0
m2207,20220218,20220218,133633000,13:36:33,3742,57170,263963,2158530420,0,0,0
m2207,20220218,20220218,133634500,13:36:35,3741,57190,263966,2159278620,20,3,748200
m2207,20220218,20220218,133635000,13:36:36,3741,57190,263966,2159278620,0,0,0
m2207,20220218,20220218,133635500,13:36:36,3741,57190,263966,2159278620,0,0,0
m2207,20220218,20220218,133636000,13:36:36,3741,57190,263966,2159278620,0,0,0
m2207,20220218,20220218,133636500,13:36:36,3741,57190,263966,2159278620,0,0,0
m2207,20220218,20220218,133637000,13:36:38,3741,57190,263966,2159278620,0,0,0
m2207,20220218,20220218,133638000,13:36:38,3741,57190,263966,2159278620,0,0,0
m2207,20220218,20220218,133638500,13:36:39,3741,57190,263966,2159278620,0,0,0
m2207,20220218,20220218,133639000,13:36:39,3741,57190,263966,2159278620,0,0,0
m2207,20220218,20220218,133641500,13:36:42,3740,57202,263965,2159727420,12,-1,448800
m2207,20220218,20220218,133642000,13:36:42,3740,57202,263965,2159727420,0,0,0
m2207,20220218,20220218,133642500,13:36:43,3740,57202,263965,2159727420,0,0,0
m2207,20220218,20220218,133643000,13:36:43,3740,57202,263965,2159727420,0,0,0
m2207,20220218,20220218,133643500,13:36:44,3740,57202,263965,2159727420,0,0,0
m2207,20220218,20220218,133644000,13:36:44,3740,57202,263965,2159727420,0,0,0
m2207,20220218,20220218,133645500,13:36:46,3740,57204,263965,2159802220,2,0,74800
m2207,20220218,20220218,133647500,13:36:48,3740,57204,263965,2159802220,0,0,0
m2207,20220218,20220218,133648000,13:36:48,3740,57204,263965,2159802220,0,0,0
m2207,20220218,20220218,133648500,13:36:48,3740,57204,263965,2159802220,0,0,0
m2207,20220218,20220218,133649000,13:36:49,3740,57204,263965,2159802220,0,0,0
m2207,20220218,20220218,133649500,13:36:49,3740,57204,263965,2159802220,0,0,0
m2207,20220218,20220218,133650000,13:36:50,3740,57204,263965,2159802220,0,0,0
m2207,20220218,20220218,133650500,13:36:50,3740,57204,263965,2159802220,0,0,0
m2207,20220218,20220218,133651000,13:36:51,3740,57204,263965,2159802220,0,0,0
m2207,20220218,20220218,133651500,13:36:52,3740,57204,263965,2159802220,0,0,0
m2207,20220218,20220218,133655500,13:36:56,3740,57204,263965,2159802220,0,0,0
m2207,20220218,20220218,133656000,13:36:56,3740,57204,263965,2159802220,0,0,0
m2207,20220218,20220218,133656500,13:36:57,3740,57206,263967,2159877020,2,2,74800
m2207,20220218,20220218,133657000,13:36:58,3740,57206,263967,2159877020,0,0,0
m2207,20220218,20220218,133657500,13:36:58,3740,57206,263967,2159877020,0,0,0
m2207,20220218,20220218,133658000,13:36:58,3740,57206,263967,2159877020,0,0,0
m2207,20220218,20220218,133658500,13:36:59,3740,57206,263967,2159877020,0,0,0
m2207,20220218,20220218,133659000,13:36:59,3740,57206,263967,2159877020,0,0,0
m2207,20220218,20220218,133659500,13:37:00,3740,57206,263967,2159877020,0,0,0
m2207,20220218,20220218,133701500,13:37:02,3740,57206,263967,2159877020,0,0,0
m2207,20220218,20220218,133702000,13:37:02,3740,57206,263967,2159877020,0,0,0
m2207,20220218,20220218,133704500,13:37:05,3740,57206,263967,2159877020,0,0,0
m2207,20220218,20220218,133705000,13:37:05,3740,57206,263967,2159877020,0,0,0
m2207,20220218,20220218,133705500,13:37:08,3740,57206,263967,2159877020,0,0,0
m2207,20220218,20220218,133706000,13:37:08,3740,57206,263967,2159877020,0,0,0
m2207,20220218,20220218,133706500,13:37:08,3740,57206,263967,2159877020,0,0,0
m2207,20220218,20220218,133707500,13:37:08,3740,57206,263967,2159877020,0,0,0
m2207,20220218,20220218,133708000,13:37:08,3740,57206,263967,2159877020,0,0,0
m2207,20220218,20220218,133708500,13:37:08,3740,57206,263967,2159877020,0,0,0
m2207,20220218,20220218,133709000,13:37:09,3740,57206,263967,2159877020,0,0,0
m2207,20220218,20220218,133709500,13:37:11,3740,57206,263967,2159877020,0,0,0
m2207,20220218,20220218,133710000,13:37:11,3740,57206,263967,2159877020,0,0,0
m2207,20220218,20220218,133710500,13:37:11,3740,57206,263967,2159877020,0,0,0
m2207,20220218,20220218,133711000,13:37:12,3740,57206,263967,2159877020,0,0,0
m2207,20220218,20220218,133711500,13:37:13,3741,57207,263967,2159914430,1,0,37410
m2207,20220218,20220218,133712000,13:37:13,3741,57207,263967,2159914430,0,0,0
m2207,20220218,20220218,133712500,13:37:13,3741,57207,263967,2159914430,0,0,0
m2207,20220218,20220218,133713000,13:37:14,3741,57207,263967,2159914430,0,0,0
m2207,20220218,20220218,133714000,13:37:14,3741,57207,263967,2159914430,0,0,0
m2207,20220218,20220218,133716000,13:37:16,3741,57207,263967,2159914430,0,0,0
m2207,20220218,20220218,133716500,13:37:17,3741,57207,263967,2159914430,0,0,0
m2207,20220218,20220218,133717000,13:37:18,3741,57207,263967,2159914430,0,0,0
m2207,20220218,20220218,133718000,13:37:19,3741,57207,263967,2159914430,0,0,0
m2207,20220218,20220218,133718500,13:37:19,3741,57207,263967,2159914430,0,0,0
m2207,20220218,20220218,133719000,13:37:19,3741,57207,263967,2159914430,0,0,0
m2207,20220218,20220218,133720000,13:37:21,3741,57207,263967,2159914430,0,0,0
m2207,20220218,20220218,133720500,13:37:21,3741,57207,263967,2159914430,0,0,0
m2207,20220218,20220218,133721000,13:37:21,3741,57207,263967,2159914430,0,0,0
m2207,20220218,20220218,133721500,13:37:22,3741,57207,263967,2159914430,0,0,0
m2207,20220218,20220218,133722000,13:37:22,3741,57207,263967,2159914430,0,0,0
m2207,20220218,20220218,133722500,13:37:23,3741,57212,263967,2160101480,5,0,187050
m2207,20220218,20220218,133723000,13:37:23,3741,57212,263967,2160101480,0,0,0
m2207,20220218,20220218,133723500,13:37:23,3741,57212,263967,2160101480,0,0,0
m2207,20220218,20220218,133724000,13:37:24,3741,57212,263967,2160101480,0,0,0
m2207,20220218,20220218,133727500,13:37:27,3741,57212,263967,2160101480,0,0,0
m2207,20220218,20220218,133728000,13:37:28,3741,57212,263967,2160101480,0,0,0
m2207,20220218,20220218,133728500,13:37:29,3741,57212,263967,2160101480,0,0,0
m2207,20220218,20220218,133729000,13:37:29,3741,57212,263967,2160101480,0,0,0
m2207,20220218,20220218,133729500,13:37:30,3741,57212,263967,2160101480,0,0,0
m2207,20220218,20220218,133730000,13:37:30,3741,57212,263967,2160101480,0,0,0
m2207,20220218,20220218,133730500,13:37:31,3741,57212,263967,2160101480,0,0,0
m2207,20220218,20220218,133731000,13:37:31,3741,57212,263967,2160101480,0,0,0
m2207,20220218,20220218,133731500,13:37:31,3741,57212,263967,2160101480,0,0,0
m2207,20220218,20220218,133732000,13:37:32,3741,57212,263967,2160101480,0,0,0
m2207,20220218,20220218,133732500,13:37:33,3741,57212,263967,2160101480,0,0,0
m2207,20220218,20220218,133733000,13:37:33,3741,57212,263967,2160101480,0,0,0
m2207,20220218,20220218,133733500,13:37:33,3741,57212,263967,2160101480,0,0,0
m2207,20220218,20220218,133734000,13:37:34,3741,57212,263967,2160101480,0,0,0
m2207,20220218,20220218,133734500,13:37:34,3741,57212,263967,2160101480,0,0,0
m2207,20220218,20220218,133735000,13:37:35,3741,57212,263967,2160101480,0,0,0
m2207,20220218,20220218,133735500,13:37:36,3741,57212,263967,2160101480,0,0,0
m2207,20220218,20220218,133736000,13:37:36,3741,57212,263967,2160101480,0,0,0
m2207,20220218,20220218,133736500,13:37:37,3741,57212,263967,2160101480,0,0,0
m2207,20220218,20220218,133737000,13:37:37,3741,57212,263967,2160101480,0,0,0
m2207,20220218,20220218,133737500,13:37:37,3741,57212,263967,2160101480,0,0,0
m2207,20220218,20220218,133738000,13:37:39,3741,57212,263967,2160101480,0,0,0
m2207,20220218,20220218,133738500,13:37:39,3741,57212,263967,2160101480,0,0,0
m2207,20220218,20220218,133739000,13:37:39,3741,57212,263967,2160101480,0,0,0
m2207,20220218,20220218,133739500,13:37:39,3741,57212,263967,2160101480,0,0,0
m2207,20220218,20220218,133740000,13:37:40,3741,57212,263967,2160101480,0,0,0
m2207,20220218,20220218,133740500,13:37:40,3741,57212,263967,2160101480,0,0,0
m2207,20220218,20220218,133741000,13:37:41,3741,57212,263967,2160101480,0,0,0
m2207,20220218,20220218,133741500,13:37:42,3741,57212,263967,2160101480,0,0,0
m2207,20220218,20220218,133742000,13:37:42,3741,57212,263967,2160101480,0,0,0
m2207,20220218,20220218,133742500,13:37:43,3741,57212,263967,2160101480,0,0,0
m2207,20220218,20220218,133744500,13:37:45,3741,57212,263967,2160101480,0,0,0
m2207,20220218,20220218,133745000,13:37:45,3741,57212,263967,2160101480,0,0,0
m2207,20220218,20220218,133745500,13:37:45,3741,57212,263967,2160101480,0,0,0
m2207,20220218,20220218,133746000,13:37:46,3741,57212,263967,2160101480,0,0,0
m2207,20220218,20220218,133746500,13:37:47,3741,57212,263967,2160101480,0,0,0
m2207,20220218,20220218,133747000,13:37:47,3741,57212,263967,2160101480,0,0,0
m2207,20220218,20220218,133747500,13:37:48,3741,57212,263967,2160101480,0,0,0
m2207,20220218,20220218,133748000,13:37:48,3741,57212,263967,2160101480,0,0,0
m2207,20220218,20220218,133748500,13:37:49,3741,57212,263967,2160101480,0,0,0
m2207,20220218,20220218,133749000,13:37:49,3741,57212,263967,2160101480,0,0,0
m2207,20220218,20220218,133749500,13:37:49,3741,57212,263967,2160101480,0,0,0
m2207,20220218,20220218,133750000,13:37:50,3741,57212,263967,2160101480,0,0,0
m2207,20220218,20220218,133750500,13:37:51,3741,57212,263967,2160101480,0,0,0
m2207,20220218,20220218,133751000,13:37:51,3741,57212,263967,2160101480,0,0,0
m2207,20220218,20220218,133751500,13:37:53,3741,57212,263967,2160101480,0,0,0
m2207,20220218,20220218,133752000,13:37:53,3741,57212,263967,2160101480,0,0,0
m2207,20220218,20220218,133752500,13:37:54,3741,57212,263967,2160101480,0,0,0
m2207,20220218,20220218,133753000,13:37:54,3741,57212,263967,2160101480,0,0,0
m2207,20220218,20220218,133753500,13:37:55,3741,57212,263967,2160101480,0,0,0
m2207,20220218,20220218,133754000,13:37:55,3741,57212,263967,2160101480,0,0,0
m2207,20220218,20220218,133754500,13:37:55,3741,57212,263967,2160101480,0,0,0
m2207,20220218,20220218,133755000,13:37:55,3741,57212,263967,2160101480,0,0,0
m2207,20220218,20220218,133755500,13:37:55,3742,57215,263965,2160213740,3,-2,112260
m2207,20220218,20220218,133756500,13:37:57,3742,57215,263965,2160213740,0,0,0
m2207,20220218,20220218,133757000,13:37:57,3742,57215,263965,2160213740,0,0,0
m2207,20220218,20220218,133757500,13:37:58,3742,57215,263965,2160213740,0,0,0
m2207,20220218,20220218,133758000,13:37:58,3742,57215,263965,2160213740,0,0,0
m2207,20220218,20220218,133758500,13:37:59,3742,57215,263965,2160213740,0,0,0
m2207,20220218,20220218,133759000,13:38:00,3742,57215,263965,2160213740,0,0,0
m2207,20220218,20220218,133759500,13:38:00,3742,57215,263965,2160213740,0,0,0
m2207,20220218,20220218,133800000,13:38:02,3742,57215,263965,2160213740,0,0,0
m2207,20220218,20220218,133800500,13:38:02,3742,57215,263965,2160213740,0,0,0
m2207,20220218,20220218,133801000,13:38:03,3742,57215,263965,2160213740,0,0,0
m2207,20220218,20220218,133802000,13:38:04,3742,57215,263965,2160213740,0,0,0
m2207,20220218,20220218,133802500,13:38:06,3742,57215,263965,2160213740,0,0,0
m2207,20220218,20220218,133803000,13:38:06,3742,57215,263965,2160213740,0,0,0
m2207,20220218,20220218,133805000,13:38:06,3743,57338,263976,2164817560,123,11,4603820
m2207,20220218,20220218,133806000,13:38:09,3743,57338,263976,2164817560,0,0,0
m2207,20220218,20220218,133806500,13:38:09,3743,57388,263956,2166689060,50,-20,1871500
m2207,20220218,20220218,133808000,13:38:09,3743,57388,263956,2166689060,0,0,0
m2207,20220218,20220218,133809500,13:38:10,3743,57388,263956,2166689060,0,0,0
m2207,20220218,20220218,133810000,13:38:10,3743,57388,263956,2166689060,0,0,0
m2207,20220218,20220218,133810500,13:38:10,3743,57388,263956,2166689060,0,0,0
m2207,20220218,20220218,133811000,13:38:14,3743,57397,263965,2167025930,9,9,336870
m2207,20220218,20220218,133811500,13:38:14,3743,57397,263965,2167025930,0,0,0
m2207,20220218,20220218,133812000,13:38:14,3743,57397,263965,2167025930,0,0,0
m2207,20220218,20220218,133812500,13:38:14,3743,57397,263965,2167025930,0,0,0
m2207,20220218,20220218,133813500,13:38:15,3743,57397,263965,2167025930,0,0,0
m2207,20220218,20220218,133814500,13:38:17,3743,57397,263965,2167025930,0,0,0
m2207,20220218,20220218,133815000,13:38:17,3743,57397,263965,2167025930,0,0,0
m2207,20220218,20220218,133817000,13:38:18,3743,57397,263965,2167025930,0,0,0
m2207,20220218,20220218,133817500,13:38:18,3743,57397,263965,2167025930,0,0,0
m2207,20220218,20220218,133818000,13:38:18,3743,57411,263975,2167549950,14,10,524020
m2207,20220218,20220218,133818500,13:38:19,3743,57411,263975,2167549950,0,0,0
m2207,20220218,20220218,133819000,13:38:19,3743,57411,263975,2167549950,0,0,0
m2207,20220218,20220218,133819500,13:38:19,3743,57411,263975,2167549950,0,0,0
m2207,20220218,20220218,133820000,13:38:20,3743,57411,263975,2167549950,0,0,0
m2207,20220218,20220218,133820500,13:38:22,3743,57411,263975,2167549950,0,0,0
m2207,20220218,20220218,133821000,13:38:22,3743,57411,263975,2167549950,0,0,0
m2207,20220218,20220218,133821500,13:38:23,3743,57411,263975,2167549950,0,0,0
m2207,20220218,20220218,133822000,13:38:23,3743,57411,263975,2167549950,0,0,0
m2207,20220218,20220218,133822500,13:38:23,3743,57411,263975,2167549950,0,0,0
m2207,20220218,20220218,133823000,13:38:24,3743,57411,263975,2167549950,0,0,0
m2207,20220218,20220218,133823500,13:38:24,3743,57411,263975,2167549950,0,0,0
m2207,20220218,20220218,133824000,13:38:25,3743,57411,263975,2167549950,0,0,0
m2207,20220218,20220218,133824500,13:38:41,3743,57411,263975,2167549950,0,0,0
m2207,20220218,20220218,133825000,13:38:41,3743,57411,263975,2167549950,0,0,0
m2207,20220218,20220218,133825500,13:38:41,3743,57411,263975,2167549950,0,0,0
m2207,20220218,20220218,133840500,13:38:43,3743,57411,263975,2167549950,0,0,0
m2207,20220218,20220218,133841000,13:38:43,3743,57411,263975,2167549950,0,0,0
m2207,20220218,20220218,133842000,13:38:43,3743,57411,263975,2167549950,0,0,0
m2207,20220218,20220218,133843500,13:38:44,3743,57411,263975,2167549950,0,0,0
m2207,20220218,20220218,133844000,13:38:44,3743,57411,263975,2167549950,0,0,0
m2207,20220218,20220218,133844500,13:38:44,3743,57411,263975,2167549950,0,0,0
m2207,20220218,20220218,133847000,13:38:47,3743,57411,263975,2167549950,0,0,0
m2207,20220218,20220218,133847500,13:38:47,3743,57411,263975,2167549950,0,0,0
m2207,20220218,20220218,133851000,13:38:51,3743,57411,263975,2167549950,0,0,0
m2207,20220218,20220218,133853000,13:38:53,3743,57411,263975,2167549950,0,0,0
m2207,20220218,20220218,133856500,13:38:56,3743,57411,263975,2167549950,0,0,0
m2207,20220218,20220218,133859500,13:38:59,3743,57411,263975,2167549950,0,0,0
m2207,20220218,20220218,133901000,13:39:01,3743,57411,263975,2167549950,0,0,0
m2207,20220218,20220218,133901500,13:39:01,3743,57411,263975,2167549950,0,0,0
m2207,20220218,20220218,133902000,13:39:02,3743,57411,263975,2167549950,0,0,0
m2207,20220218,20220218,133903500,13:39:03,3743,57411,263975,2167549950,0,0,0
m2207,20220218,20220218,133907000,13:39:07,3743,57411,263975,2167549950,0,0,0
m2207,20220218,20220218,133908500,13:39:08,3743,57411,263975,2167549950,0,0,0
m2207,20220218,20220218,133909000,13:39:09,3743,57411,263975,2167549950,0,0,0
m2207,20220218,20220218,133910500,13:39:10,3743,57411,263975,2167549950,0,0,0
m2207,20220218,20220218,133913000,13:39:13,3743,57411,263975,2167549950,0,0,0
m2207,20220218,20220218,133913500,13:39:13,3743,57411,263975,2167549950,0,0,0
m2207,20220218,20220218,133914000,13:39:15,3745,57802,264032,2182191480,391,57,14641530
m2207,20220218,20220218,133914500,13:39:16,3746,57998,263994,2189530930,196,-38,7339450
m2207,20220218,20220218,133915000,13:39:19,3746,57999,263995,2189568390,1,1,37460
m2207,20220218,20220218,133915500,13:39:19,3746,57999,263995,2189568390,0,0,0
m2207,20220218,20220218,133918000,13:39:19,3746,57999,263995,2189568390,0,0,0
m2207,20220218,20220218,133919000,13:39:19,3746,57999,263995,2189568390,0,0,0
m2207,20220218,20220218,133919500,13:39:19,3746,57999,263995,2189568390,0,0,0
m2207,20220218,20220218,133920500,13:39:20,3746,57999,263995,2189568390,0,0,0
m2207,20220218,20220218,133922500,13:39:23,3746,57999,263995,2189568390,0,0,0
m2207,20220218,20220218,133925000,13:39:25,3746,57999,263995,2189568390,0,0,0
m2207,20220218,20220218,133925500,13:39:26,3746,57999,263995,2189568390,0,0,0
m2207,20220218,20220218,133927500,13:39:27,3746,57999,263995,2189568390,0,0,0
m2207,20220218,20220218,133929000,13:39:29,3746,57999,263995,2189568390,0,0,0
m2207,20220218,20220218,133930500,13:39:30,3746,57999,263995,2189568390,0,0,0
m2207,20220218,20220218,133932000,13:39:32,3746,57999,263995,2189568390,0,0,0
m2207,20220218,20220218,133933000,13:39:33,3746,57999,263995,2189568390,0,0,0
m2207,20220218,20220218,133934000,13:39:34,3746,57999,263995,2189568390,0,0,0
m2207,20220218,20220218,133935500,13:39:35,3746,57999,263995,2189568390,0,0,0
m2207,20220218,20220218,133936500,13:39:36,3745,58064,264030,2192002640,65,35,2434250
m2207,20220218,20220218,133937500,13:39:37,3745,58064,264030,2192002640,0,0,0
m2207,20220218,20220218,133938500,13:39:38,3745,58064,264030,2192002640,0,0,0
m2207,20220218,20220218,133939500,13:39:39,3745,58064,264030,2192002640,0,0,0
m2207,20220218,20220218,133943000,13:39:43,3745,58064,264030,2192002640,0,0,0
m2207,20220218,20220218,133944000,13:39:44,3745,58064,264030,2192002640,0,0,0
m2207,20220218,20220218,133945000,13:39:46,3745,58064,264030,2192002640,0,0,0
m2207,20220218,20220218,133945500,13:39:46,3745,58092,264020,2193051240,28,-10,1048600
m2207,20220218,20220218,133946000,13:39:47,3745,58092,264020,2193051240,0,0,0
m2207,20220218,20220218,133946500,13:39:47,3745,58092,264020,2193051240,0,0,0
m2207,20220218,20220218,133947000,13:39:47,3745,58092,264020,2193051240,0,0,0
m2207,20220218,20220218,133947500,13:39:47,3745,58092,264020,2193051240,0,0,0
m2207,20220218,20220218,133948000,13:39:48,3745,58092,264020,2193051240,0,0,0
m2207,20220218,20220218,133949000,13:39:49,3745,58092,264020,2193051240,0,0,0
m2207,20220218,20220218,133949500,13:39:50,3745,58092,264020,2193051240,0,0,0
m2207,20220218,20220218,133950500,13:39:50,3745,58092,264020,2193051240,0,0,0
m2207,20220218,20220218,133951000,13:39:51,3745,58092,264020,2193051240,0,0,0
m2207,20220218,20220218,133951500,13:39:51,3745,58092,264020,2193051240,0,0,0
m2207,20220218,20220218,133952000,13:39:53,3745,58092,264020,2193051240,0,0,0
m2207,20220218,20220218,133952500,13:39:53,3745,58092,264020,2193051240,0,0,0
m2207,20220218,20220218,133953000,13:39:54,3745,58093,264020,2193088690,1,0,37450
m2207,20220218,20220218,133953500,13:39:54,3745,58093,264020,2193088690,0,0,0
m2207,20220218,20220218,133954000,13:39:55,3745,58093,264020,2193088690,0,0,0
m2207,20220218,20220218,133954500,13:39:55,3745,58093,264020,2193088690,0,0,0
m2207,20220218,20220218,133955000,13:39:55,3745,58093,264020,2193088690,0,0,0
m2207,20220218,20220218,133955500,13:39:56,3745,58093,264020,2193088690,0,0,0
m2207,20220218,20220218,133956500,13:39:57,3745,58093,264020,2193088690,0,0,0
m2207,20220218,20220218,133957000,13:40:05,3745,58093,264020,2193088690,0,0,0
m2207,20220218,20220218,133957500,13:40:13,3745,58093,264020,2193088690,0,0,0
m2207,20220218,20220218,133958000,13:40:13,3745,58093,264020,2193088690,0,0,0
m2207,20220218,20220218,133958500,13:40:13,3745,58093,264020,2193088690,0,0,0
m2207,20220218,20220218,134012500,13:40:13,3745,58093,264020,2193088690,0,0,0
m2207,20220218,20220218,134013000,13:40:13,3745,58093,264020,2193088690,0,0,0
m2207,20220218,20220218,134013500,13:40:14,3745,58093,264020,2193088690,0,0,0
m2207,20220218,20220218,134014000,13:40:14,3745,58093,264020,2193088690,0,0,0
m2207,20220218,20220218,134014500,13:40:16,3744,58175,263988,2196159570,82,-32,3070880
m2207,20220218,20220218,134015000,13:40:16,3744,58175,263988,2196159570,0,0,0
m2207,20220218,20220218,134015500,13:40:16,3744,58175,263988,2196159570,0,0,0
m2207,20220218,20220218,134016000,13:40:16,3744,58175,263988,2196159570,0,0,0
m2207,20220218,20220218,134016500,13:40:17,3742,58185,263986,2196533830,10,-2,374260
m2207,20220218,20220218,134017000,13:40:17,3742,58185,263986,2196533830,0,0,0
m2207,20220218,20220218,134017500,13:40:18,3742,58185,263986,2196533830,0,0,0
m2207,20220218,20220218,134018000,13:40:19,3742,58185,263986,2196533830,0,0,0
m2207,20220218,20220218,134018500,13:40:19,3744,58209,264009,2197432390,24,23,898560
m2207,20220218,20220218,134019000,13:40:19,3744,58209,264009,2197432390,0,0,0
m2207,20220218,20220218,134019500,13:40:20,3744,58209,264009,2197432390,0,0,0
m2207,20220218,20220218,134020000,13:40:20,3744,58209,264009,2197432390,0,0,0
m2207,20220218,20220218,134020500,13:40:21,3744,58209,264009,2197432390,0,0,0
m2207,20220218,20220218,134021000,13:40:22,3744,58209,264009,2197432390,0,0,0
m2207,20220218,20220218,134021500,13:40:22,3744,58209,264009,2197432390,0,0,0
m2207,20220218,20220218,134022000,13:40:22,3744,58209,264009,2197432390,0,0,0
m2207,20220218,20220218,134022500,13:40:23,3744,58209,264009,2197432390,0,0,0
m2207,20220218,20220218,134023500,13:40:24,3744,58209,264009,2197432390,0,0,0
m2207,20220218,20220218,134024000,13:40:24,3745,58248,264029,2198892940,39,20,1460550
m2207,20220218,20220218,134024500,13:40:25,3745,58248,264029,2198892940,0,0,0
m2207,20220218,20220218,134025000,13:40:25,3745,58248,264029,2198892940,0,0,0
m2207,20220218,20220218,134025500,13:40:26,3745,58248,264029,2198892940,0,0,0
m2207,20220218,20220218,134026000,13:40:26,3745,58248,264029,2198892940,0,0,0
m2207,20220218,20220218,134026500,13:40:27,3745,58268,264033,2199641940,20,4,749000
m2207,20220218,20220218,134027000,13:40:27,3745,58288,264033,2200390940,20,0,749000
m2207,20220218,20220218,134027500,13:40:28,3745,58288,264033,2200390940,0,0,0
m2207,20220218,20220218,134028000,13:40:28,3745,58288,264033,2200390940,0,0,0
m2207,20220218,20220218,134028500,13:40:29,3745,58288,264033,2200390940,0,0,0
m2207,20220218,20220218,134029500,13:40:30,3745,58288,264033,2200390940,0,0,0
m2207,20220218,20220218,134030000,13:40:30,3745,58288,264033,2200390940,0,0,0
m2207,20220218,20220218,134030500,13:40:31,3745,58288,264033,2200390940,0,0,0
