p2204,20220218,20220218,112003000,11:20:05,10884,33140,75521,3587196480,33140,1271,3587196480
p2204,20220218,20220218,112004500,11:20:10,10884,33147,75519,3587958360,7,-2,761880
p2204,20220218,20220218,112005000,11:20:10,10884,33147,75519,3587958360,0,0,0
p2204,20220218,20220218,112005500,11:20:10,10884,33149,75520,3588176040,2,1,217680
p2204,20220218,20220218,112007000,11:20:10,10884,33149,75520,3588176040,0,0,0
p2204,20220218,20220218,112007500,11:20:10,10884,33149,75520,3588176040,0,0,0
p2204,20220218,20220218,112008500,11:20:10,10884,33149,75520,3588176040,0,0,0
p2204,20220218,20220218,112012500,11:20:12,10884,33149,75520,3588176040,0,0,0
p2204,20220218,20220218,112013000,11:20:13,10884,33149,75520,3588176040,0,0,0
p2204,20220218,20220218,112014500,11:20:14,10884,33149,75520,3588176040,0,0,0
p2204,20220218,20220218,112015000,11:20:15,10886,33160,75519,3589373500,11,-1,1197460
p2204,20220218,20220218,112015500,11:20:16,10886,33160,75519,3589373500,0,0,0
p2204,20220218,20220218,112016000,11:20:16,10886,33160,75519,3589373500,0,0,0
p2204,20220218,20220218,112016500,11:20:16,10886,33160,75519,3589373500,0,0,0
p2204,20220218,20220218,112017000,11:20:17,10886,33160,75519,3589373500,0,0,0
p2204,20220218,20220218,112017500,11:20:17,10886,33160,75519,3589373500,0,0,0
p2204,20220218,20220218,112018000,11:20:18,10886,33160,75519,3589373500,0,0,0
p2204,20220218,20220218,112018500,11:20:18,10886,33160,75519,3589373500,0,0,0
p2204,20220218,20220218,112019000,11:20:19,10886,33160,75519,3589373500,0,0,0
p2204,20220218,20220218,112019500,11:20:20,10886,33160,75519,3589373500,0,0,0
p2204,20220218,20220218,112020000,11:20:20,10886,33160,75519,3589373500,0,0,0
p2204,20220218,20220218,112020500,11:20:21,10886,33160,75519,3589373500,0,0,0
p2204,20220218,20220218,112022000,11:20:22,10884,33162,75517,3589591180,2,-2,217680
p2204,20220218,20220218,112022500,11:20:23,10884,33164,75518,3589808860,2,1,217680
p2204,20220218,20220218,112023000,11:20:23,10884,33164,75518,3589808860,0,0,0
p2204,20220218,20220218,112023500,11:20:23,10884,33164,75518,3589808860,0,0,0
p2204,20220218,20220218,112024000,11:20:24,10884,33164,75518,3589808860,0,0,0
p2204,20220218,20220218,112024500,11:20:24,10884,33164,75518,3589808860,0,0,0
p2204,20220218,20220218,112025000,11:20:25,10884,33164,75518,3589808860,0,0,0
p2204,20220218,20220218,112025500,11:20:25,10884,33164,75518,3589808860,0,0,0
p2204,20220218,20220218,112026000,11:20:26,10884,33164,75518,3589808860,0,0,0
p2204,20220218,20220218,112026500,11:20:26,10884,33164,75518,3589808860,0,0,0
p2204,20220218,20220218,112027000,11:20:27,10884,33164,75518,3589808860,0,0,0
p2204,20220218,20220218,112027500,11:20:28,10884,33164,75518,3589808860,0,0,0
p2204,20220218,20220218,112028000,11:20:28,10884,33164,75518,3589808860,0,0,0
p2204,20220218,20220218,112028500,11:20:28,10884,33164,75518,3589808860,0,0,0
p2204,20220218,20220218,112029000,11:20:29,10884,33164,75518,3589808860,0,0,0
p2204,20220218,20220218,112029500,11:20:30,10884,33164,75518,3589808860,0,0,0
p2204,20220218,20220218,112030000,11:20:31,10884,33164,75518,3589808860,0,0,0
p2204,20220218,20220218,112030500,11:20:31,10884,33164,75518,3589808860,0,0,0
p2204,20220218,20220218,112031000,11:20:32,10884,33164,75518,3589808860,0,0,0
p2204,20220218,20220218,112031500,11:20:32,10884,33164,75518,3589808860,0,0,0
p2204,20220218,20220218,112032000,11:20:32,10884,33166,75518,3590026540,2,0,217680
p2204,20220218,20220218,112032500,11:20:32,10884,33166,75518,3590026540,0,0,0
p2204,20220218,20220218,112033000,11:20:33,10884,33166,75518,3590026540,0,0,0
p2204,20220218,20220218,112033500,11:20:33,10884,33166,75518,3590026540,0,0,0
p2204,20220218,20220218,112034000,11:20:34,10884,33166,75518,3590026540,0,0,0
p2204,20220218,20220218,112034500,11:20:34,10884,33166,75518,3590026540,0,0,0
p2204,20220218,20220218,112035000,11:20:35,10884,33166,75518,3590026540,0,0,0
p2204,20220218,20220218,112035500,11:20:35,10884,33166,75518,3590026540,0,0,0
p2204,20220218,20220218,112036000,11:20:36,10884,33166,75518,3590026540,0,0,0
p2204,20220218,20220218,112036500,11:20:37,10884,33166,75518,3590026540,0,0,0
p2204,20220218,20220218,112037000,11:20:37,10884,33166,75518,3590026540,0,0,0
p2204,20220218,20220218,112037500,11:20:38,10884,33166,75518,3590026540,0,0,0
p2204,20220218,20220218,112038000,11:20:38,10884,33166,75518,3590026540,0,0,0
p2204,20220218,20220218,112038500,11:20:38,10884,33166,75518,3590026540,0,0,0
p2204,20220218,20220218,112039000,11:20:39,10884,33166,75518,3590026540,0,0,0
p2204,20220218,20220218,112039500,11:20:40,10884,33166,75518,3590026540,0,0,0
p2204,20220218,20220218,112040000,11:20:40,10884,33166,75518,3590026540,0,0,0
p2204,20220218,20220218,112040500,11:20:41,10884,33166,75518,3590026540,0,0,0
p2204,20220218,20220218,112041000,11:20:41,10884,33166,75518,3590026540,0,0,0
p2204,20220218,20220218,112041500,11:20:41,10884,33166,75518,3590026540,0,0,0
p2204,20220218,20220218,112042000,11:20:42,10884,33166,75518,3590026540,0,0,0
p2204,20220218,20220218,112042500,11:20:42,10884,33166,75518,3590026540,0,0,0
p2204,20220218,20220218,112043000,11:20:43,10884,33166,75518,3590026540,0,0,0
p2204,20220218,20220218,112043500,11:20:44,10884,33166,75518,3590026540,0,0,0
p2204,20220218,20220218,112044000,11:20:44,10884,33166,75518,3590026540,0,0,0
p2204,20220218,20220218,112044500,11:20:45,10884,33166,75518,3590026540,0,0,0
p2204,20220218,20220218,112045000,11:20:45,10884,33166,75518,3590026540,0,0,0
p2204,20220218,20220218,112045500,11:20:46,10884,33166,75518,3590026540,0,0,0
p2204,20220218,20220218,112046000,11:20:46,10884,33166,75518,3590026540,0,0,0
p2204,20220218,20220218,112046500,11:20:46,10884,33166,75518,3590026540,0,0,0
p2204,20220218,20220218,112047000,11:20:48,10884,33166,75518,3590026540,0,0,0
p2204,20220218,20220218,112047500,11:20:48,10884,33166,75518,3590026540,0,0,0
p2204,20220218,20220218,112048000,11:20:48,10884,33166,75518,3590026540,0,0,0
p2204,20220218,20220218,112048500,11:20:50,10884,33166,75518,3590026540,0,0,0
p2204,20220218,20220218,112049000,11:20:50,10884,33166,75518,3590026540,0,0,0
p2204,20220218,20220218,112049500,11:20:50,10884,33166,75518,3590026540,0,0,0
p2204,20220218,20220218,112050500,11:20:51,10884,33166,75518,3590026540,0,0,0
p2204,20220218,20220218,112051000,11:20:51,10884,33166,75518,3590026540,0,0,0
p2204,20220218,20220218,112051500,11:20:51,10884,33166,75518,3590026540,0,0,0
p2204,20220218,20220218,112052000,11:20:53,10884,33166,75518,3590026540,0,0,0
p2204,20220218,20220218,112052500,11:20:53,10884,33166,75518,3590026540,0,0,0
p2204,20220218,20220218,112053000,11:20:53,10884,33166,75518,3590026540,0,0,0
p2204,20220218,20220218,112053500,11:20:53,10884,33166,75518,3590026540,0,0,0
p2204,20220218,20220218,112054000,11:20:54,10884,33166,75518,3590026540,0,0,0
p2204,20220218,20220218,112054500,11:20:55,10884,33166,75518,3590026540,0,0,0
p2204,20220218,20220218,112055000,11:20:55,10884,33166,75518,3590026540,0,0,0
p2204,20220218,20220218,112055500,11:20:56,10884,33166,75518,3590026540,0,0,0
p2204,20220218,20220218,112056000,11:20:56,10884,33166,75518,3590026540,0,0,0
p2204,20220218,20220218,112056500,11:20:57,10884,33166,75518,3590026540,0,0,0
p2204,20220218,20220218,112057000,11:20:58,10884,33166,75518,3590026540,0,0,0
p2204,20220218,20220218,112057500,11:20:58,10884,33166,75518,3590026540,0,0,0
p2204,20220218,20220218,112058000,11:20:58,10884,33166,75518,3590026540,0,0,0
p2204,20220218,20220218,112058500,11:20:59,10884,33166,75518,3590026540,0,0,0
p2204,20220218,20220218,112059000,11:20:59,10884,33166,75518,3590026540,0,0,0
p2204,20220218,20220218,112059500,11:21:00,10884,33166,75518,3590026540,0,0,0
p2204,20220218,20220218,112100000,11:21:00,10884,33166,75518,3590026540,0,0,0
p2204,20220218,20220218,112100500,11:21:01,10884,33166,75518,3590026540,0,0,0
p2204,20220218,20220218,112101000,11:21:01,10884,33166,75518,3590026540,0,0,0
p2204,20220218,20220218,112101500,11:21:02,10884,33166,75518,3590026540,0,0,0
p2204,20220218,20220218,112102000,11:21:03,10884,33166,75518,3590026540,0,0,0
p2204,20220218,20220218,112102500,11:21:03,10884,33177,75518,3591223780,11,0,1197240
p2204,20220218,20220218,112103000,11:21:03,10884,33177,75518,3591223780,0,0,0
p2204,20220218,20220218,112103500,11:21:04,10884,33177,75518,3591223780,0,0,0
p2204,20220218,20220218,112104500,11:21:05,10884,33177,75518,3591223780,0,0,0
p2204,20220218,20220218,112106500,11:21:07,10884,33177,75518,3591223780,0,0,0
p2204,20220218,20220218,112107000,11:21:09,10884,33177,75518,3591223780,0,0,0
p2204,20220218,20220218,112110000,11:21:10,10884,33180,75521,3591550300,3,3,326520
p2204,20220218,20220218,112110500,11:21:11,10884,33180,75521,3591550300,0,0,0
p2204,20220218,20220218,112111000,11:21:11,10884,33180,75521,3591550300,0,0,0
p2204,20220218,20220218,112111500,11:21:12,10884,33180,75521,3591550300,0,0,0
p2204,20220218,20220218,112112000,11:21:12,10884,33180,75521,3591550300,0,0,0
p2204,20220218,20220218,112112500,11:21:13,10884,33180,75521,3591550300,0,0,0
p2204,20220218,20220218,112113000,11:21:13,10884,33180,75521,3591550300,0,0,0
p2204,20220218,20220218,112113500,11:21:13,10884,33180,75521,3591550300,0,0,0
p2204,20220218,20220218,112114000,11:21:14,10884,33180,75521,3591550300,0,0,0
p2204,20220218,20220218,112114500,11:21:14,10884,33180,75521,3591550300,0,0,0
p2204,20220218,20220218,112115000,11:21:15,10884,33180,75521,3591550300,0,0,0
p2204,20220218,20220218,112115500,11:21:15,10884,33180,75521,3591550300,0,0,0
p2204,20220218,20220218,112116000,11:21:16,10884,33180,75521,3591550300,0,0,0
p2204,20220218,20220218,112116500,11:21:17,10884,33180,75521,3591550300,0,0,0
p2204,20220218,20220218,112117000,11:21:17,10884,33180,75521,3591550300,0,0,0
p2204,20220218,20220218,112117500,11:21:18,10884,33180,75521,3591550300,0,0,0
p2204,20220218,20220218,112118000,11:21:18,10884,33180,75521,3591550300,0,0,0
p2204,20220218,20220218,112118500,11:21:18,10884,33180,75521,3591550300,0,0,0
p2204,20220218,20220218,112119000,11:21:19,10884,33180,75521,3591550300,0,0,0
p2204,20220218,20220218,112119500,11:21:19,10884,33180,75521,3591550300,0,0,0
p2204,20220218,20220218,112120000,11:21:20,10884,33180,75521,3591550300,0,0,0
p2204,20220218,20220218,112120500,11:21:22,10884,33180,75521,3591550300,0,0,0
p2204,20220218,20220218,112121000,11:21:22,10884,33180,75521,3591550300,0,0,0
p2204,20220218,20220218,112121500,11:21:22,10884,33180,75521,3591550300,0,0,0
p2204,20220218,20220218,112122000,11:21:22,10884,33180,75521,3591550300,0,0,0
p2204,20220218,20220218,112122500,11:21:22,10884,33180,75521,3591550300,0,0,0
p2204,20220218,20220218,112123000,11:21:23,10884,33180,75521,3591550300,0,0,0
p2204,20220218,20220218,112123500,11:21:24,10884,33180,75521,3591550300,0,0,0
p2204,20220218,20220218,112124000,11:21:24,10884,33180,75521,3591550300,0,0,0
p2204,20220218,20220218,112124500,11:21:25,10884,33180,75521,3591550300,0,0,0
p2204,20220218,20220218,112125000,11:21:33,10884,33180,75521,3591550300,0,0,0
p2204,20220218,20220218,112125500,11:23:32,10884,33180,75521,3591550300,0,0,0
p2204,20220218,20220218,112126000,11:23:33,10884,33180,75521,3591550300,0,0,0
p2204,20220218,20220218,112332500,11:23:33,10896,33307,75561,3605378720,127,40,13828420
p2204,20220218,20220218,112333000,11:23:33,10896,33307,75561,3605378720,0,0,0
p2204,20220218,20220218,112333500,11:23:33,10896,33307,75561,3605378720,0,0,0
p2204,20220218,20220218,112334000,11:23:34,10896,33307,75561,3605378720,0,0,0
p2204,20220218,20220218,112334500,11:23:34,10896,33307,75561,3605378720,0,0,0
p2204,20220218,20220218,112335000,11:23:35,10896,33307,75561,3605378720,0,0,0
p2204,20220218,20220218,112335500,11:23:35,10896,33312,75561,3605923520,5,0,544800
p2204,20220218,20220218,112336000,11:23:36,10896,33312,75561,3605923520,0,0,0
p2204,20220218,20220218,112336500,11:23:38,10896,33312,75561,3605923520,0,0,0
p2204,20220218,20220218,112337500,11:23:38,10896,33312,75561,3605923520,0,0,0
p2204,20220218,20220218,112338000,11:23:38,10896,33312,75561,3605923520,0,0,0
p2204,20220218,20220218,112348000,11:23:48,10896,33312,75561,3605923520,0,0,0
p2204,20220218,20220218,112348500,11:23:49,10896,33312,75561,3605923520,0,0,0
p2204,20220218,20220218,112349000,11:23:49,10896,33316,75557,3606359340,4,-4,435820
p2204,20220218,20220218,112349500,11:23:50,10896,33316,75557,3606359340,0,0,0
p2204,20220218,20220218,112350000,11:23:50,10896,33316,75557,3606359340,0,0,0
p2204,20220218,20220218,112350500,11:23:50,10896,33316,75557,3606359340,0,0,0
p2204,20220218,20220218,112351000,11:23:51,10896,33316,75557,3606359340,0,0,0
p2204,20220218,20220218,112351500,11:23:51,10896,33316,75557,3606359340,0,0,0
p2204,20220218,20220218,112353000,11:23:53,10896,33316,75557,3606359340,0,0,0
p2204,20220218,20220218,112353500,11:23:53,10896,33316,75557,3606359340,0,0,0
p2204,20220218,20220218,112354000,11:23:54,10896,33316,75557,3606359340,0,0,0
p2204,20220218,20220218,112354500,11:23:55,10896,33316,75557,3606359340,0,0,0
p2204,20220218,20220218,112355000,11:23:55,10896,33316,75557,3606359340,0,0,0
p2204,20220218,20220218,112355500,11:23:55,10896,33316,75557,3606359340,0,0,0
p2204,20220218,20220218,112356000,11:23:56,10896,33316,75557,3606359340,0,0,0
p2204,20220218,20220218,112357000,11:23:57,10896,33316,75557,3606359340,0,0,0
p2204,20220218,20220218,112357500,11:23:57,10896,33316,75557,3606359340,0,0,0
p2204,20220218,20220218,112358000,11:23:58,10896,33316,75557,3606359340,0,0,0
p2204,20220218,20220218,112358500,11:23:58,10896,33316,75557,3606359340,0,0,0
p2204,20220218,20220218,112359500,11:23:59,10896,33316,75557,3606359340,0,0,0
p2204,20220218,20220218,112400000,11:24:00,10896,33316,75557,3606359340,0,0,0
p2204,20220218,20220218,112400500,11:24:00,10896,33316,75557,3606359340,0,0,0
p2204,20220218,20220218,112401000,11:24:01,10896,33316,75557,3606359340,0,0,0
p2204,20220218,20220218,112401500,11:24:01,10896,33316,75557,3606359340,0,0,0
p2204,20220218,20220218,112402000,11:24:02,10896,33316,75557,3606359340,0,0,0
p2204,20220218,20220218,112402500,11:24:02,10896,33316,75557,3606359340,0,0,0
p2204,20220218,20220218,112403000,11:24:03,10896,33316,75557,3606359340,0,0,0
p2204,20220218,20220218,112403500,11:24:04,10896,33317,75557,3606468300,1,0,108960
p2204,20220218,20220218,112404000,11:24:04,10896,33317,75557,3606468300,0,0,0
p2204,20220218,20220218,112404500,11:24:04,10896,33318,75557,3606577260,1,0,108960
p2204,20220218,20220218,112405000,11:24:05,10896,33318,75557,3606577260,0,0,0
p2204,20220218,20220218,112405500,11:24:05,10896,33319,75557,3606686220,1,0,108960
p2204,20220218,20220218,112408500,11:24:08,10896,33320,75557,3606795180,1,0,108960
p2204,20220218,20220218,112410500,11:24:12,10896,33320,75557,3606795180,0,0,0
p2204,20220218,20220218,112411500,11:24:12,10896,33320,75557,3606795180,0,0,0
p2204,20220218,20220218,112412000,11:24:12,10896,33320,75557,3606795180,0,0,0
p2204,20220218,20220218,112412500,11:24:12,10896,33320,75557,3606795180,0,0,0
p2204,20220218,20220218,112413000,11:24:13,10896,33320,75557,3606795180,0,0,0
p2204,20220218,20220218,112413500,11:24:14,10896,33320,75557,3606795180,0,0,0
p2204,20220218,20220218,112414000,11:24:14,10894,33321,75557,3606904120,1,0,108940
p2204,20220218,20220218,112414500,11:24:15,10894,33321,75557,3606904120,0,0,0
p2204,20220218,20220218,112415000,11:24:15,10894,33321,75557,3606904120,0,0,0
p2204,20220218,20220218,112415500,11:24:15,10894,33321,75557,3606904120,0,0,0
p2204,20220218,20220218,112416000,11:24:16,10894,33321,75557,3606904120,0,0,0
p2204,20220218,20220218,112416500,11:24:17,10894,33321,75557,3606904120,0,0,0
p2204,20220218,20220218,112417000,11:24:17,10894,33321,75557,3606904120,0,0,0
p2204,20220218,20220218,112417500,11:24:18,10894,33321,75557,3606904120,0,0,0
p2204,20220218,20220218,112418000,11:24:18,10894,33321,75557,3606904120,0,0,0
p2204,20220218,20220218,112418500,11:24:19,10898,33326,75562,3607449020,5,5,544900
p2204,20220218,20220218,112419000,11:24:19,10900,33331,75565,3607994020,5,3,545000
p2204,20220218,20220218,112419500,11:24:20,10900,33331,75565,3607994020,0,0,0
p2204,20220218,20220218,112420000,11:24:20,10900,33341,75560,3609084020,10,-5,1090000
p2204,20220218,20220218,112420500,11:24:20,10902,33342,75560,3609193040,1,0,109020
p2204,20220218,20220218,112421000,11:24:21,10902,33342,75560,3609193040,0,0,0
p2204,20220218,20220218,112421500,11:24:22,10902,33342,75560,3609193040,0,0,0
p2204,20220218,20220218,112422000,11:24:22,10902,33343,75560,3609302060,1,0,109020
p2204,20220218,20220218,112422500,11:24:23,10902,33343,75560,3609302060,0,0,0
p2204,20220218,20220218,112423000,11:24:23,10902,33343,75560,3609302060,0,0,0
p2204,20220218,20220218,112423500,11:24:23,10902,33343,75560,3609302060,0,0,0
p2204,20220218,20220218,112424000,11:24:24,10902,33343,75560,3609302060,0,0,0
p2204,20220218,20220218,112424500,11:24:24,10902,33343,75560,3609302060,0,0,0
p2204,20220218,20220218,112425000,11:24:25,10898,33363,75570,3611481660,20,10,2179600
p2204,20220218,20220218,112425500,11:24:25,10898,33363,75570,3611481660,0,0,0
p2204,20220218,20220218,112426000,11:24:26,10898,33363,75570,3611481660,0,0,0
p2204,20220218,20220218,112426500,11:24:26,10898,33363,75570,3611481660,0,0,0
p2204,20220218,20220218,112427000,11:24:27,10898,33363,75570,3611481660,0,0,0
p2204,20220218,20220218,112427500,11:24:28,10898,33363,75570,3611481660,0,0,0
p2204,20220218,20220218,112428000,11:24:28,10898,33363,75570,3611481660,0,0,0
p2204,20220218,20220218,112428500,11:24:28,10898,33363,75570,3611481660,0,0,0
p2204,20220218,20220218,112429000,11:24:29,10898,33363,75570,3611481660,0,0,0
p2204,20220218,20220218,112429500,11:24:29,10898,33363,75570,3611481660,0,0,0
p2204,20220218,20220218,112430000,11:24:30,10898,33363,75570,3611481660,0,0,0
p2204,20220218,20220218,112430500,11:24:30,10898,33363,75570,3611481660,0,0,0
p2204,20220218,20220218,112431000,11:24:31,10898,33363,75570,3611481660,0,0,0
p2204,20220218,20220218,112431500,11:24:31,10900,33401,75567,3615623060,38,-3,4141400
p2204,20220218,20220218,112432000,11:24:32,10900,33424,75582,3618130060,23,15,2507000
p2204,20220218,20220218,112432500,11:24:32,10900,33424,75582,3618130060,0,0,0
p2204,20220218,20220218,112433000,11:24:33,10900,33424,75582,3618130060,0,0,0
p2204,20220218,20220218,112433500,11:24:33,10900,33424,75582,3618130060,0,0,0
p2204,20220218,20220218,112434000,11:24:34,10900,33424,75582,3618130060,0,0,0
p2204,20220218,20220218,112437500,11:24:39,10900,33424,75582,3618130060,0,0,0
p2204,20220218,20220218,112438000,11:24:39,10902,33426,75584,3618348100,2,2,218040
p2204,20220218,20220218,112438500,11:24:39,10902,33426,75584,3618348100,0,0,0
p2204,20220218,20220218,112439000,11:24:40,10902,33426,75584,3618348100,0,0,0
p2204,20220218,20220218,112439500,11:24:40,10902,33426,75584,3618348100,0,0,0
p2204,20220218,20220218,112440000,11:24:40,10902,33426,75584,3618348100,0,0,0
p2204,20220218,20220218,112440500,11:24:40,10902,33431,75587,3618893200,5,3,545100
p2204,20220218,20220218,112441000,11:24:41,10902,33434,75588,3619220260,3,1,327060
p2204,20220218,20220218,112441500,11:24:41,10902,33434,75588,3619220260,0,0,0
p2204,20220218,20220218,112442000,11:24:42,10902,33434,75588,3619220260,0,0,0
p2204,20220218,20220218,112442500,11:24:42,10902,33434,75588,3619220260,0,0,0
p2204,20220218,20220218,112443000,11:24:43,10902,33434,75588,3619220260,0,0,0
p2204,20220218,20220218,112443500,11:24:43,10902,33434,75588,3619220260,0,0,0
p2204,20220218,20220218,112444000,11:24:44,10902,33434,75588,3619220260,0,0,0
p2204,20220218,20220218,112444500,11:24:44,10902,33434,75588,3619220260,0,0,0
p2204,20220218,20220218,112445000,11:24:45,10902,33434,75588,3619220260,0,0,0
p2204,20220218,20220218,112445500,11:24:45,10902,33434,75588,3619220260,0,0,0
p2204,20220218,20220218,112446000,11:24:46,10902,33434,75588,3619220260,0,0,0
p2204,20220218,20220218,112446500,11:24:46,10902,33434,75588,3619220260,0,0,0
p2204,20220218,20220218,112447000,11:24:47,10902,33434,75588,3619220260,0,0,0
p2204,20220218,20220218,112447500,11:24:47,10902,33434,75588,3619220260,0,0,0
p2204,20220218,20220218,112448000,11:24:48,10902,33434,75588,3619220260,0,0,0
p2204,20220218,20220218,112448500,11:24:49,10906,33435,75589,3619329320,1,1,109060
p2204,20220218,20220218,112449000,11:24:49,10906,33436,75590,3619438380,1,1,109060
p2204,20220218,20220218,112449500,11:24:49,10906,33436,75590,3619438380,0,0,0
p2204,20220218,20220218,112450000,11:24:50,10906,33436,75590,3619438380,0,0,0
p2204,20220218,20220218,112450500,11:24:50,10906,33437,75591,3619547440,1,1,109060
p2204,20220218,20220218,112451000,11:24:51,10906,33437,75591,3619547440,0,0,0
p2204,20220218,20220218,112451500,11:24:52,10906,33437,75591,3619547440,0,0,0
p2204,20220218,20220218,112452000,11:24:52,10906,33437,75591,3619547440,0,0,0
p2204,20220218,20220218,112452500,11:24:52,10906,33437,75591,3619547440,0,0,0
p2204,20220218,20220218,112453000,11:24:53,10906,33437,75591,3619547440,0,0,0
p2204,20220218,20220218,112453500,11:24:53,10906,33437,75591,3619547440,0,0,0
p2204,20220218,20220218,112454000,11:24:54,10906,33437,75591,3619547440,0,0,0
p2204,20220218,20220218,112454500,11:24:54,10906,33438,75591,3619656500,1,0,109060
p2204,20220218,20220218,112455000,11:24:55,10906,33456,75592,3621619580,18,1,1963080
p2204,20220218,20220218,112455500,11:24:56,10906,33456,75592,3621619580,0,0,0
p2204,20220218,20220218,112456000,11:24:56,10906,33456,75592,3621619580,0,0,0
p2204,20220218,20220218,112456500,11:24:56,10906,33456,75592,3621619580,0,0,0
p2204,20220218,20220218,112459000,11:24:59,10906,33462,75587,3622273960,6,-5,654380
p2204,20220218,20220218,112459500,11:24:59,10906,33462,75587,3622273960,0,0,0
p2204,20220218,20220218,112500000,11:25:00,10908,33463,75587,3622383040,1,0,109080
p2204,20220218,20220218,112500500,11:25:01,10908,33464,75586,3622492120,1,-1,109080
p2204,20220218,20220218,112501000,11:25:01,10908,33464,75586,3622492120,0,0,0
p2204,20220218,20220218,112501500,11:25:04,10908,33464,75586,3622492120,0,0,0
p2204,20220218,20220218,112502000,11:25:05,10908,33464,75586,3622492120,0,0,0
p2204,20220218,20220218,112502500,11:25:06,10904,33472,75586,3623364440,8,0,872320
p2204,20220218,20220218,112504500,11:25:06,10904,33472,75586,3623364440,0,0,0
p2204,20220218,20220218,112505000,11:25:06,10904,33472,75586,3623364440,0,0,0
p2204,20220218,20220218,112505500,11:25:06,10904,33472,75586,3623364440,0,0,0
p2204,20220218,20220218,112506000,11:25:06,10904,33472,75586,3623364440,0,0,0
p2204,20220218,20220218,112506500,11:25:07,10904,33472,75586,3623364440,0,0,0
p2204,20220218,20220218,112507000,11:25:07,10904,33472,75586,3623364440,0,0,0
p2204,20220218,20220218,112507500,11:25:07,10904,33472,75586,3623364440,0,0,0
p2204,20220218,20220218,112508000,11:25:08,10904,33472,75586,3623364440,0,0,0
p2204,20220218,20220218,112508500,11:25:08,10904,33472,75586,3623364440,0,0,0
p2204,20220218,20220218,112509000,11:25:09,10904,33472,75586,3623364440,0,0,0
p2204,20220218,20220218,112509500,11:25:09,10904,33472,75586,3623364440,0,0,0
p2204,20220218,20220218,112510000,11:25:10,10904,33472,75586,3623364440,0,0,0
p2204,20220218,20220218,112510500,11:25:10,10904,33472,75586,3623364440,0,0,0
p2204,20220218,20220218,112511000,11:25:11,10904,33472,75586,3623364440,0,0,0
p2204,20220218,20220218,112511500,11:25:11,10904,33472,75586,3623364440,0,0,0
p2204,20220218,20220218,112512000,11:25:12,10902,33479,75585,3624127700,7,-1,763260
p2204,20220218,20220218,112512500,11:25:12,10902,33479,75585,3624127700,0,0,0
p2204,20220218,20220218,112513000,11:25:13,10902,33479,75585,3624127700,0,0,0
p2204,20220218,20220218,112513500,11:25:15,10902,33479,75585,3624127700,0,0,0
p2204,20220218,20220218,112514000,11:25:15,10902,33479,75585,3624127700,0,0,0
p2204,20220218,20220218,112514500,11:25:15,10902,33479,75585,3624127700,0,0,0
p2204,20220218,20220218,112515000,11:25:16,10902,33479,75585,3624127700,0,0,0
p2204,20220218,20220218,112515500,11:25:16,10902,33479,75585,3624127700,0,0,0
p2204,20220218,20220218,112516000,11:25:16,10902,33479,75585,3624127700,0,0,0
p2204,20220218,20220218,112516500,11:25:16,10902,33479,75585,3624127700,0,0,0
p2204,20220218,20220218,112517000,11:25:18,10902,33479,75585,3624127700,0,0,0
p2204,20220218,20220218,112517500,11:25:18,10910,33489,75583,3625218700,10,-2,1091000
p2204,20220218,20220218,112518000,11:25:19,10914,33559,75579,3632858200,70,-4,7639500
p2204,20220218,20220218,112518500,11:25:19,10914,33561,75579,3633076480,2,0,218280
p2204,20220218,20220218,112519000,11:25:19,10916,33621,75582,3639625440,60,3,6548960
p2204,20220218,20220218,112519500,11:25:19,10916,33621,75582,3639625440,0,0,0
p2204,20220218,20220218,112520500,11:25:21,10916,33621,75582,3639625440,0,0,0
p2204,20220218,20220218,112521000,11:25:21,10914,33622,75582,3639734580,1,0,109140
p2204,20220218,20220218,112521500,11:25:22,10914,33622,75582,3639734580,0,0,0
p2204,20220218,20220218,112522000,11:25:22,10916,33623,75583,3639843740,1,1,109160
p2204,20220218,20220218,112522500,11:25:23,10916,33623,75583,3639843740,0,0,0
p2204,20220218,20220218,112523000,11:25:23,10918,33626,75586,3640171280,3,3,327540
p2204,20220218,20220218,112523500,11:25:24,10918,33626,75586,3640171280,0,0,0
p2204,20220218,20220218,112524000,11:25:25,10918,33626,75586,3640171280,0,0,0
p2204,20220218,20220218,112524500,11:25:25,10920,33674,75618,3645412880,48,32,5241600
p2204,20220218,20220218,112525000,11:25:25,10920,33678,75617,3645849680,4,-1,436800
p2204,20220218,20220218,112525500,11:25:26,10920,33685,75619,3646614080,7,2,764400
p2204,20220218,20220218,112526000,11:25:26,10920,33685,75619,3646614080,0,0,0
p2204,20220218,20220218,112526500,11:25:27,10920,33685,75619,3646614080,0,0,0
p2204,20220218,20220218,112527000,11:25:28,10918,33688,75619,3646941620,3,0,327540
p2204,20220218,20220218,112527500,11:25:28,10918,33688,75619,3646941620,0,0,0
p2204,20220218,20220218,112528000,11:25:28,10918,33688,75619,3646941620,0,0,0
p2204,20220218,20220218,112528500,11:25:28,10918,33688,75619,3646941620,0,0,0
p2204,20220218,20220218,112529000,11:25:29,10918,33696,75611,3647815060,8,-8,873440
p2204,20220218,20220218,112529500,11:25:30,10916,33705,75615,3648797500,9,4,982440
p2204,20220218,20220218,112530000,11:25:31,10916,33705,75615,3648797500,0,0,0
p2204,20220218,20220218,112530500,11:25:31,10916,33705,75615,3648797500,0,0,0
p2204,20220218,20220218,112531000,11:25:31,10916,33705,75615,3648797500,0,0,0
p2204,20220218,20220218,112531500,11:25:32,10918,33707,75614,3649015840,2,-1,218340
p2204,20220218,20220218,112532000,11:25:32,10918,33707,75614,3649015840,0,0,0
p2204,20220218,20220218,112532500,11:25:33,10918,33708,75614,3649125020,1,0,109180
p2204,20220218,20220218,112533000,11:25:33,10918,33708,75614,3649125020,0,0,0
p2204,20220218,20220218,112533500,11:25:33,10918,33709,75614,3649234200,1,0,109180
p2204,20220218,20220218,112534500,11:25:35,10916,33715,75615,3649889180,6,1,654980
p2204,20220218,20220218,112535000,11:25:36,10916,33715,75615,3649889180,0,0,0
p2204,20220218,20220218,112535500,11:25:37,10916,33715,75615,3649889180,0,0,0
p2204,20220218,20220218,112536000,11:25:37,10916,33715,75615,3649889180,0,0,0
p2204,20220218,20220218,112537500,11:25:38,10916,33715,75615,3649889180,0,0,0
p2204,20220218,20220218,112538000,11:25:38,10916,33715,75615,3649889180,0,0,0
p2204,20220218,20220218,112538500,11:25:39,10916,33715,75615,3649889180,0,0,0
p2204,20220218,20220218,112539000,11:25:39,10916,33715,75615,3649889180,0,0,0
p2204,20220218,20220218,112539500,11:25:40,10916,33715,75615,3649889180,0,0,0
p2204,20220218,20220218,112540000,11:25:40,10920,33721,75617,3650544380,6,2,655200
p2204,20220218,20220218,112541000,11:25:41,10920,33721,75617,3650544380,0,0,0
p2204,20220218,20220218,112541500,11:25:41,10920,33721,75617,3650544380,0,0,0
p2204,20220218,20220218,112542000,11:25:42,10920,33721,75617,3650544380,0,0,0
p2204,20220218,20220218,112542500,11:25:43,10920,33721,75617,3650544380,0,0,0
p2204,20220218,20220218,112543000,11:25:43,10920,33721,75617,3650544380,0,0,0
p2204,20220218,20220218,112544000,11:25:44,10920,33721,75617,3650544380,0,0,0
p2204,20220218,20220218,112544500,11:25:44,10920,33721,75617,3650544380,0,0,0
p2204,20220218,20220218,112545000,11:25:45,10920,33721,75617,3650544380,0,0,0
p2204,20220218,20220218,112545500,11:25:46,10920,33721,75617,3650544380,0,0,0
p2204,20220218,20220218,112546000,11:25:47,10920,33721,75617,3650544380,0,0,0
p2204,20220218,20220218,112546500,11:25:47,10920,33741,75618,3652728380,20,1,2184000
p2204,20220218,20220218,112547000,11:25:48,10920,33741,75618,3652728380,0,0,0
p2204,20220218,20220218,112547500,11:25:48,10920,33765,75618,3655349080,24,0,2620700
p2204,20220218,20220218,112548000,11:25:48,10920,33765,75618,3655349080,0,0,0
p2204,20220218,20220218,112548500,11:25:48,10920,33765,75618,3655349080,0,0,0
p2204,20220218,20220218,112549000,11:25:49,10916,33767,75618,3655567400,2,0,218320
p2204,20220218,20220218,112549500,11:25:49,10916,33767,75618,3655567400,0,0,0
p2204,20220218,20220218,112550000,11:25:50,10916,33767,75618,3655567400,0,0,0
p2204,20220218,20220218,112550500,11:25:51,10916,33767,75618,3655567400,0,0,0
p2204,20220218,20220218,112551000,11:25:51,10916,33767,75618,3655567400,0,0,0
p2204,20220218,20220218,112552000,11:25:52,10916,33768,75618,3655676560,1,0,109160
p2204,20220218,20220218,112552500,11:25:52,10916,33768,75618,3655676560,0,0,0
p2204,20220218,20220218,112553000,11:25:53,10916,33768,75618,3655676560,0,0,0
p2204,20220218,20220218,112553500,11:25:54,10920,33778,75613,3656768560,10,-5,1092000
p2204,20220218,20220218,112554000,11:25:54,10918,33784,75614,3657423640,6,1,655080
p2204,20220218,20220218,112554500,11:25:55,10918,33788,75616,3657860360,4,2,436720
p2204,20220218,20220218,112555000,11:25:55,10918,33788,75616,3657860360,0,0,0
p2204,20220218,20220218,112555500,11:25:56,10918,33788,75616,3657860360,0,0,0
p2204,20220218,20220218,112556500,11:25:57,10918,33788,75616,3657860360,0,0,0
p2204,20220218,20220218,112557000,11:25:57,10918,33788,75616,3657860360,0,0,0
p2204,20220218,20220218,112557500,11:25:57,10918,33788,75616,3657860360,0,0,0
p2204,20220218,20220218,112558000,11:25:59,10918,33788,75616,3657860360,0,0,0
p2204,20220218,20220218,112558500,11:25:59,10918,33788,75616,3657860360,0,0,0
p2204,20220218,20220218,112559000,11:26:00,10918,33801,75610,3659279700,13,-6,1419340
p2204,20220218,20220218,112559500,11:26:00,10918,33801,75610,3659279700,0,0,0
p2204,20220218,20220218,112600000,11:26:00,10918,33801,75610,3659279700,0,0,0
p2204,20220218,20220218,112600500,11:26:01,10918,33801,75610,3659279700,0,0,0
p2204,20220218,20220218,112601000,11:26:01,10918,33801,75610,3659279700,0,0,0
p2204,20220218,20220218,112601500,11:26:03,10918,33801,75610,3659279700,0,0,0
p2204,20220218,20220218,112602000,11:26:03,10924,33802,75611,3659388940,1,1,109240
p2204,20220218,20220218,112603000,11:26:03,10924,33803,75612,3659498180,1,1,109240
p2204,20220218,20220218,112603500,11:26:03,10924,33803,75612,3659498180,0,0,0
p2204,20220218,20220218,112604000,11:26:05,10922,33804,75612,3659607400,1,0,109220
p2204,20220218,20220218,112604500,11:26:05,10922,33804,75612,3659607400,0,0,0
p2204,20220218,20220218,112605000,11:26:05,10922,33804,75612,3659607400,0,0,0
p2204,20220218,20220218,112605500,11:26:06,10922,33804,75612,3659607400,0,0,0
p2204,20220218,20220218,112606000,11:26:06,10922,33804,75612,3659607400,0,0,0
p2204,20220218,20220218,112606500,11:26:07,10922,33804,75612,3659607400,0,0,0
p2204,20220218,20220218,112607000,11:26:09,10922,33804,75612,3659607400,0,0,0
p2204,20220218,20220218,112607500,11:26:09,10928,33819,75622,3661246600,15,10,1639200
p2204,20220218,20220218,112609000,11:26:10,10928,33819,75622,3661246600,0,0,0
p2204,20220218,20220218,112609500,11:26:10,10932,33834,75617,3662886100,15,-5,1639500
p2204,20220218,20220218,112610000,11:26:10,10932,33834,75617,3662886100,0,0,0
p2204,20220218,20220218,112610500,11:26:11,10932,33835,75617,3662995420,1,0,109320
p2204,20220218,20220218,112611000,11:26:11,10932,33840,75622,3663542020,5,5,546600
p2204,20220218,20220218,112611500,11:26:13,10932,33841,75622,3663651340,1,0,109320
p2204,20220218,20220218,112612000,11:26:14,10930,33843,75622,3663869940,2,0,218600
p2204,20220218,20220218,112612500,11:26:14,10932,33844,75622,3663979260,1,0,109320
p2204,20220218,20220218,112613000,11:26:15,10932,33844,75622,3663979260,0,0,0
p2204,20220218,20220218,112613500,11:26:15,10932,33845,75622,3664088580,1,0,109320
p2204,20220218,20220218,112614000,11:26:15,10932,33845,75622,3664088580,0,0,0
p2204,20220218,20220218,112614500,11:26:16,10932,33845,75622,3664088580,0,0,0
p2204,20220218,20220218,112615000,11:26:16,10928,33846,75622,3664197860,1,0,109280
p2204,20220218,20220218,112615500,11:26:16,10928,33846,75622,3664197860,0,0,0
p2204,20220218,20220218,112616000,11:26:16,10928,33846,75622,3664197860,0,0,0
p2204,20220218,20220218,112616500,11:26:17,10928,33846,75622,3664197860,0,0,0
p2204,20220218,20220218,112617000,11:26:17,10928,33846,75622,3664197860,0,0,0
p2204,20220218,20220218,112617500,11:26:17,10928,33846,75622,3664197860,0,0,0
p2204,20220218,20220218,112618000,11:26:18,10928,33851,75622,3664744260,5,0,546400
p2204,20220218,20220218,112618500,11:26:18,10928,33851,75622,3664744260,0,0,0
p2204,20220218,20220218,112619000,11:26:19,10928,33851,75622,3664744260,0,0,0
p2204,20220218,20220218,112619500,11:26:20,10928,33851,75622,3664744260,0,0,0
p2204,20220218,20220218,112620000,11:26:20,10928,33851,75622,3664744260,0,0,0
p2204,20220218,20220218,112620500,11:26:20,10928,33856,75622,3665290660,5,0,546400
p2204,20220218,20220218,112621000,11:26:21,10928,33856,75622,3665290660,0,0,0
p2204,20220218,20220218,112621500,11:26:21,10928,33856,75622,3665290660,0,0,0
p2204,20220218,20220218,112622000,11:26:22,10928,33856,75622,3665290660,0,0,0
p2204,20220218,20220218,112622500,11:26:22,10928,33861,75622,3665837060,5,0,546400
p2204,20220218,20220218,112623000,11:26:23,10928,33861,75622,3665837060,0,0,0
p2204,20220218,20220218,112623500,11:26:23,10928,33861,75622,3665837060,0,0,0
p2204,20220218,20220218,112624000,11:26:24,10928,33861,75622,3665837060,0,0,0
p2204,20220218,20220218,112624500,11:26:24,10928,33861,75622,3665837060,0,0,0
p2204,20220218,20220218,112625000,11:26:25,10932,33862,75622,3665946380,1,0,109320
p2204,20220218,20220218,112625500,11:26:25,10932,33862,75622,3665946380,0,0,0
p2204,20220218,20220218,112626000,11:26:26,10932,33862,75622,3665946380,0,0,0
p2204,20220218,20220218,112626500,11:26:27,10934,33863,75621,3666055720,1,-1,109340
p2204,20220218,20220218,112627000,11:26:27,10934,33863,75621,3666055720,0,0,0
p2204,20220218,20220218,112627500,11:26:27,10934,33863,75621,3666055720,0,0,0
p2204,20220218,20220218,112628000,11:26:28,10934,33863,75621,3666055720,0,0,0
p2204,20220218,20220218,112628500,11:26:28,10934,33863,75621,3666055720,0,0,0
p2204,20220218,20220218,112629000,11:26:29,10934,33863,75621,3666055720,0,0,0
p2204,20220218,20220218,112629500,11:26:30,10934,33864,75621,3666165060,1,0,109340
p2204,20220218,20220218,112630000,11:26:31,10936,33865,75621,3666274420,1,0,109360
p2204,20220218,20220218,112630500,11:26:31,10936,33865,75621,3666274420,0,0,0
p2204,20220218,20220218,112631000,11:26:31,10936,33866,75621,3666383780,1,0,109360
p2204,20220218,20220218,112631500,11:26:32,10936,33866,75621,3666383780,0,0,0
p2204,20220218,20220218,112632000,11:26:32,10936,33867,75622,3666493140,1,1,109360
p2204,20220218,20220218,112632500,11:26:32,10936,33867,75622,3666493140,0,0,0
p2204,20220218,20220218,112633000,11:26:33,10934,33874,75621,3667258520,7,-1,765380
p2204,20220218,20220218,112633500,11:26:34,10936,33875,75620,3667367880,1,-1,109360
p2204,20220218,20220218,112634000,11:26:35,10938,33876,75621,3667477260,1,1,109380
p2204,20220218,20220218,112634500,11:26:37,10938,33876,75621,3667477260,0,0,0
p2204,20220218,20220218,112635500,11:26:38,10938,33876,75621,3667477260,0,0,0
p2204,20220218,20220218,112636000,11:26:38,10938,33876,75621,3667477260,0,0,0
p2204,20220218,20220218,112637000,11:26:54,10938,33876,75621,3667477260,0,0,0
p2204,20220218,20220218,112637500,11:26:54,10938,33876,75621,3667477260,0,0,0
p2204,20220218,20220218,112638000,11:27:10,10938,33876,75621,3667477260,0,0,0
p2204,20220218,20220218,112638500,11:27:10,10938,33876,75621,3667477260,0,0,0
p2204,20220218,20220218,112653500,11:27:11,10938,33876,75621,3667477260,0,0,0
p2204,20220218,20220218,112710000,11:27:12,10938,33876,75621,3667477260,0,0,0
p2204,20220218,20220218,112710500,11:27:12,10938,33876,75621,3667477260,0,0,0
p2204,20220218,20220218,112712000,11:27:13,10938,33876,75621,3667477260,0,0,0
p2204,20220218,20220218,112712500,11:27:13,10938,33876,75621,3667477260,0,0,0
p2204,20220218,20220218,112713000,11:27:14,10938,33876,75621,3667477260,0,0,0
p2204,20220218,20220218,112713500,11:27:14,10938,33876,75621,3667477260,0,0,0
p2204,20220218,20220218,112716000,11:27:17,10938,33876,75621,3667477260,0,0,0
p2204,20220218,20220218,112717500,11:27:17,10934,33923,75623,3672616300,47,2,5139040
p2204,20220218,20220218,112718000,11:27:18,10934,33923,75623,3672616300,0,0,0
p2204,20220218,20220218,112718500,11:27:19,10934,33923,75623,3672616300,0,0,0
p2204,20220218,20220218,112719000,11:27:19,10934,33923,75623,3672616300,0,0,0
p2204,20220218,20220218,112719500,11:27:20,10934,33923,75623,3672616300,0,0,0
p2204,20220218,20220218,112720000,11:27:20,10934,33923,75623,3672616300,0,0,0
p2204,20220218,20220218,112720500,11:27:21,10934,33923,75623,3672616300,0,0,0
p2204,20220218,20220218,112721500,11:27:22,10934,33923,75623,3672616300,0,0,0
p2204,20220218,20220218,112722000,11:27:22,10934,33923,75623,3672616300,0,0,0
p2204,20220218,20220218,112722500,11:27:22,10934,33923,75623,3672616300,0,0,0
p2204,20220218,20220218,112723500,11:27:27,10934,33923,75623,3672616300,0,0,0
p2204,20220218,20220218,112724000,11:27:27,10934,33923,75623,3672616300,0,0,0
p2204,20220218,20220218,112726500,11:27:27,10934,33923,75623,3672616300,0,0,0
p2204,20220218,20220218,112727000,11:27:27,10934,33923,75623,3672616300,0,0,0
p2204,20220218,20220218,112727500,11:27:27,10934,33923,75623,3672616300,0,0,0
p2204,20220218,20220218,112728500,11:27:28,10934,33923,75623,3672616300,0,0,0
p2204,20220218,20220218,112729000,11:27:29,10934,33923,75623,3672616300,0,0,0
p2204,20220218,20220218,112729500,11:27:29,10934,33923,75623,3672616300,0,0,0
p2204,20220218,20220218,112730000,11:27:30,10934,33923,75623,3672616300,0,0,0
p2204,20220218,20220218,112730500,11:27:31,10934,33923,75623,3672616300,0,0,0
p2204,20220218,20220218,112731000,11:27:33,10934,33923,75623,3672616300,0,0,0
p2204,20220218,20220218,112731500,11:27:35,10934,33923,75623,3672616300,0,0,0
p2204,20220218,20220218,112735500,11:27:36,10934,33923,75623,3672616300,0,0,0
p2204,20220218,20220218,112736000,11:27:37,10934,33923,75623,3672616300,0,0,0
p2204,20220218,20220218,112736500,11:27:38,10934,33923,75623,3672616300,0,0,0
p2204,20220218,20220218,112737000,11:27:38,10934,33923,75623,3672616300,0,0,0
p2204,20220218,20220218,112737500,11:27:38,10934,33923,75623,3672616300,0,0,0
p2204,20220218,20220218,112738000,11:27:39,10936,33932,75622,3673600440,9,-1,984140
p2204,20220218,20220218,112738500,11:27:39,10936,33932,75622,3673600440,0,0,0
p2204,20220218,20220218,112739000,11:27:39,10936,33932,75622,3673600440,0,0,0
p2204,20220218,20220218,112739500,11:27:39,10936,33932,75622,3673600440,0,0,0
p2204,20220218,20220218,112740000,11:27:40,10934,33936,75622,3674037800,4,0,437360
p2204,20220218,20220218,112740500,11:27:40,10932,33938,75621,3674256480,2,-1,218680
p2204,20220218,20220218,112741000,11:27:41,10932,33938,75621,3674256480,0,0,0
p2204,20220218,20220218,112741500,11:27:42,10932,33938,75621,3674256480,0,0,0
p2204,20220218,20220218,112742000,11:27:42,10932,33938,75621,3674256480,0,0,0
p2204,20220218,20220218,112742500,11:27:43,10932,33938,75621,3674256480,0,0,0
p2204,20220218,20220218,112743000,11:27:43,10932,33938,75621,3674256480,0,0,0
p2204,20220218,20220218,112743500,11:27:43,10932,33938,75621,3674256480,0,0,0
p2204,20220218,20220218,112744000,11:27:44,10932,33938,75621,3674256480,0,0,0
p2204,20220218,20220218,112744500,11:27:45,10932,33938,75621,3674256480,0,0,0
p2204,20220218,20220218,112745000,11:27:45,10932,33938,75621,3674256480,0,0,0
p2204,20220218,20220218,112745500,11:27:46,10932,33938,75621,3674256480,0,0,0
p2204,20220218,20220218,112746000,11:27:46,10932,33938,75621,3674256480,0,0,0
p2204,20220218,20220218,112746500,11:27:47,10932,33938,75621,3674256480,0,0,0
p2204,20220218,20220218,112747000,11:27:47,10932,33938,75621,3674256480,0,0,0
p2204,20220218,20220218,112748000,11:27:53,10932,33938,75621,3674256480,0,0,0
p2204,20220218,20220218,112748500,11:27:54,10932,33938,75621,3674256480,0,0,0
p2204,20220218,20220218,112749000,11:27:54,10932,33938,75621,3674256480,0,0,0
p2204,20220218,20220218,112749500,11:27:54,10932,33938,75621,3674256480,0,0,0
p2204,20220218,20220218,112754000,11:27:54,10932,33938,75621,3674256480,0,0,0
p2204,20220218,20220218,112754500,11:27:54,10932,33938,75621,3674256480,0,0,0
p2204,20220218,20220218,112755000,11:27:55,10932,33938,75621,3674256480,0,0,0
p2204,20220218,20220218,112755500,11:27:55,10932,33938,75621,3674256480,0,0,0
p2204,20220218,20220218,112756000,11:27:56,10932,33938,75621,3674256480,0,0,0
p2204,20220218,20220218,112756500,11:27:56,10932,33938,75621,3674256480,0,0,0
p2204,20220218,20220218,112757000,11:27:57,10932,33938,75621,3674256480,0,0,0
p2204,20220218,20220218,112757500,11:27:57,10932,33938,75621,3674256480,0,0,0
p2204,20220218,20220218,112758000,11:27:58,10932,33938,75621,3674256480,0,0,0
p2204,20220218,20220218,112758500,11:27:59,10932,33938,75621,3674256480,0,0,0
p2204,20220218,20220218,112759000,11:27:59,10932,33938,75621,3674256480,0,0,0
p2204,20220218,20220218,112759500,11:27:59,10932,33938,75621,3674256480,0,0,0
p2204,20220218,20220218,112800000,11:28:00,10932,33938,75621,3674256480,0,0,0
p2204,20220218,20220218,112800500,11:28:01,10932,33938,75621,3674256480,0,0,0
p2204,20220218,20220218,112801000,11:28:01,10932,33938,75621,3674256480,0,0,0
p2204,20220218,20220218,112801500,11:28:02,10932,33938,75621,3674256480,0,0,0
p2204,20220218,20220218,112802000,11:28:03,10932,33938,75621,3674256480,0,0,0
p2204,20220218,20220218,112802500,11:28:03,10932,33938,75621,3674256480,0,0,0
p2204,20220218,20220218,112803000,11:28:04,10932,33938,75621,3674256480,0,0,0
p2204,20220218,20220218,112803500,11:28:04,10932,33938,75621,3674256480,0,0,0
p2204,20220218,20220218,112804000,11:28:04,10932,33938,75621,3674256480,0,0,0
p2204,20220218,20220218,112804500,11:28:05,10932,33938,75621,3674256480,0,0,0
p2204,20220218,20220218,112805000,11:28:06,10932,33938,75621,3674256480,0,0,0
p2204,20220218,20220218,112805500,11:28:06,10930,33941,75620,3674584380,3,-1,327900
p2204,20220218,20220218,112806000,11:28:10,10930,33943,75618,3674802980,2,-2,218600
p2204,20220218,20220218,112806500,11:28:10,10932,33952,75618,3675786860,9,0,983880
p2204,20220218,20220218,112807000,11:28:10,10932,33952,75618,3675786860,0,0,0
p2204,20220218,20220218,112807500,11:28:11,10932,33953,75618,3675896180,1,0,109320
p2204,20220218,20220218,112809500,11:28:11,10932,33953,75618,3675896180,0,0,0
p2204,20220218,20220218,112810500,11:28:12,10932,33953,75618,3675896180,0,0,0
p2204,20220218,20220218,112812500,11:28:13,10932,33953,75618,3675896180,0,0,0
p2204,20220218,20220218,112815000,11:28:15,10930,33957,75618,3676333440,4,0,437260
p2204,20220218,20220218,112815500,11:28:15,10930,33957,75618,3676333440,0,0,0
p2204,20220218,20220218,112816000,11:28:16,10930,33957,75618,3676333440,0,0,0
p2204,20220218,20220218,112816500,11:28:16,10930,33957,75618,3676333440,0,0,0
p2204,20220218,20220218,112817000,11:28:17,10930,33957,75618,3676333440,0,0,0
p2204,20220218,20220218,112817500,11:28:17,10930,33957,75618,3676333440,0,0,0
p2204,20220218,20220218,112818000,11:28:18,10930,33957,75618,3676333440,0,0,0
p2204,20220218,20220218,112818500,11:28:18,10930,33957,75618,3676333440,0,0,0
p2204,20220218,20220218,112819000,11:28:19,10930,33957,75618,3676333440,0,0,0
p2204,20220218,20220218,112819500,11:28:19,10930,33957,75618,3676333440,0,0,0
p2204,20220218,20220218,112820000,11:28:20,10930,33957,75618,3676333440,0,0,0
p2204,20220218,20220218,112820500,11:28:20,10930,33957,75618,3676333440,0,0,0
p2204,20220218,20220218,112821000,11:28:21,10930,33957,75618,3676333440,0,0,0
p2204,20220218,20220218,112822500,11:28:22,10930,33957,75618,3676333440,0,0,0
p2204,20220218,20220218,112823000,11:28:23,10930,33957,75618,3676333440,0,0,0
p2204,20220218,20220218,112823500,11:28:24,10930,33957,75618,3676333440,0,0,0
p2204,20220218,20220218,112824000,11:28:24,10930,33957,75618,3676333440,0,0,0
p2204,20220218,20220218,112824500,11:28:25,10930,33957,75618,3676333440,0,0,0
p2204,20220218,20220218,112825000,11:28:25,10930,33957,75618,3676333440,0,0,0
p2204,20220218,20220218,112826000,11:28:26,10930,33957,75618,3676333440,0,0,0
p2204,20220218,20220218,112826500,11:28:27,10930,33957,75618,3676333440,0,0,0
p2204,20220218,20220218,112827000,11:28:27,10930,33957,75618,3676333440,0,0,0
p2204,20220218,20220218,112829000,11:28:29,10930,33957,75618,3676333440,0,0,0
p2204,20220218,20220218,112829500,11:28:29,10930,33957,75618,3676333440,0,0,0
p2204,20220218,20220218,112830000,11:28:30,10930,33957,75618,3676333440,0,0,0
p2204,20220218,20220218,112830500,11:28:31,10930,33957,75618,3676333440,0,0,0
p2204,20220218,20220218,112832500,11:28:33,10926,33962,75613,3676879800,5,-5,546360
p2204,20220218,20220218,112833000,11:28:33,10928,33963,75613,3676989080,1,0,109280
p2204,20220218,20220218,112833500,11:28:33,10928,33963,75613,3676989080,0,0,0
p2204,20220218,20220218,112834000,11:28:34,10928,33963,75613,3676989080,0,0,0
p2204,20220218,20220218,112834500,11:28:34,10928,33963,75613,3676989080,0,0,0
p2204,20220218,20220218,112836000,11:28:37,10928,33963,75613,3676989080,0,0,0
p2204,20220218,20220218,112836500,11:28:37,10928,33963,75613,3676989080,0,0,0
p2204,20220218,20220218,112837000,11:28:37,10928,33963,75613,3676989080,0,0,0
p2204,20220218,20220218,112837500,11:28:38,10928,33963,75613,3676989080,0,0,0
p2204,20220218,20220218,112838500,11:28:38,10928,33963,75613,3676989080,0,0,0
p2204,20220218,20220218,112840500,11:28:40,10928,33963,75613,3676989080,0,0,0
p2204,20220218,20220218,112841000,11:28:41,10928,33964,75612,3677098360,1,-1,109280
p2204,20220218,20220218,112841500,11:28:41,10928,33964,75612,3677098360,0,0,0
p2204,20220218,20220218,112842000,11:28:42,10928,33964,75612,3677098360,0,0,0
p2204,20220218,20220218,112842500,11:28:43,10928,33964,75612,3677098360,0,0,0
p2204,20220218,20220218,112844000,11:28:44,10926,33965,75613,3677207620,1,1,109260
p2204,20220218,20220218,112844500,11:28:44,10926,33965,75613,3677207620,0,0,0
p2204,20220218,20220218,112845000,11:28:45,10926,33965,75613,3677207620,0,0,0
p2204,20220218,20220218,112845500,11:28:45,10926,33965,75613,3677207620,0,0,0
p2204,20220218,20220218,112846000,11:28:46,10926,33965,75613,3677207620,0,0,0
p2204,20220218,20220218,112846500,11:28:46,10926,33965,75613,3677207620,0,0,0
p2204,20220218,20220218,112847000,11:28:47,10926,33965,75613,3677207620,0,0,0
p2204,20220218,20220218,112847500,11:28:48,10926,33965,75613,3677207620,0,0,0
p2204,20220218,20220218,112848000,11:28:48,10926,33965,75613,3677207620,0,0,0
p2204,20220218,20220218,112850000,11:28:50,10926,33965,75613,3677207620,0,0,0
p2204,20220218,20220218,112850500,11:28:50,10926,33965,75613,3677207620,0,0,0
p2204,20220218,20220218,112852000,11:28:53,10926,33965,75613,3677207620,0,0,0
p2204,20220218,20220218,112855500,11:28:56,10926,33965,75613,3677207620,0,0,0
p2204,20220218,20220218,112856000,11:28:56,10926,33965,75613,3677207620,0,0,0
p2204,20220218,20220218,112856500,11:28:56,10926,33965,75613,3677207620,0,0,0
p2204,20220218,20220218,112857000,11:28:57,10926,33965,75613,3677207620,0,0,0
p2204,20220218,20220218,112858000,11:28:58,10926,33965,75613,3677207620,0,0,0
p2204,20220218,20220218,112858500,11:28:59,10926,33965,75613,3677207620,0,0,0
p2204,20220218,20220218,112859000,11:28:59,10926,33965,75613,3677207620,0,0,0
p2204,20220218,20220218,112859500,11:29:00,10926,33965,75613,3677207620,0,0,0
p2204,20220218,20220218,112900000,11:29:00,10926,33965,75613,3677207620,0,0,0
p2204,20220218,20220218,112900500,11:29:01,10926,33965,75613,3677207620,0,0,0
p2204,20220218,20220218,112901000,11:29:01,10926,33965,75613,3677207620,0,0,0
p2204,20220218,20220218,112905000,11:29:05,10926,33965,75613,3677207620,0,0,0
p2204,20220218,20220218,112908000,11:29:08,10926,33965,75613,3677207620,0,0,0
p2204,20220218,20220218,112908500,11:29:08,10926,33965,75613,3677207620,0,0,0
p2204,20220218,20220218,112911000,11:29:11,10926,33965,75613,3677207620,0,0,0
p2204,20220218,20220218,112911500,11:29:12,10924,33969,75609,3677644580,4,-4,436960
p2204,20220218,20220218,112912000,11:29:12,10924,33969,75609,3677644580,0,0,0
p2204,20220218,20220218,112912500,11:29:12,10924,33969,75609,3677644580,0,0,0
p2204,20220218,20220218,112913000,11:29:13,10924,33969,75609,3677644580,0,0,0
p2204,20220218,20220218,112913500,11:29:14,10924,33969,75609,3677644580,0,0,0
p2204,20220218,20220218,112914000,11:29:14,10924,33969,75609,3677644580,0,0,0
p2204,20220218,20220218,112914500,11:29:15,10922,33979,75609,3678736780,10,0,1092200
p2204,20220218,20220218,112915000,11:29:15,10922,33979,75609,3678736780,0,0,0
p2204,20220218,20220218,112915500,11:29:16,10928,34022,75619,3683435700,43,10,4698920
p2204,20220218,20220218,112916000,11:29:16,10932,34027,75624,3683982300,5,5,546600
p2204,20220218,20220218,112916500,11:29:20,10932,34029,75624,3684200940,2,0,218640
p2204,20220218,20220218,112917000,11:29:20,10932,34029,75624,3684200940,0,0,0
p2204,20220218,20220218,112917500,11:29:21,10932,34029,75624,3684200940,0,0,0
p2204,20220218,20220218,112918000,11:29:21,10932,34029,75624,3684200940,0,0,0
p2204,20220218,20220218,112920500,11:29:21,10932,34029,75624,3684200940,0,0,0
p2204,20220218,20220218,112921000,11:29:22,10932,34029,75624,3684200940,0,0,0
p2204,20220218,20220218,112921500,11:29:24,10930,34034,75628,3684747520,5,4,546580
p2204,20220218,20220218,112924500,11:29:25,10930,34034,75628,3684747520,0,0,0
p2204,20220218,20220218,112925000,11:29:25,10930,34034,75628,3684747520,0,0,0
p2204,20220218,20220218,112925500,11:29:25,10936,34041,75632,3685513040,7,4,765520
p2204,20220218,20220218,112926000,11:29:26,10936,34044,75629,3685841120,3,-3,328080
p2204,20220218,20220218,112926500,11:29:26,10936,34044,75629,3685841120,0,0,0
p2204,20220218,20220218,112927000,11:29:27,10936,34044,75629,3685841120,0,0,0
p2204,20220218,20220218,112927500,11:29:27,10936,34044,75629,3685841120,0,0,0
p2204,20220218,20220218,112928000,11:29:28,10936,34044,75629,3685841120,0,0,0
p2204,20220218,20220218,112928500,11:29:29,10936,34044,75629,3685841120,0,0,0
p2204,20220218,20220218,112929000,11:29:29,10936,34044,75629,3685841120,0,0,0
p2204,20220218,20220218,112929500,11:29:29,10936,34044,75629,3685841120,0,0,0
p2204,20220218,20220218,112930000,11:29:30,10936,34044,75629,3685841120,0,0,0
p2204,20220218,20220218,112930500,11:29:31,10936,34044,75629,3685841120,0,0,0
p2204,20220218,20220218,112931000,11:29:32,10936,34045,75629,3685950480,1,0,109360
p2204,20220218,20220218,112931500,11:29:32,10936,34045,75629,3685950480,0,0,0
p2204,20220218,20220218,112932000,11:29:32,10936,34045,75629,3685950480,0,0,0
p2204,20220218,20220218,112932500,11:29:37,10936,34045,75629,3685950480,0,0,0
p2204,20220218,20220218,112933000,11:29:37,10936,34045,75629,3685950480,0,0,0
p2204,20220218,20220218,112936500,11:29:38,10938,34051,75630,3686606760,6,1,656280
p2204,20220218,20220218,112937500,11:29:38,10938,34051,75630,3686606760,0,0,0
p2204,20220218,20220218,112938000,11:29:38,10938,34051,75630,3686606760,0,0,0
p2204,20220218,20220218,112938500,11:29:39,10938,34057,75625,3687263020,6,-5,656260
p2204,20220218,20220218,112939000,11:29:39,10938,34057,75625,3687263020,0,0,0
p2204,20220218,20220218,112939500,11:29:40,10938,34057,75625,3687263020,0,0,0
p2204,20220218,20220218,112940000,11:29:40,10938,34057,75625,3687263020,0,0,0
p2204,20220218,20220218,112940500,11:29:40,10938,34057,75625,3687263020,0,0,0
p2204,20220218,20220218,112941000,11:29:41,10938,34057,75625,3687263020,0,0,0
p2204,20220218,20220218,112941500,11:29:42,10938,34057,75625,3687263020,0,0,0
p2204,20220218,20220218,112942000,11:29:44,10938,34057,75625,3687263020,0,0,0
p2204,20220218,20220218,112942500,11:29:44,10938,34057,75625,3687263020,0,0,0
p2204,20220218,20220218,112943000,11:29:45,10938,34057,75625,3687263020,0,0,0
p2204,20220218,20220218,112943500,11:29:45,10938,34057,75625,3687263020,0,0,0
p2204,20220218,20220218,112944000,11:29:45,10938,34057,75625,3687263020,0,0,0
p2204,20220218,20220218,112944500,11:29:45,10938,34057,75625,3687263020,0,0,0
p2204,20220218,20220218,112945000,11:29:46,10938,34057,75625,3687263020,0,0,0
p2204,20220218,20220218,112945500,11:29:46,10938,34057,75625,3687263020,0,0,0
p2204,20220218,20220218,112946000,11:29:46,10938,34057,75625,3687263020,0,0,0
p2204,20220218,20220218,112946500,11:29:47,10942,34062,75620,3687810120,5,-5,547100
p2204,20220218,20220218,112947000,11:29:47,10942,34062,75620,3687810120,0,0,0
p2204,20220218,20220218,112947500,11:29:48,10942,34062,75620,3687810120,0,0,0
p2204,20220218,20220218,112948000,11:29:49,10942,34062,75620,3687810120,0,0,0
p2204,20220218,20220218,112948500,11:29:50,10942,34062,75620,3687810120,0,0,0
p2204,20220218,20220218,112949500,11:29:50,10944,34064,75621,3688029000,2,1,218880
p2204,20220218,20220218,112950000,11:29:51,10944,34064,75621,3688029000,0,0,0
p2204,20220218,20220218,112950500,11:29:52,10944,34064,75621,3688029000,0,0,0
p2204,20220218,20220218,112951500,11:29:52,10944,34064,75621,3688029000,0,0,0
p2204,20220218,20220218,112952000,11:29:53,10944,34064,75621,3688029000,0,0,0
p2204,20220218,20220218,112952500,11:29:53,10944,34064,75621,3688029000,0,0,0
p2204,20220218,20220218,112953000,11:29:53,10946,34067,75622,3688357340,3,1,328340
p2204,20220218,20220218,112953500,11:29:54,10942,34072,75622,3688904440,5,0,547100
p2204,20220218,20220218,112954000,11:29:54,10942,34073,75622,3689013860,1,0,109420
p2204,20220218,20220218,112955000,11:29:55,10940,34074,75621,3689123260,1,-1,109400
p2204,20220218,20220218,112955500,11:29:56,10940,34074,75621,3689123260,0,0,0
p2204,20220218,20220218,112956000,11:30:00,10940,34074,75621,3689123260,0,0,0
p2204,20220218,20220218,112957000,11:30:00,10942,34075,75621,3689232680,1,0,109420
p2204,20220218,20220218,112957500,11:30:02,10942,34075,75621,3689232680,0,0,0
p2204,20220218,20220218,112959500,11:30:02,10942,34075,75621,3689232680,0,0,0
p2204,20220218,20220218,113001000,11:30:03,10942,34075,75621,3689232680,0,0,0
p2204,20220218,20220218,113001500,11:30:03,10942,34075,75621,3689232680,0,0,0
p2204,20220218,20220218,133001500,13:30:02,10930,34091,75624,3690982840,16,3,1750160
p2204,20220218,20220218,133002000,13:30:08,10930,34092,75625,3691092140,1,1,109300
p2204,20220218,20220218,133002500,13:30:09,10930,34100,75625,3691966800,8,0,874660
p2204,20220218,20220218,133008000,13:30:10,10930,34100,75625,3691966800,0,0,0
p2204,20220218,20220218,133008500,13:30:10,10930,34100,75625,3691966800,0,0,0
p2204,20220218,20220218,133009500,13:30:10,10930,34100,75625,3691966800,0,0,0
p2204,20220218,20220218,133010000,13:30:11,10930,34100,75625,3691966800,0,0,0
p2204,20220218,20220218,133010500,13:30:12,10930,34100,75625,3691966800,0,0,0
p2204,20220218,20220218,133011000,13:30:13,10930,34100,75625,3691966800,0,0,0
p2204,20220218,20220218,133011500,13:30:13,10930,34100,75625,3691966800,0,0,0
p2204,20220218,20220218,133012500,13:30:13,10928,34115,75618,3693605940,15,-7,1639140
p2204,20220218,20220218,133013000,13:30:13,10928,34118,75621,3693933780,3,3,327840
p2204,20220218,20220218,133013500,13:30:14,10928,34118,75621,3693933780,0,0,0
p2204,20220218,20220218,133014000,13:30:16,10928,34118,75621,3693933780,0,0,0
p2204,20220218,20220218,133014500,13:30:17,10928,34118,75621,3693933780,0,0,0
p2204,20220218,20220218,133015000,13:30:18,10928,34118,75621,3693933780,0,0,0
p2204,20220218,20220218,133016500,13:30:18,10928,34118,75621,3693933780,0,0,0
p2204,20220218,20220218,133017000,13:30:18,10928,34118,75621,3693933780,0,0,0
p2204,20220218,20220218,133017500,13:30:19,10928,34118,75621,3693933780,0,0,0
p2204,20220218,20220218,133018000,13:30:19,10928,34118,75621,3693933780,0,0,0
p2204,20220218,20220218,133019000,13:30:20,10928,34118,75621,3693933780,0,0,0
p2204,20220218,20220218,133019500,13:30:21,10928,34118,75621,3693933780,0,0,0
p2204,20220218,20220218,133020000,13:30:21,10928,34118,75621,3693933780,0,0,0
p2204,20220218,20220218,133020500,13:30:21,10928,34118,75621,3693933780,0,0,0
p2204,20220218,20220218,133021000,13:30:21,10928,34118,75621,3693933780,0,0,0
p2204,20220218,20220218,133021500,13:30:22,10928,34118,75621,3693933780,0,0,0
p2204,20220218,20220218,133022000,13:30:38,10928,34118,75621,3693933780,0,0,0
p2204,20220218,20220218,133022500,13:30:38,10926,34125,75624,3694698600,7,3,764820
p2204,20220218,20220218,133023000,13:30:38,10926,34125,75624,3694698600,0,0,0
p2204,20220218,20220218,133038000,13:30:40,10930,34133,75630,3695572900,8,6,874300
p2204,20220218,20220218,133040500,13:30:43,10924,34140,75636,3696337580,7,6,764680
p2204,20220218,20220218,133041000,13:30:43,10924,34140,75636,3696337580,0,0,0
p2204,20220218,20220218,133042000,13:30:44,10922,34144,75638,3696774460,4,2,436880
p2204,20220218,20220218,133042500,13:30:44,10922,34149,75642,3697320540,5,4,546080
p2204,20220218,20220218,133043000,13:30:44,10922,34149,75642,3697320540,0,0,0
p2204,20220218,20220218,133043500,13:30:45,10922,34149,75642,3697320540,0,0,0
p2204,20220218,20220218,133044500,13:30:46,10922,34149,75642,3697320540,0,0,0
p2204,20220218,20220218,133045000,13:30:46,10922,34149,75642,3697320540,0,0,0
p2204,20220218,20220218,133045500,13:30:46,10922,34149,75642,3697320540,0,0,0
p2204,20220218,20220218,133046000,13:30:47,10920,34152,75639,3697648140,3,-3,327600
p2204,20220218,20220218,133046500,13:30:47,10920,34152,75639,3697648140,0,0,0
p2204,20220218,20220218,133047000,13:30:48,10922,34157,75636,3698194240,5,-3,546100
p2204,20220218,20220218,133047500,13:30:48,10922,34157,75636,3698194240,0,0,0
p2204,20220218,20220218,133048000,13:30:48,10920,34160,75633,3698521880,3,-3,327640
p2204,20220218,20220218,133048500,13:30:49,10920,34160,75633,3698521880,0,0,0
p2204,20220218,20220218,133049000,13:30:50,10920,34160,75633,3698521880,0,0,0
p2204,20220218,20220218,133049500,13:30:50,10920,34160,75633,3698521880,0,0,0
p2204,20220218,20220218,133050000,13:30:51,10920,34160,75633,3698521880,0,0,0
p2204,20220218,20220218,133050500,13:30:52,10924,34163,75633,3698849600,3,0,327720
p2204,20220218,20220218,133051000,13:30:52,10924,34163,75633,3698849600,0,0,0
p2204,20220218,20220218,133051500,13:30:52,10924,34163,75633,3698849600,0,0,0
p2204,20220218,20220218,133052000,13:30:53,10924,34163,75633,3698849600,0,0,0
p2204,20220218,20220218,133053500,13:30:54,10926,34167,75633,3699286640,4,0,437040
p2204,20220218,20220218,133054000,13:30:55,10926,34167,75633,3699286640,0,0,0
p2204,20220218,20220218,133055000,13:30:56,10930,34168,75633,3699395940,1,0,109300
p2204,20220218,20220218,133055500,13:30:56,10930,34168,75633,3699395940,0,0,0
p2204,20220218,20220218,133056000,13:30:57,10930,34168,75633,3699395940,0,0,0
p2204,20220218,20220218,133057000,13:30:58,10930,34168,75633,3699395940,0,0,0
p2204,20220218,20220218,133057500,13:30:58,10930,34168,75633,3699395940,0,0,0
p2204,20220218,20220218,133058000,13:30:58,10930,34168,75633,3699395940,0,0,0
p2204,20220218,20220218,133058500,13:30:59,10930,34168,75633,3699395940,0,0,0
p2204,20220218,20220218,133059000,13:30:59,10930,34168,75633,3699395940,0,0,0
p2204,20220218,20220218,133100000,13:31:00,10930,34168,75633,3699395940,0,0,0
p2204,20220218,20220218,133100500,13:31:00,10930,34168,75633,3699395940,0,0,0
p2204,20220218,20220218,133101000,13:31:01,10930,34168,75633,3699395940,0,0,0
p2204,20220218,20220218,133101500,13:31:01,10930,34168,75633,3699395940,0,0,0
p2204,20220218,20220218,133102000,13:31:02,10930,34168,75633,3699395940,0,0,0
p2204,20220218,20220218,133103500,13:31:05,10930,34168,75633,3699395940,0,0,0
p2204,20220218,20220218,133104000,13:31:06,10930,34168,75633,3699395940,0,0,0
p2204,20220218,20220218,133104500,13:31:07,10930,34168,75633,3699395940,0,0,0
p2204,20220218,20220218,133105500,13:31:08,10930,34168,75633,3699395940,0,0,0
p2204,20220218,20220218,133107000,13:31:09,10930,34203,75642,3703221660,35,9,3825720
p2204,20220218,20220218,133107500,13:31:09,10930,34205,75642,3703440280,2,0,218620
p2204,20220218,20220218,133108500,13:31:09,10930,34205,75642,3703440280,0,0,0
p2204,20220218,20220218,133109000,13:31:09,10930,34205,75642,3703440280,0,0,0
p2204,20220218,20220218,133109500,13:31:10,10930,34210,75638,3703986780,5,-4,546500
p2204,20220218,20220218,133110000,13:31:11,10930,34210,75638,3703986780,0,0,0
p2204,20220218,20220218,133110500,13:31:11,10930,34210,75638,3703986780,0,0,0
p2204,20220218,20220218,133111000,13:31:12,10930,34210,75638,3703986780,0,0,0
p2204,20220218,20220218,133111500,13:31:12,10930,34210,75638,3703986780,0,0,0
p2204,20220218,20220218,133112000,13:31:12,10930,34210,75638,3703986780,0,0,0
p2204,20220218,20220218,133112500,13:31:13,10930,34210,75638,3703986780,0,0,0
p2204,20220218,20220218,133113000,13:31:13,10930,34210,75638,3703986780,0,0,0
p2204,20220218,20220218,133113500,13:31:14,10930,34210,75638,3703986780,0,0,0
p2204,20220218,20220218,133115500,13:31:16,10930,34210,75638,3703986780,0,0,0
p2204,20220218,20220218,133116000,13:31:16,10930,34210,75638,3703986780,0,0,0
p2204,20220218,20220218,133116500,13:31:17,10930,34210,75638,3703986780,0,0,0
p2204,20220218,20220218,133117000,13:31:17,10930,34210,75638,3703986780,0,0,0
p2204,20220218,20220218,133117500,13:31:18,10930,34210,75638,3703986780,0,0,0
p2204,20220218,20220218,133118000,13:31:19,10930,34210,75638,3703986780,0,0,0
p2204,20220218,20220218,133118500,13:31:19,10938,34214,75642,3704424300,4,4,437520
p2204,20220218,20220218,133119000,13:31:20,10938,34216,75644,3704643060,2,2,218760
p2204,20220218,20220218,133119500,13:31:20,10938,34216,75644,3704643060,0,0,0
p2204,20220218,20220218,133121500,13:31:22,10940,34217,75645,3704752460,1,1,109400
p2204,20220218,20220218,133122000,13:31:23,10940,34217,75645,3704752460,0,0,0
p2204,20220218,20220218,133122500,13:31:23,10940,34217,75645,3704752460,0,0,0
p2204,20220218,20220218,133123000,13:31:25,10940,34217,75645,3704752460,0,0,0
p2204,20220218,20220218,133123500,13:31:25,10940,34217,75645,3704752460,0,0,0
p2204,20220218,20220218,133124500,13:31:25,10940,34217,75645,3704752460,0,0,0
p2204,20220218,20220218,133157500,13:31:57,10940,34217,75645,3704752460,0,0,0
p2204,20220218,20220218,133158500,13:31:58,10940,34217,75645,3704752460,0,0,0
p2204,20220218,20220218,133159000,13:31:59,10940,34217,75645,3704752460,0,0,0
p2204,20220218,20220218,133159500,13:32:00,10940,34217,75645,3704752460,0,0,0
p2204,20220218,20220218,133200500,13:32:01,10940,34217,75645,3704752460,0,0,0
p2204,20220218,20220218,133201000,13:32:01,10954,34361,75689,3720523500,144,44,15771040
p2204,20220218,20220218,133201500,13:32:01,10956,34362,75690,3720633060,1,1,109560
p2204,20220218,20220218,133202000,13:32:03,10956,34363,75690,3720742620,1,0,109560
p2204,20220218,20220218,133202500,13:32:04,10956,34365,75692,3720961740,2,2,219120
p2204,20220218,20220218,133203000,13:32:04,10956,34367,75694,3721180860,2,2,219120
p2204,20220218,20220218,133203500,13:32:05,10956,34368,75695,3721290420,1,1,109560
p2204,20220218,20220218,133205000,13:32:06,10956,34401,75709,3724907100,33,14,3616680
p2204,20220218,20220218,133205500,13:32:06,10956,34401,75709,3724907100,0,0,0
p2204,20220218,20220218,133206500,13:32:07,10956,34401,75709,3724907100,0,0,0
p2204,20220218,20220218,133207000,13:32:07,10956,34402,75710,3725016660,1,1,109560
p2204,20220218,20220218,133207500,13:32:07,10956,34402,75710,3725016660,0,0,0
p2204,20220218,20220218,133208000,13:32:09,10956,34402,75710,3725016660,0,0,0
p2204,20220218,20220218,133208500,13:32:10,10956,34402,75710,3725016660,0,0,0
p2204,20220218,20220218,133209000,13:32:10,10956,34402,75710,3725016660,0,0,0
p2204,20220218,20220218,133209500,13:32:10,10956,34413,75721,3726221820,11,11,1205160
p2204,20220218,20220218,133210000,13:32:11,10956,34413,75721,3726221820,0,0,0
p2204,20220218,20220218,133210500,13:32:13,10956,34413,75721,3726221820,0,0,0
p2204,20220218,20220218,133211000,13:32:14,10956,34413,75721,3726221820,0,0,0
p2204,20220218,20220218,133213000,13:32:15,10958,34486,75741,3734220240,73,20,7998420
p2204,20220218,20220218,133214000,13:32:15,10956,34497,75748,3735425400,11,7,1205160
p2204,20220218,20220218,133215000,13:32:16,10956,34502,75753,3735973200,5,5,547800
p2204,20220218,20220218,133215500,13:32:16,10956,34507,75753,3736521100,5,0,547900
p2204,20220218,20220218,133216000,13:32:17,10960,34510,75753,3736849880,3,0,328780
p2204,20220218,20220218,133216500,13:32:17,10960,34511,75753,3736959480,1,0,109600
p2204,20220218,20220218,133217000,13:32:18,10960,34512,75752,3737069080,1,-1,109600
p2204,20220218,20220218,133217500,13:32:18,10962,34515,75751,3737397880,3,-1,328800
p2204,20220218,20220218,133218000,13:32:18,10960,34517,75751,3737617100,2,0,219220
p2204,20220218,20220218,133218500,13:32:19,10960,34518,75752,3737726720,1,1,109620
p2204,20220218,20220218,133219000,13:32:20,10960,34519,75753,3737836320,1,1,109600
p2204,20220218,20220218,133219500,13:32:20,10960,34520,75754,3737945920,1,1,109600
p2204,20220218,20220218,133220000,13:32:21,10960,34520,75754,3737945920,0,0,0
p2204,20220218,20220218,133220500,13:32:21,10962,34522,75755,3738165180,2,1,219260
p2204,20220218,20220218,133221000,13:32:21,10962,34522,75755,3738165180,0,0,0
p2204,20220218,20220218,133221500,13:32:22,10962,34523,75756,3738274800,1,1,109620
p2204,20220218,20220218,133222000,13:32:23,10962,34523,75756,3738274800,0,0,0
p2204,20220218,20220218,133222500,13:32:23,10962,34523,75756,3738274800,0,0,0
p2204,20220218,20220218,133223000,13:32:24,10962,34523,75756,3738274800,0,0,0
p2204,20220218,20220218,133223500,13:32:24,10962,34524,75757,3738384420,1,1,109620
p2204,20220218,20220218,133224500,13:32:25,10962,34524,75757,3738384420,0,0,0
p2204,20220218,20220218,133225000,13:32:25,10964,34527,75758,3738713320,3,1,328900
p2204,20220218,20220218,133225500,13:32:26,10964,34527,75758,3738713320,0,0,0
p2204,20220218,20220218,133226000,13:32:27,10960,34528,75758,3738822920,1,0,109600
p2204,20220218,20220218,133228000,13:32:32,10964,34530,75758,3739042200,2,0,219280
p2204,20220218,20220218,133229000,13:32:33,10964,34532,75758,3739261480,2,0,219280
p2204,20220218,20220218,133232000,13:32:35,10964,34532,75758,3739261480,0,0,0
p2204,20220218,20220218,133234500,13:32:35,10960,34551,75772,3741343820,19,14,2082340
p2204,20220218,20220218,133235000,13:32:36,10960,34551,75772,3741343820,0,0,0
p2204,20220218,20220218,133235500,13:32:36,10956,34553,75774,3741562940,2,2,219120
p2204,20220218,20220218,133236000,13:32:37,10956,34554,75775,3741672500,1,1,109560
p2204,20220218,20220218,133237000,13:32:37,10960,34557,75776,3742001300,3,1,328800
p2204,20220218,20220218,133237500,13:32:38,10956,34566,75778,3742987540,9,2,986240
p2204,20220218,20220218,133238000,13:32:38,10960,34576,75783,3744083540,10,5,1096000
p2204,20220218,20220218,133238500,13:32:39,10960,34576,75783,3744083540,0,0,0
p2204,20220218,20220218,133239000,13:32:39,10956,34577,75784,3744193100,1,1,109560
p2204,20220218,20220218,133239500,13:32:40,10956,34579,75786,3744412220,2,2,219120
p2204,20220218,20220218,133240000,13:32:40,10956,34579,75786,3744412220,0,0,0
p2204,20220218,20220218,133240500,13:32:40,10956,34580,75786,3744521780,1,0,109560
p2204,20220218,20220218,133241000,13:32:41,10956,34581,75786,3744631340,1,0,109560
p2204,20220218,20220218,133241500,13:32:42,10956,34583,75787,3744850460,2,1,219120
p2204,20220218,20220218,133242000,13:32:42,10956,34584,75787,3744960020,1,0,109560
p2204,20220218,20220218,133242500,13:32:42,10956,34585,75787,3745069580,1,0,109560
p2204,20220218,20220218,133243000,13:32:43,10956,34585,75787,3745069580,0,0,0
p2204,20220218,20220218,133243500,13:32:43,10960,34586,75788,3745179180,1,1,109600
p2204,20220218,20220218,133244000,13:32:44,10958,34587,75788,3745288760,1,0,109580
p2204,20220218,20220218,133245000,13:32:45,10958,34588,75788,3745398340,1,0,109580
p2204,20220218,20220218,133245500,13:32:45,10958,34588,75788,3745398340,0,0,0
p2204,20220218,20220218,133246000,13:32:47,10958,34588,75788,3745398340,0,0,0
p2204,20220218,20220218,133246500,13:32:47,10958,34589,75789,3745507920,1,1,109580
p2204,20220218,20220218,133247000,13:32:47,10958,34589,75789,3745507920,0,0,0
p2204,20220218,20220218,133247500,13:32:48,10958,34589,75789,3745507920,0,0,0
p2204,20220218,20220218,133248000,13:32:48,10958,34590,75790,3745617500,1,1,109580
p2204,20220218,20220218,133248500,13:32:49,10958,34590,75790,3745617500,0,0,0
p2204,20220218,20220218,133249000,13:32:49,10954,34591,75790,3745727040,1,0,109540
p2204,20220218,20220218,133249500,13:32:50,10954,34591,75790,3745727040,0,0,0
p2204,20220218,20220218,133250000,13:32:50,10954,34591,75790,3745727040,0,0,0
p2204,20220218,20220218,133251000,13:32:52,10954,34591,75790,3745727040,0,0,0
p2204,20220218,20220218,133251500,13:32:53,10952,34592,75790,3745836560,1,0,109520
p2204,20220218,20220218,133252500,13:32:53,10952,34592,75790,3745836560,0,0,0
p2204,20220218,20220218,133255000,13:32:55,10954,34593,75790,3745946100,1,0,109540
p2204,20220218,20220218,133256000,13:32:56,10956,34594,75790,3746055660,1,0,109560
p2204,20220218,20220218,133256500,13:32:57,10956,34594,75790,3746055660,0,0,0
p2204,20220218,20220218,133257000,13:32:59,10956,34594,75790,3746055660,0,0,0
p2204,20220218,20220218,133257500,13:33:00,10956,34594,75790,3746055660,0,0,0
p2204,20220218,20220218,133258000,13:33:00,10956,34594,75790,3746055660,0,0,0
p2204,20220218,20220218,133259500,13:33:01,10956,34594,75790,3746055660,0,0,0
p2204,20220218,20220218,133300000,13:33:01,10956,34594,75790,3746055660,0,0,0
p2204,20220218,20220218,133300500,13:33:01,10956,34594,75790,3746055660,0,0,0
p2204,20220218,20220218,133301000,13:33:02,10954,34595,75790,3746165200,1,0,109540
p2204,20220218,20220218,133301500,13:33:02,10954,34595,75790,3746165200,0,0,0
p2204,20220218,20220218,133302000,13:33:03,10954,34595,75790,3746165200,0,0,0
p2204,20220218,20220218,133302500,13:33:03,10954,34595,75790,3746165200,0,0,0
p2204,20220218,20220218,133303000,13:33:03,10954,34595,75790,3746165200,0,0,0
p2204,20220218,20220218,133303500,13:33:04,10954,34595,75790,3746165200,0,0,0
p2204,20220218,20220218,133304000,13:33:04,10954,34595,75790,3746165200,0,0,0
p2204,20220218,20220218,133304500,13:33:05,10954,34595,75790,3746165200,0,0,0
p2204,20220218,20220218,133305000,13:33:05,10954,34595,75790,3746165200,0,0,0
p2204,20220218,20220218,133305500,13:33:05,10960,34597,75789,3746384400,2,-1,219200
p2204,20220218,20220218,133306000,13:33:06,10960,34597,75789,3746384400,0,0,0
p2204,20220218,20220218,133306500,13:33:06,10960,34597,75789,3746384400,0,0,0
p2204,20220218,20220218,133307000,13:33:07,10960,34597,75789,3746384400,0,0,0
p2204,20220218,20220218,133309500,13:33:11,10964,34607,75789,3747480800,10,0,1096400
p2204,20220218,20220218,133310000,13:33:11,10964,34607,75789,3747480800,0,0,0
p2204,20220218,20220218,133310500,13:33:12,10964,34607,75789,3747480800,0,0,0
p2204,20220218,20220218,133311500,13:33:14,10964,34607,75789,3747480800,0,0,0
p2204,20220218,20220218,133313500,13:33:15,10964,34607,75789,3747480800,0,0,0
p2204,20220218,20220218,133315000,13:33:18,10964,34625,75792,3749454580,18,3,1973780
p2204,20220218,20220218,133317000,13:33:18,10964,34625,75792,3749454580,0,0,0
p2204,20220218,20220218,133318000,13:33:19,10968,34634,75792,3750441700,9,0,987120
p2204,20220218,20220218,133318500,13:33:19,10968,34634,75792,3750441700,0,0,0
p2204,20220218,20220218,133319000,13:33:20,10968,34634,75792,3750441700,0,0,0
p2204,20220218,20220218,133319500,13:33:20,10970,34637,75795,3750770800,3,3,329100
p2204,20220218,20220218,133320000,13:33:21,10970,34639,75797,3750990200,2,2,219400
p2204,20220218,20220218,133320500,13:33:22,10972,34646,75803,3751758240,7,6,768040
p2204,20220218,20220218,133321000,13:33:22,10972,34650,75803,3752197120,4,0,438880
p2204,20220218,20220218,133321500,13:33:22,10972,34655,75808,3752745720,5,5,548600
p2204,20220218,20220218,133322000,13:33:22,10974,34656,75809,3752855460,1,1,109740
p2204,20220218,20220218,133322500,13:33:22,10974,34656,75809,3752855460,0,0,0
p2204,20220218,20220218,133323000,13:33:23,10974,34656,75809,3752855460,0,0,0
p2204,20220218,20220218,133323500,13:33:24,10974,34656,75809,3752855460,0,0,0
p2204,20220218,20220218,133324000,13:33:24,10974,34656,75809,3752855460,0,0,0
p2204,20220218,20220218,133324500,13:33:25,10974,34656,75809,3752855460,0,0,0
p2204,20220218,20220218,133325000,13:33:26,10974,34656,75809,3752855460,0,0,0
p2204,20220218,20220218,133325500,13:33:26,10974,34656,75809,3752855460,0,0,0
p2204,20220218,20220218,133326000,13:33:28,10976,34658,75811,3753074980,2,2,219520
p2204,20220218,20220218,133326500,13:33:29,10976,34658,75811,3753074980,0,0,0
p2204,20220218,20220218,133327000,13:33:29,10976,34661,75814,3753404260,3,3,329280
p2204,20220218,20220218,133328500,13:33:30,10976,34661,75814,3753404260,0,0,0
p2204,20220218,20220218,133329000,13:33:30,10976,34661,75814,3753404260,0,0,0
p2204,20220218,20220218,133329500,13:33:30,10976,34661,75814,3753404260,0,0,0
p2204,20220218,20220218,133330000,13:33:30,10976,34662,75814,3753514020,1,0,109760
p2204,20220218,20220218,133330500,13:33:31,10976,34662,75814,3753514020,0,0,0
p2204,20220218,20220218,133331000,13:33:32,10976,34662,75814,3753514020,0,0,0
p2204,20220218,20220218,133331500,13:33:32,10976,34663,75814,3753623780,1,0,109760
p2204,20220218,20220218,133332000,13:33:32,10976,34669,75815,3754282360,6,1,658580
p2204,20220218,20220218,133332500,13:33:33,10976,34669,75815,3754282360,0,0,0
p2204,20220218,20220218,133333000,13:33:33,10976,34669,75815,3754282360,0,0,0
p2204,20220218,20220218,133333500,13:33:33,10974,34670,75816,3754392100,1,1,109740
p2204,20220218,20220218,133334000,13:33:34,10974,34670,75816,3754392100,0,0,0
p2204,20220218,20220218,133334500,13:33:34,10974,34670,75816,3754392100,0,0,0
p2204,20220218,20220218,133335000,13:33:35,10974,34670,75816,3754392100,0,0,0
p2204,20220218,20220218,133335500,13:33:35,10974,34670,75816,3754392100,0,0,0
p2204,20220218,20220218,133336000,13:33:36,10974,34670,75816,3754392100,0,0,0
p2204,20220218,20220218,133336500,13:33:36,10974,34670,75816,3754392100,0,0,0
p2204,20220218,20220218,133337000,13:33:37,10978,34672,75817,3754611660,2,1,219560
p2204,20220218,20220218,133337500,13:33:37,10978,34672,75817,3754611660,0,0,0
p2204,20220218,20220218,133338000,13:33:38,10978,34672,75817,3754611660,0,0,0
p2204,20220218,20220218,133338500,13:33:39,10978,34672,75817,3754611660,0,0,0
p2204,20220218,20220218,133339000,13:33:39,10978,34672,75817,3754611660,0,0,0
p2204,20220218,20220218,133339500,13:33:40,10978,34672,75817,3754611660,0,0,0
p2204,20220218,20220218,133340000,13:33:40,10978,34672,75817,3754611660,0,0,0
p2204,20220218,20220218,133340500,13:33:41,10978,34672,75817,3754611660,0,0,0
p2204,20220218,20220218,133341000,13:33:41,10978,34672,75817,3754611660,0,0,0
p2204,20220218,20220218,133341500,13:33:42,10978,34672,75817,3754611660,0,0,0
p2204,20220218,20220218,133342000,13:33:42,10978,34672,75817,3754611660,0,0,0
p2204,20220218,20220218,133342500,13:33:42,10964,34784,75835,3766901720,112,18,12290060
p2204,20220218,20220218,133343000,13:33:43,10966,34793,75838,3767888720,9,3,987000
p2204,20220218,20220218,133343500,13:33:44,10968,34809,75841,3769643640,16,3,1754920
p2204,20220218,20220218,133344000,13:33:45,10964,34810,75841,3769753280,1,0,109640
p2204,20220218,20220218,133344500,13:33:45,10964,34810,75841,3769753280,0,0,0
p2204,20220218,20220218,133345000,13:33:45,10964,34812,75840,3769972560,2,-1,219280
p2204,20220218,20220218,133345500,13:33:46,10962,34834,75846,3772384320,22,6,2411760
p2204,20220218,20220218,133346000,13:33:47,10968,34842,75843,3773261760,8,-3,877440
p2204,20220218,20220218,133346500,13:33:48,10968,34847,75843,3773810160,5,0,548400
p2204,20220218,20220218,133347000,13:33:48,10970,34848,75843,3773919860,1,0,109700
p2204,20220218,20220218,133347500,13:33:49,10970,34848,75843,3773919860,0,0,0
p2204,20220218,20220218,133348000,13:33:49,10968,34860,75850,3775236220,12,7,1316360
p2204,20220218,20220218,133348500,13:33:49,10968,34863,75850,3775565260,3,0,329040
p2204,20220218,20220218,133349000,13:33:50,10970,34864,75851,3775674960,1,1,109700
p2204,20220218,20220218,133349500,13:33:50,10970,34864,75851,3775674960,0,0,0
p2204,20220218,20220218,133350000,13:33:50,10970,34864,75851,3775674960,0,0,0
p2204,20220218,20220218,133350500,13:33:50,10970,34864,75851,3775674960,0,0,0
p2204,20220218,20220218,133351000,13:33:51,10970,34864,75851,3775674960,0,0,0
p2204,20220218,20220218,133351500,13:33:52,10970,34864,75851,3775674960,0,0,0
p2204,20220218,20220218,133352000,13:33:52,10970,34867,75853,3776004060,3,2,329100
p2204,20220218,20220218,133352500,13:33:52,10970,34869,75855,3776223460,2,2,219400
p2204,20220218,20220218,133353000,13:33:53,10970,34869,75855,3776223460,0,0,0
p2204,20220218,20220218,133353500,13:33:53,10970,34869,75855,3776223460,0,0,0
p2204,20220218,20220218,133354000,13:33:54,10968,34872,75858,3776552500,3,3,329040
p2204,20220218,20220218,133354500,13:33:55,10968,34873,75859,3776662180,1,1,109680
p2204,20220218,20220218,133355000,13:33:56,10968,34873,75859,3776662180,0,0,0
p2204,20220218,20220218,133355500,13:33:56,10968,34873,75859,3776662180,0,0,0
p2204,20220218,20220218,133356000,13:33:56,10970,34874,75859,3776771880,1,0,109700
p2204,20220218,20220218,133356500,13:33:57,10970,34880,75865,3777430080,6,6,658200
p2204,20220218,20220218,133357000,13:33:58,10970,34880,75865,3777430080,0,0,0
p2204,20220218,20220218,133357500,13:33:58,10970,34880,75865,3777430080,0,0,0
p2204,20220218,20220218,133358000,13:33:58,10968,34885,75865,3777978520,5,0,548440
p2204,20220218,20220218,133358500,13:33:58,10968,34885,75865,3777978520,0,0,0
p2204,20220218,20220218,133359000,13:33:59,10968,34887,75865,3778197880,2,0,219360
p2204,20220218,20220218,133359500,13:33:59,10968,34888,75865,3778307560,1,0,109680
p2204,20220218,20220218,133400000,13:34:00,10968,34889,75865,3778417240,1,0,109680
p2204,20220218,20220218,133400500,13:34:00,10968,34889,75865,3778417240,0,0,0
p2204,20220218,20220218,133401000,13:34:01,10968,34889,75865,3778417240,0,0,0
p2204,20220218,20220218,133401500,13:34:02,10968,34889,75865,3778417240,0,0,0
p2204,20220218,20220218,133402000,13:34:04,10968,34890,75865,3778526920,1,0,109680
p2204,20220218,20220218,133402500,13:34:10,10968,34890,75865,3778526920,0,0,0
p2204,20220218,20220218,133403000,13:34:10,10972,34893,75863,3778856080,3,-2,329160
p2204,20220218,20220218,133403500,13:34:11,10972,34893,75863,3778856080,0,0,0
p2204,20220218,20220218,133410000,13:34:12,10972,34893,75863,3778856080,0,0,0
p2204,20220218,20220218,133410500,13:34:12,10972,34893,75863,3778856080,0,0,0
p2204,20220218,20220218,133411500,13:34:12,10972,34893,75863,3778856080,0,0,0
p2204,20220218,20220218,133412000,13:34:13,10972,34893,75863,3778856080,0,0,0
p2204,20220218,20220218,133412500,13:34:13,10972,34893,75863,3778856080,0,0,0
p2204,20220218,20220218,133413000,13:34:13,10972,34893,75863,3778856080,0,0,0
p2204,20220218,20220218,133413500,13:34:14,10972,34893,75863,3778856080,0,0,0
p2204,20220218,20220218,133414000,13:34:14,10972,34893,75863,3778856080,0,0,0
p2204,20220218,20220218,133414500,13:34:15,10972,34893,75863,3778856080,0,0,0
p2204,20220218,20220218,133415000,13:34:15,10972,34893,75863,3778856080,0,0,0
p2204,20220218,20220218,133415500,13:34:16,10972,34893,75863,3778856080,0,0,0
p2204,20220218,20220218,133416000,13:34:16,10972,34893,75863,3778856080,0,0,0
p2204,20220218,20220218,133416500,13:34:17,10972,34893,75863,3778856080,0,0,0
p2204,20220218,20220218,133417000,13:34:17,10972,34893,75863,3778856080,0,0,0
p2204,20220218,20220218,133417500,13:34:17,10972,34893,75863,3778856080,0,0,0
p2204,20220218,20220218,133418000,13:34:18,10972,34893,75863,3778856080,0,0,0
p2204,20220218,20220218,133418500,13:34:19,10972,34893,75863,3778856080,0,0,0
p2204,20220218,20220218,133419000,13:34:19,10972,34893,75863,3778856080,0,0,0
p2204,20220218,20220218,133419500,13:34:20,10972,34893,75863,3778856080,0,0,0
p2204,20220218,20220218,133420000,13:34:20,10972,34893,75863,3778856080,0,0,0
p2204,20220218,20220218,133420500,13:34:23,10980,34936,75875,3783575960,43,12,4719880
p2204,20220218,20220218,133421000,13:34:23,10980,34936,75875,3783575960,0,0,0
p2204,20220218,20220218,133421500,13:34:23,10980,34936,75875,3783575960,0,0,0
p2204,20220218,20220218,133423000,13:34:24,10980,34936,75875,3783575960,0,0,0
p2204,20220218,20220218,133423500,13:34:24,10978,34941,75880,3784124860,5,5,548900
p2204,20220218,20220218,133424000,13:34:24,10978,34941,75880,3784124860,0,0,0
p2204,20220218,20220218,133424500,13:34:24,10978,34941,75880,3784124860,0,0,0
p2204,20220218,20220218,133425000,13:34:25,10978,34941,75880,3784124860,0,0,0
p2204,20220218,20220218,133425500,13:34:26,10978,34943,75881,3784344420,2,1,219560
p2204,20220218,20220218,133426000,13:34:26,10978,34944,75880,3784454200,1,-1,109780
p2204,20220218,20220218,133426500,13:34:26,10978,34945,75880,3784563980,1,0,109780
p2204,20220218,20220218,133427000,13:34:27,10978,34945,75880,3784563980,0,0,0
p2204,20220218,20220218,133427500,13:34:27,10978,34945,75880,3784563980,0,0,0
p2204,20220218,20220218,133428000,13:34:28,10978,34945,75880,3784563980,0,0,0
p2204,20220218,20220218,133428500,13:34:29,10978,34945,75880,3784563980,0,0,0
p2204,20220218,20220218,133429000,13:34:29,10978,34945,75880,3784563980,0,0,0
p2204,20220218,20220218,133429500,13:34:29,10978,34945,75880,3784563980,0,0,0
p2204,20220218,20220218,133430000,13:34:30,10978,34945,75880,3784563980,0,0,0
p2204,20220218,20220218,133430500,13:34:30,10974,34947,75880,3784783460,2,0,219480
p2204,20220218,20220218,133431000,13:34:31,10974,34947,75880,3784783460,0,0,0
p2204,20220218,20220218,133432000,13:34:32,10974,34947,75880,3784783460,0,0,0
p2204,20220218,20220218,133432500,13:34:32,10974,34947,75880,3784783460,0,0,0
p2204,20220218,20220218,133433000,13:34:33,10974,34947,75880,3784783460,0,0,0
p2204,20220218,20220218,133433500,13:34:34,10974,34947,75880,3784783460,0,0,0
p2204,20220218,20220218,133434000,13:34:34,10974,34947,75880,3784783460,0,0,0
p2204,20220218,20220218,133434500,13:34:35,10974,34947,75880,3784783460,0,0,0
p2204,20220218,20220218,133435000,13:34:35,10972,34948,75880,3784893180,1,0,109720
p2204,20220218,20220218,133435500,13:34:36,10974,34968,75891,3787087960,20,11,2194780
p2204,20220218,20220218,133436000,13:34:36,10974,34968,75891,3787087960,0,0,0
p2204,20220218,20220218,133436500,13:34:36,10972,34970,75891,3787307400,2,0,219440
p2204,20220218,20220218,133437000,13:34:37,10976,34989,75905,3789392840,19,14,2085440
p2204,20220218,20220218,133437500,13:34:38,10978,35001,75912,3790710200,12,7,1317360
p2204,20220218,20220218,133438000,13:34:38,10976,35011,75917,3791807840,10,5,1097640
p2204,20220218,20220218,133438500,13:34:38,10976,35011,75917,3791807840,0,0,0
p2204,20220218,20220218,133439000,13:34:39,10976,35015,75919,3792246920,4,2,439080
p2204,20220218,20220218,133439500,13:34:40,10976,35015,75919,3792246920,0,0,0
p2204,20220218,20220218,133440000,13:34:40,10976,35015,75919,3792246920,0,0,0
p2204,20220218,20220218,133440500,13:34:41,10976,35015,75919,3792246920,0,0,0
p2204,20220218,20220218,133441000,13:34:41,10976,35015,75919,3792246920,0,0,0
p2204,20220218,20220218,133441500,13:34:43,10976,35015,75919,3792246920,0,0,0
p2204,20220218,20220218,133442000,13:34:44,10976,35015,75919,3792246920,0,0,0
p2204,20220218,20220218,133443500,13:34:45,10976,35015,75919,3792246920,0,0,0
p2204,20220218,20220218,133444000,13:34:45,10976,35015,75919,3792246920,0,0,0
p2204,20220218,20220218,133444500,13:34:46,10976,35017,75919,3792466440,2,0,219520
p2204,20220218,20220218,133445000,13:34:46,10976,35017,75919,3792466440,0,0,0
p2204,20220218,20220218,133447000,13:34:47,10976,35017,75919,3792466440,0,0,0
p2204,20220218,20220218,133447500,13:34:47,10976,35017,75919,3792466440,0,0,0
p2204,20220218,20220218,133448000,13:34:48,10976,35018,75919,3792576200,1,0,109760
p2204,20220218,20220218,133448500,13:34:49,10976,35018,75919,3792576200,0,0,0
p2204,20220218,20220218,133449000,13:34:49,10976,35019,75918,3792685960,1,-1,109760
p2204,20220218,20220218,133449500,13:34:49,10976,35020,75917,3792795720,1,-1,109760
p2204,20220218,20220218,133450000,13:34:51,10976,35020,75917,3792795720,0,0,0
p2204,20220218,20220218,133450500,13:34:51,10976,35020,75917,3792795720,0,0,0
p2204,20220218,20220218,133451000,13:34:51,10972,35023,75917,3793124880,3,0,329160
p2204,20220218,20220218,133451500,13:34:51,10972,35023,75917,3793124880,0,0,0
p2204,20220218,20220218,133452000,13:34:52,10972,35023,75917,3793124880,0,0,0
p2204,20220218,20220218,133452500,13:34:53,10972,35023,75917,3793124880,0,0,0
p2204,20220218,20220218,133453000,13:34:53,10972,35023,75917,3793124880,0,0,0
p2204,20220218,20220218,133453500,13:34:56,10972,35023,75917,3793124880,0,0,0
p2204,20220218,20220218,133454000,13:34:56,10972,35023,75917,3793124880,0,0,0
p2204,20220218,20220218,133454500,13:34:56,10972,35023,75917,3793124880,0,0,0
p2204,20220218,20220218,133455500,13:34:56,10972,35023,75917,3793124880,0,0,0
p2204,20220218,20220218,133456000,13:34:57,10972,35023,75917,3793124880,0,0,0
p2204,20220218,20220218,133456500,13:34:57,10972,35023,75917,3793124880,0,0,0
p2204,20220218,20220218,133457000,13:34:57,10972,35025,75917,3793344320,2,0,219440
p2204,20220218,20220218,133458000,13:34:58,10972,35025,75917,3793344320,0,0,0
p2204,20220218,20220218,133458500,13:34:59,10972,35025,75917,3793344320,0,0,0
p2204,20220218,20220218,133459000,13:34:59,10972,35025,75917,3793344320,0,0,0
p2204,20220218,20220218,133459500,13:35:00,10972,35025,75917,3793344320,0,0,0
p2204,20220218,20220218,133500000,13:35:00,10972,35025,75917,3793344320,0,0,0
p2204,20220218,20220218,133500500,13:35:00,10976,35026,75918,3793454080,1,1,109760
p2204,20220218,20220218,133501000,13:35:04,10976,35026,75918,3793454080,0,0,0
p2204,20220218,20220218,133501500,13:35:05,10976,35026,75918,3793454080,0,0,0
p2204,20220218,20220218,133502000,13:35:10,10976,35026,75918,3793454080,0,0,0
p2204,20220218,20220218,133504500,13:35:10,10976,35026,75918,3793454080,0,0,0
p2204,20220218,20220218,133510000,13:35:11,10976,35026,75918,3793454080,0,0,0
p2204,20220218,20220218,133510500,13:35:11,10976,35026,75918,3793454080,0,0,0
p2204,20220218,20220218,133511000,13:35:11,10974,35041,75923,3795100660,15,5,1646580
p2204,20220218,20220218,133511500,13:35:12,10974,35041,75923,3795100660,0,0,0
p2204,20220218,20220218,133512500,13:35:13,10976,35046,75923,3795649460,5,0,548800
p2204,20220218,20220218,133513000,13:35:13,10976,35046,75923,3795649460,0,0,0
p2204,20220218,20220218,133513500,13:35:14,10980,35048,75925,3795869060,2,2,219600
p2204,20220218,20220218,133514000,13:35:14,10980,35048,75925,3795869060,0,0,0
p2204,20220218,20220218,133514500,13:35:15,10980,35048,75925,3795869060,0,0,0
p2204,20220218,20220218,133515000,13:35:15,10980,35048,75925,3795869060,0,0,0
p2204,20220218,20220218,133515500,13:35:16,10980,35048,75925,3795869060,0,0,0
p2204,20220218,20220218,133516000,13:35:16,10980,35048,75925,3795869060,0,0,0
p2204,20220218,20220218,133516500,13:35:17,10980,35048,75925,3795869060,0,0,0
p2204,20220218,20220218,133517000,13:35:17,10980,35048,75925,3795869060,0,0,0
p2204,20220218,20220218,133517500,13:35:18,10980,35048,75925,3795869060,0,0,0
p2204,20220218,20220218,133518000,13:35:19,10980,35048,75925,3795869060,0,0,0
p2204,20220218,20220218,133518500,13:35:19,10980,35048,75925,3795869060,0,0,0
p2204,20220218,20220218,133519000,13:35:19,10980,35048,75925,3795869060,0,0,0
p2204,20220218,20220218,133519500,13:35:20,10980,35048,75925,3795869060,0,0,0
p2204,20220218,20220218,133520000,13:35:20,10980,35048,75925,3795869060,0,0,0
p2204,20220218,20220218,133520500,13:35:21,10980,35048,75925,3795869060,0,0,0
p2204,20220218,20220218,133521000,13:35:21,10980,35048,75925,3795869060,0,0,0
p2204,20220218,20220218,133521500,13:35:22,10980,35048,75925,3795869060,0,0,0
p2204,20220218,20220218,133522000,13:35:22,10980,35048,75925,3795869060,0,0,0
p2204,20220218,20220218,133522500,13:35:23,10980,35048,75925,3795869060,0,0,0
p2204,20220218,20220218,133523000,13:35:23,10980,35048,75925,3795869060,0,0,0
p2204,20220218,20220218,133523500,13:35:23,10980,35048,75925,3795869060,0,0,0
p2204,20220218,20220218,133524000,13:35:25,10980,35048,75925,3795869060,0,0,0
p2204,20220218,20220218,133524500,13:35:25,10980,35048,75925,3795869060,0,0,0
p2204,20220218,20220218,133525000,13:35:25,10982,35060,75926,3797186740,12,1,1317680
p2204,20220218,20220218,133525500,13:35:26,10982,35060,75926,3797186740,0,0,0
p2204,20220218,20220218,133526000,13:35:26,10982,35060,75926,3797186740,0,0,0
p2204,20220218,20220218,133526500,13:35:27,10982,35060,75926,3797186740,0,0,0
p2204,20220218,20220218,133527000,13:35:27,10982,35060,75926,3797186740,0,0,0
p2204,20220218,20220218,133527500,13:35:31,10982,35060,75926,3797186740,0,0,0
p2204,20220218,20220218,133528000,13:35:32,10982,35060,75926,3797186740,0,0,0
p2204,20220218,20220218,133528500,13:35:32,10978,35062,75928,3797406300,2,2,219560
p2204,20220218,20220218,133531000,13:35:33,10978,35062,75928,3797406300,0,0,0
p2204,20220218,20220218,133531500,13:35:41,10978,35062,75928,3797406300,0,0,0
p2204,20220218,20220218,133532000,13:35:42,10978,35062,75928,3797406300,0,0,0
p2204,20220218,20220218,133532500,13:35:42,10978,35062,75928,3797406300,0,0,0
p2204,20220218,20220218,133540500,13:35:43,10978,35062,75928,3797406300,0,0,0
p2204,20220218,20220218,133541500,13:35:44,10982,35138,75960,3805752980,76,32,8346680
p2204,20220218,20220218,133543000,13:35:44,10980,35141,75963,3806082380,3,3,329400
p2204,20220218,20220218,133544500,13:35:45,10980,35146,75968,3806631380,5,5,549000
p2204,20220218,20220218,133545000,13:35:46,10980,35146,75968,3806631380,0,0,0
p2204,20220218,20220218,133545500,13:35:46,10980,35146,75968,3806631380,0,0,0
p2204,20220218,20220218,133546000,13:35:46,10980,35146,75968,3806631380,0,0,0
p2204,20220218,20220218,133546500,13:35:46,10980,35146,75968,3806631380,0,0,0
p2204,20220218,20220218,133547000,13:35:47,10980,35146,75968,3806631380,0,0,0
p2204,20220218,20220218,133547500,13:35:48,10980,35146,75968,3806631380,0,0,0
p2204,20220218,20220218,133548000,13:35:48,10976,35169,75965,3809155860,23,-3,2524480
p2204,20220218,20220218,133548500,13:35:48,10976,35169,75965,3809155860,0,0,0
p2204,20220218,20220218,133549000,13:35:49,10976,35169,75965,3809155860,0,0,0
p2204,20220218,20220218,133549500,13:35:49,10976,35169,75965,3809155860,0,0,0
p2204,20220218,20220218,133550000,13:35:50,10976,35169,75965,3809155860,0,0,0
p2204,20220218,20220218,133550500,13:35:50,10976,35170,75965,3809265620,1,0,109760
p2204,20220218,20220218,133551000,13:35:51,10976,35170,75965,3809265620,0,0,0
p2204,20220218,20220218,133551500,13:35:52,10976,35170,75965,3809265620,0,0,0
p2204,20220218,20220218,133552000,13:35:52,10976,35170,75965,3809265620,0,0,0
p2204,20220218,20220218,133552500,13:35:53,10976,35176,75966,3809924180,6,1,658560
p2204,20220218,20220218,133553000,13:35:53,10976,35176,75966,3809924180,0,0,0
p2204,20220218,20220218,133553500,13:35:55,10976,35176,75966,3809924180,0,0,0
p2204,20220218,20220218,133554000,13:35:55,10976,35176,75966,3809924180,0,0,0
p2204,20220218,20220218,133554500,13:35:56,10976,35178,75968,3810143700,2,2,219520
p2204,20220218,20220218,133555000,13:35:56,10976,35178,75968,3810143700,0,0,0
p2204,20220218,20220218,133555500,13:35:56,10976,35178,75968,3810143700,0,0,0
p2204,20220218,20220218,133556000,13:35:56,10976,35178,75968,3810143700,0,0,0
p2204,20220218,20220218,133556500,13:35:57,10976,35178,75968,3810143700,0,0,0
p2204,20220218,20220218,133557500,13:35:59,10976,35178,75968,3810143700,0,0,0
p2204,20220218,20220218,133558000,13:36:01,10974,35179,75968,3810253440,1,0,109740
p2204,20220218,20220218,133558500,13:36:03,10974,35179,75968,3810253440,0,0,0
p2204,20220218,20220218,133559500,13:36:03,10974,35179,75968,3810253440,0,0,0
p2204,20220218,20220218,133601500,13:36:03,10974,35179,75968,3810253440,0,0,0
p2204,20220218,20220218,133602500,13:36:04,10974,35179,75968,3810253440,0,0,0
p2204,20220218,20220218,133603000,13:36:05,10974,35179,75968,3810253440,0,0,0
p2204,20220218,20220218,133603500,13:36:05,10974,35179,75968,3810253440,0,0,0
p2204,20220218,20220218,133604000,13:36:06,10974,35179,75968,3810253440,0,0,0
p2204,20220218,20220218,133605000,13:36:06,10974,35179,75968,3810253440,0,0,0
p2204,20220218,20220218,133605500,13:36:07,10968,35201,75978,3812666920,22,10,2413480
p2204,20220218,20220218,133606000,13:36:07,10968,35201,75978,3812666920,0,0,0
p2204,20220218,20220218,133606500,13:36:07,10968,35201,75978,3812666920,0,0,0
p2204,20220218,20220218,133607000,13:36:08,10966,35203,75978,3812886240,2,0,219320
p2204,20220218,20220218,133607500,13:36:08,10966,35203,75978,3812886240,0,0,0
p2204,20220218,20220218,133608000,13:36:08,10966,35203,75978,3812886240,0,0,0
p2204,20220218,20220218,133608500,13:36:09,10966,35203,75978,3812886240,0,0,0
p2204,20220218,20220218,133609000,13:36:09,10966,35203,75978,3812886240,0,0,0
p2204,20220218,20220218,133609500,13:36:10,10966,35203,75978,3812886240,0,0,0
p2204,20220218,20220218,133610000,13:36:11,10968,35210,75972,3813654000,7,-6,767760
p2204,20220218,20220218,133610500,13:36:11,10968,35210,75972,3813654000,0,0,0
p2204,20220218,20220218,133611000,13:36:11,10968,35210,75972,3813654000,0,0,0
p2204,20220218,20220218,133611500,13:36:12,10968,35213,75969,3813983040,3,-3,329040
p2204,20220218,20220218,133612000,13:36:12,10968,35213,75969,3813983040,0,0,0
p2204,20220218,20220218,133612500,13:36:12,10968,35215,75969,3814202400,2,0,219360
p2204,20220218,20220218,133613000,13:36:13,10968,35215,75969,3814202400,0,0,0
p2204,20220218,20220218,133613500,13:36:14,10968,35215,75969,3814202400,0,0,0
p2204,20220218,20220218,133614000,13:36:14,10968,35215,75969,3814202400,0,0,0
p2204,20220218,20220218,133615000,13:36:15,10968,35215,75969,3814202400,0,0,0
p2204,20220218,20220218,133616500,13:36:17,10970,35222,75969,3814970260,7,0,767860
p2204,20220218,20220218,133617000,13:36:17,10970,35222,75969,3814970260,0,0,0
p2204,20220218,20220218,133617500,13:36:19,10970,35222,75969,3814970260,0,0,0
p2204,20220218,20220218,133618000,13:36:19,10970,35222,75969,3814970260,0,0,0
p2204,20220218,20220218,133618500,13:36:19,10970,35224,75969,3815189660,2,0,219400
p2204,20220218,20220218,133620000,13:36:20,10970,35224,75969,3815189660,0,0,0
p2204,20220218,20220218,133620500,13:36:20,10970,35226,75971,3815409060,2,2,219400
p2204,20220218,20220218,133621000,13:36:21,10970,35226,75971,3815409060,0,0,0
p2204,20220218,20220218,133621500,13:36:21,10970,35226,75971,3815409060,0,0,0
p2204,20220218,20220218,133622000,13:36:22,10970,35226,75971,3815409060,0,0,0
p2204,20220218,20220218,133622500,13:36:22,10970,35226,75971,3815409060,0,0,0
p2204,20220218,20220218,133624500,13:36:24,10970,35226,75971,3815409060,0,0,0
p2204,20220218,20220218,133625000,13:36:25,10970,35226,75971,3815409060,0,0,0
p2204,20220218,20220218,133625500,13:36:26,10970,35226,75971,3815409060,0,0,0
p2204,20220218,20220218,133626000,13:36:26,10970,35226,75971,3815409060,0,0,0
p2204,20220218,20220218,133626500,13:36:27,10970,35226,75971,3815409060,0,0,0
p2204,20220218,20220218,133627000,13:36:28,10976,35240,75964,3816945700,14,-7,1536640
p2204,20220218,20220218,133627500,13:36:28,10976,35245,75969,3817494500,5,5,548800
p2204,20220218,20220218,133628000,13:36:28,10976,35245,75969,3817494500,0,0,0
p2204,20220218,20220218,133628500,13:36:29,10976,35245,75969,3817494500,0,0,0
p2204,20220218,20220218,133629000,13:36:30,10976,35245,75969,3817494500,0,0,0
p2204,20220218,20220218,133629500,13:36:30,10976,35245,75969,3817494500,0,0,0
p2204,20220218,20220218,133630000,13:36:30,10976,35245,75969,3817494500,0,0,0
p2204,20220218,20220218,133630500,13:36:31,10976,35245,75969,3817494500,0,0,0
p2204,20220218,20220218,133631000,13:36:31,10976,35245,75969,3817494500,0,0,0
p2204,20220218,20220218,133631500,13:36:31,10976,35245,75969,3817494500,0,0,0
p2204,20220218,20220218,133632000,13:36:32,10976,35245,75969,3817494500,0,0,0
p2204,20220218,20220218,133632500,13:36:32,10976,35245,75969,3817494500,0,0,0
p2204,20220218,20220218,133633000,13:36:33,10976,35245,75969,3817494500,0,0,0
p2204,20220218,20220218,133633500,13:36:34,10976,35245,75969,3817494500,0,0,0
p2204,20220218,20220218,133634000,13:36:34,10976,35245,75969,3817494500,0,0,0
p2204,20220218,20220218,133634500,13:36:35,10976,35245,75969,3817494500,0,0,0
p2204,20220218,20220218,133635000,13:36:36,10976,35245,75969,3817494500,0,0,0
p2204,20220218,20220218,133635500,13:36:36,10976,35245,75969,3817494500,0,0,0
p2204,20220218,20220218,133636000,13:36:36,10976,35250,75974,3818043300,5,5,548800
p2204,20220218,20220218,133636500,13:36:36,10976,35250,75974,3818043300,0,0,0
p2204,20220218,20220218,133637000,13:36:38,10976,35250,75974,3818043300,0,0,0
p2204,20220218,20220218,133637500,13:36:38,10976,35250,75974,3818043300,0,0,0
p2204,20220218,20220218,133638000,13:36:38,10976,35250,75974,3818043300,0,0,0
p2204,20220218,20220218,133638500,13:36:39,10976,35250,75974,3818043300,0,0,0
p2204,20220218,20220218,133639000,13:36:39,10976,35250,75974,3818043300,0,0,0
p2204,20220218,20220218,133639500,13:36:39,10976,35250,75974,3818043300,0,0,0
p2204,20220218,20220218,133640000,13:36:40,10976,35250,75974,3818043300,0,0,0
p2204,20220218,20220218,133640500,13:36:40,10976,35250,75974,3818043300,0,0,0
p2204,20220218,20220218,133641000,13:36:41,10976,35250,75974,3818043300,0,0,0
p2204,20220218,20220218,133641500,13:36:42,10972,35256,75979,3818701620,6,5,658320
p2204,20220218,20220218,133642000,13:36:42,10972,35256,75979,3818701620,0,0,0
p2204,20220218,20220218,133642500,13:36:43,10972,35256,75979,3818701620,0,0,0
p2204,20220218,20220218,133643000,13:36:43,10972,35260,75979,3819140500,4,0,438880
p2204,20220218,20220218,133643500,13:36:44,10972,35260,75979,3819140500,0,0,0
p2204,20220218,20220218,133644000,13:36:44,10972,35260,75979,3819140500,0,0,0
p2204,20220218,20220218,133644500,13:36:44,10972,35260,75979,3819140500,0,0,0
p2204,20220218,20220218,133645000,13:36:45,10970,35261,75979,3819250200,1,0,109700
p2204,20220218,20220218,133645500,13:36:46,10970,35261,75979,3819250200,0,0,0
p2204,20220218,20220218,133646000,13:36:46,10970,35261,75979,3819250200,0,0,0
p2204,20220218,20220218,133646500,13:36:46,10970,35261,75979,3819250200,0,0,0
p2204,20220218,20220218,133647000,13:36:47,10970,35261,75979,3819250200,0,0,0
p2204,20220218,20220218,133647500,13:36:48,10970,35261,75979,3819250200,0,0,0
p2204,20220218,20220218,133648000,13:36:48,10972,35266,75979,3819798800,5,0,548600
p2204,20220218,20220218,133648500,13:36:48,10972,35266,75979,3819798800,0,0,0
p2204,20220218,20220218,133649000,13:36:49,10972,35266,75979,3819798800,0,0,0
p2204,20220218,20220218,133649500,13:36:49,10968,35268,75979,3820018160,2,0,219360
p2204,20220218,20220218,133650000,13:36:50,10968,35268,75979,3820018160,0,0,0
p2204,20220218,20220218,133650500,13:36:50,10968,35268,75979,3820018160,0,0,0
p2204,20220218,20220218,133651000,13:36:51,10968,35268,75979,3820018160,0,0,0
p2204,20220218,20220218,133651500,13:36:51,10968,35268,75979,3820018160,0,0,0
p2204,20220218,20220218,133652000,13:36:52,10972,35269,75979,3820127880,1,0,109720
p2204,20220218,20220218,133652500,13:36:53,10972,35269,75979,3820127880,0,0,0
p2204,20220218,20220218,133653000,13:36:53,10972,35269,75979,3820127880,0,0,0
p2204,20220218,20220218,133653500,13:36:54,10972,35269,75979,3820127880,0,0,0
p2204,20220218,20220218,133654000,13:36:54,10972,35269,75979,3820127880,0,0,0
p2204,20220218,20220218,133654500,13:36:54,10972,35269,75979,3820127880,0,0,0
p2204,20220218,20220218,133655000,13:36:55,10972,35269,75979,3820127880,0,0,0
p2204,20220218,20220218,133655500,13:36:56,10972,35269,75979,3820127880,0,0,0
p2204,20220218,20220218,133656000,13:36:56,10972,35269,75979,3820127880,0,0,0
p2204,20220218,20220218,133656500,13:36:57,10972,35269,75979,3820127880,0,0,0
p2204,20220218,20220218,133657000,13:36:58,10972,35269,75979,3820127880,0,0,0
p2204,20220218,20220218,133657500,13:36:58,10970,35276,75979,3820895780,7,0,767900
p2204,20220218,20220218,133658000,13:36:58,10970,35276,75979,3820895780,0,0,0
