p2205,20220218,20220218,112003000,11:20:04,10304,653852,549398,67322605020,653852,39454,67322605020
p2205,20220218,20220218,112004500,11:20:10,10304,653852,549398,67322605020,0,0,0
p2205,20220218,20220218,112005000,11:20:10,10306,653935,549375,67331158960,83,-23,8553940
p2205,20220218,20220218,112006000,11:20:10,10306,653935,549375,67331158960,0,0,0
p2205,20220218,20220218,112006500,11:20:10,10306,653938,549374,67331468120,3,-1,309160
p2205,20220218,20220218,112007000,11:20:10,10306,653969,549346,67334662960,31,-28,3194840
p2205,20220218,20220218,112007500,11:20:10,10306,653971,549346,67334869080,2,0,206120
p2205,20220218,20220218,112008000,11:20:10,10306,653982,549346,67336002740,11,0,1133660
p2205,20220218,20220218,112008500,11:20:10,10306,653983,549345,67336105800,1,-1,103060
p2205,20220218,20220218,112009000,11:20:10,10306,653983,549345,67336105800,0,0,0
p2205,20220218,20220218,112009500,11:20:10,10308,653984,549344,67336208880,1,-1,103080
p2205,20220218,20220218,112010500,11:20:10,10308,653984,549344,67336208880,0,0,0
p2205,20220218,20220218,112011000,11:20:11,10306,653985,549343,67336311940,1,-1,103060
p2205,20220218,20220218,112011500,11:20:12,10306,653985,549343,67336311940,0,0,0
p2205,20220218,20220218,112012000,11:20:12,10306,653985,549343,67336311940,0,0,0
p2205,20220218,20220218,112012500,11:20:12,10306,654029,549324,67340846580,44,-19,4534640
p2205,20220218,20220218,112013000,11:20:13,10308,654044,549312,67342392580,15,-12,1546000
p2205,20220218,20220218,112013500,11:20:13,10308,654044,549312,67342392580,0,0,0
p2205,20220218,20220218,112014000,11:20:14,10308,654044,549312,67342392580,0,0,0
p2205,20220218,20220218,112014500,11:20:14,10308,654123,549376,67350535900,79,64,8143320
p2205,20220218,20220218,112015000,11:20:15,10308,654123,549376,67350535900,0,0,0
p2205,20220218,20220218,112015500,11:20:16,10308,654124,549377,67350638980,1,1,103080
p2205,20220218,20220218,112016000,11:20:16,10308,654125,549377,67350742060,1,0,103080
p2205,20220218,20220218,112016500,11:20:16,10308,654126,549377,67350845140,1,0,103080
p2205,20220218,20220218,112017000,11:20:17,10308,654127,549377,67350948220,1,0,103080
p2205,20220218,20220218,112017500,11:20:17,10310,654128,549377,67351051320,1,0,103100
p2205,20220218,20220218,112018000,11:20:18,10308,654138,549382,67352082120,10,5,1030800
p2205,20220218,20220218,112018500,11:20:18,10308,654138,549382,67352082120,0,0,0
p2205,20220218,20220218,112019000,11:20:19,10308,654138,549382,67352082120,0,0,0
p2205,20220218,20220218,112019500,11:20:20,10308,654148,549387,67353112920,10,5,1030800
p2205,20220218,20220218,112020000,11:20:20,10308,654174,549367,67355793000,26,-20,2680080
p2205,20220218,20220218,112020500,11:20:21,10308,654188,549361,67357236100,14,-6,1443100
p2205,20220218,20220218,112021000,11:20:21,10308,654198,549354,67358266900,10,-7,1030800
p2205,20220218,20220218,112021500,11:20:21,10308,654200,549352,67358473060,2,-2,206160
p2205,20220218,20220218,112022000,11:20:22,10308,654201,549352,67358576140,1,0,103080
p2205,20220218,20220218,112022500,11:20:23,10308,654203,549351,67358782300,2,-1,206160
p2205,20220218,20220218,112023000,11:20:23,10308,654203,549351,67358782300,0,0,0
p2205,20220218,20220218,112023500,11:20:23,10308,654204,549351,67358885380,1,0,103080
p2205,20220218,20220218,112024000,11:20:24,10308,654205,549350,67358988460,1,-1,103080
p2205,20220218,20220218,112024500,11:20:24,10308,654206,549351,67359091540,1,1,103080
p2205,20220218,20220218,112025000,11:20:25,10308,654207,549351,67359194620,1,0,103080
p2205,20220218,20220218,112026000,11:20:26,10308,654207,549351,67359194620,0,0,0
p2205,20220218,20220218,112026500,11:20:26,10308,654210,549348,67359503860,3,-3,309240
p2205,20220218,20220218,112027000,11:20:27,10308,654210,549348,67359503860,0,0,0
p2205,20220218,20220218,112027500,11:20:28,10306,654211,549349,67359606920,1,1,103060
p2205,20220218,20220218,112028000,11:20:28,10308,654214,549347,67359916160,3,-2,309240
p2205,20220218,20220218,112028500,11:20:28,10306,654215,549348,67360019220,1,1,103060
p2205,20220218,20220218,112029000,11:20:29,10306,654215,549348,67360019220,0,0,0
p2205,20220218,20220218,112030000,11:20:31,10306,654215,549348,67360019220,0,0,0
p2205,20220218,20220218,112030500,11:20:31,10308,654251,549346,67363730100,36,-2,3710880
p2205,20220218,20220218,112031000,11:20:32,10306,654256,549345,67364245480,5,-1,515380
p2205,20220218,20220218,112031500,11:20:32,10306,654314,549303,67370222980,58,-42,5977500
p2205,20220218,20220218,112032000,11:20:32,10306,654316,549304,67370429100,2,1,206120
p2205,20220218,20220218,112032500,11:20:32,10306,654317,549304,67370532160,1,0,103060
p2205,20220218,20220218,112033000,11:20:33,10306,654317,549304,67370532160,0,0,0
p2205,20220218,20220218,112033500,11:20:33,10306,654317,549304,67370532160,0,0,0
p2205,20220218,20220218,112034000,11:20:34,10306,654317,549304,67370532160,0,0,0
p2205,20220218,20220218,112034500,11:20:34,10304,654394,549327,67378466300,77,23,7934140
p2205,20220218,20220218,112035000,11:20:35,10304,654395,549326,67378569340,1,-1,103040
p2205,20220218,20220218,112035500,11:20:35,10304,654397,549324,67378775420,2,-2,206080
p2205,20220218,20220218,112036000,11:20:36,10302,654418,549308,67380938840,21,-16,2163420
p2205,20220218,20220218,112036500,11:20:37,10302,654433,549308,67382484160,15,0,1545320
p2205,20220218,20220218,112037000,11:20:37,10304,654434,549307,67382587200,1,-1,103040
p2205,20220218,20220218,112037500,11:20:38,10302,654437,549307,67382896260,3,0,309060
p2205,20220218,20220218,112038000,11:20:38,10302,654439,549307,67383102300,2,0,206040
p2205,20220218,20220218,112038500,11:20:38,10302,654516,549333,67391034860,77,26,7932560
p2205,20220218,20220218,112039000,11:20:39,10304,654565,549309,67396083140,49,-24,5048280
p2205,20220218,20220218,112039500,11:20:40,10302,654567,549310,67396289180,2,1,206040
p2205,20220218,20220218,112040000,11:20:40,10304,654572,549313,67396804380,5,3,515200
p2205,20220218,20220218,112040500,11:20:41,10304,654572,549313,67396804380,0,0,0
p2205,20220218,20220218,112041000,11:20:41,10304,654572,549313,67396804380,0,0,0
p2205,20220218,20220218,112041500,11:20:41,10304,654576,549317,67397216540,4,4,412160
p2205,20220218,20220218,112042000,11:20:42,10304,654601,549315,67399792520,25,-2,2575980
p2205,20220218,20220218,112042500,11:20:42,10304,654611,549318,67400822920,10,3,1030400
p2205,20220218,20220218,112043000,11:20:43,10304,654703,549340,67410300940,92,22,9478020
p2205,20220218,20220218,112043500,11:20:44,10304,654725,549326,67412567540,22,-14,2266600
p2205,20220218,20220218,112044000,11:20:44,10304,654743,549322,67414421960,18,-4,1854420
p2205,20220218,20220218,112044500,11:20:45,10304,654745,549322,67414628040,2,0,206080
p2205,20220218,20220218,112045000,11:20:45,10302,654747,549322,67414834100,2,0,206060
p2205,20220218,20220218,112045500,11:20:46,10302,654785,549343,67418748860,38,21,3914760
p2205,20220218,20220218,112046000,11:20:46,10302,654795,549343,67419779060,10,0,1030200
p2205,20220218,20220218,112046500,11:20:46,10302,654799,549343,67420191140,4,0,412080
p2205,20220218,20220218,112047000,11:20:48,10302,654813,549343,67421633420,14,0,1442280
p2205,20220218,20220218,112047500,11:20:48,10302,654865,549336,67426990460,52,-7,5357040
p2205,20220218,20220218,112048000,11:20:48,10302,654866,549337,67427093480,1,1,103020
p2205,20220218,20220218,112048500,11:20:50,10302,654868,549337,67427299520,2,0,206040
p2205,20220218,20220218,112049000,11:20:50,10302,654951,549348,67435850180,83,11,8550660
p2205,20220218,20220218,112049500,11:20:50,10302,655024,549312,67443369920,73,-36,7519740
p2205,20220218,20220218,112050500,11:20:51,10302,655052,549302,67446254620,28,-10,2884700
p2205,20220218,20220218,112051000,11:20:51,10302,655104,549309,67451611660,52,7,5357040
p2205,20220218,20220218,112051500,11:20:51,10300,655113,549311,67452538700,9,2,927040
p2205,20220218,20220218,112052000,11:20:53,10302,655149,549298,67456247000,36,-13,3708300
p2205,20220218,20220218,112052500,11:20:53,10302,655163,549300,67457689280,14,2,1442280
p2205,20220218,20220218,112053000,11:20:53,10302,655224,549297,67463973500,61,-3,6284220
p2205,20220218,20220218,112053500,11:20:53,10302,655228,549299,67464385640,4,2,412140
p2205,20220218,20220218,112054000,11:20:54,10302,655229,549299,67464488660,1,0,103020
p2205,20220218,20220218,112054500,11:20:55,10302,655235,549297,67465106800,6,-2,618140
p2205,20220218,20220218,112055000,11:20:55,10304,655238,549299,67465415900,3,2,309100
p2205,20220218,20220218,112055500,11:20:56,10302,655240,549301,67465621940,2,2,206040
p2205,20220218,20220218,112056000,11:20:56,10304,655241,549300,67465724980,1,-1,103040
p2205,20220218,20220218,112056500,11:20:57,10302,655244,549303,67466034040,3,3,309060
p2205,20220218,20220218,112057000,11:20:58,10302,655260,549309,67467682360,16,6,1648320
p2205,20220218,20220218,112057500,11:20:58,10302,655261,549309,67467785380,1,0,103020
p2205,20220218,20220218,112058000,11:20:58,10302,655261,549309,67467785380,0,0,0
p2205,20220218,20220218,112058500,11:20:59,10302,655261,549309,67467785380,0,0,0
p2205,20220218,20220218,112059000,11:20:59,10304,655270,549308,67468712740,9,-1,927360
p2205,20220218,20220218,112059500,11:21:00,10302,655271,549307,67468815760,1,-1,103020
p2205,20220218,20220218,112100000,11:21:00,10302,655290,549315,67470773480,19,8,1957720
p2205,20220218,20220218,112100500,11:21:00,10304,655294,549315,67471185600,4,0,412120
p2205,20220218,20220218,112101000,11:21:01,10302,655303,549315,67472112920,9,0,927320
p2205,20220218,20220218,112101500,11:21:02,10302,655312,549314,67473040260,9,-1,927340
p2205,20220218,20220218,112102000,11:21:03,10304,655446,549394,67486847620,134,80,13807360
p2205,20220218,20220218,112102500,11:21:03,10304,655446,549394,67486847620,0,0,0
p2205,20220218,20220218,112103000,11:21:03,10306,655449,549392,67487156780,3,-2,309160
p2205,20220218,20220218,112103500,11:21:04,10306,655451,549392,67487362880,2,0,206100
p2205,20220218,20220218,112104000,11:21:04,10306,655451,549392,67487362880,0,0,0
p2205,20220218,20220218,112104500,11:21:05,10306,655458,549398,67488084280,7,6,721400
p2205,20220218,20220218,112105000,11:21:05,10304,655461,549398,67488393400,3,0,309120
p2205,20220218,20220218,112105500,11:21:07,10306,655467,549395,67489011760,6,-3,618360
p2205,20220218,20220218,112106000,11:21:07,10304,655471,549394,67489423980,4,-1,412220
p2205,20220218,20220218,112106500,11:21:07,10306,655481,549396,67490454560,10,2,1030580
p2205,20220218,20220218,112107000,11:21:09,10304,655483,549395,67490660640,2,-1,206080
p2205,20220218,20220218,112107500,11:21:10,10306,655494,549400,67491794300,11,5,1133660
p2205,20220218,20220218,112108000,11:21:10,10306,655499,549397,67492309520,5,-3,515220
p2205,20220218,20220218,112108500,11:21:10,10306,655516,549397,67494061460,17,0,1751940
p2205,20220218,20220218,112110000,11:21:10,10304,655621,549412,67504880720,105,15,10819260
p2205,20220218,20220218,112110500,11:21:11,10304,655634,549407,67506220240,13,-5,1339520
p2205,20220218,20220218,112111000,11:21:11,10304,655634,549407,67506220240,0,0,0
p2205,20220218,20220218,112112000,11:21:12,10306,655647,549408,67507560020,13,1,1339780
p2205,20220218,20220218,112112500,11:21:13,10304,655660,549417,67508899560,13,9,1339540
p2205,20220218,20220218,112113000,11:21:13,10306,655683,549421,67511269860,23,4,2370300
p2205,20220218,20220218,112113500,11:21:13,10306,655683,549421,67511269860,0,0,0
p2205,20220218,20220218,112114000,11:21:14,10306,655685,549421,67511475960,2,0,206100
p2205,20220218,20220218,112115000,11:21:15,10306,655685,549421,67511475960,0,0,0
p2205,20220218,20220218,112115500,11:21:15,10306,655709,549421,67513949400,24,0,2473440
p2205,20220218,20220218,112116000,11:21:16,10306,655741,549418,67517247320,32,-3,3297920
p2205,20220218,20220218,112116500,11:21:17,10306,655760,549416,67519205460,19,-2,1958140
p2205,20220218,20220218,112117000,11:21:17,10306,655762,549416,67519411580,2,0,206120
p2205,20220218,20220218,112117500,11:21:18,10306,655762,549416,67519411580,0,0,0
p2205,20220218,20220218,112118000,11:21:18,10308,655769,549418,67520133040,7,2,721460
p2205,20220218,20220218,112118500,11:21:18,10306,655796,549410,67522915720,27,-8,2782680
p2205,20220218,20220218,112119000,11:21:19,10306,655836,549370,67527038120,40,-40,4122400
p2205,20220218,20220218,112119500,11:21:19,10306,655843,549368,67527759580,7,-2,721460
p2205,20220218,20220218,112120000,11:21:20,10306,655844,549367,67527862640,1,-1,103060
p2205,20220218,20220218,112120500,11:21:22,10308,655847,549367,67528171880,3,0,309240
p2205,20220218,20220218,112121000,11:21:22,10310,655960,549425,67539820360,113,58,11648480
p2205,20220218,20220218,112121500,11:21:22,10310,656034,549396,67547448120,74,-29,7627760
p2205,20220218,20220218,112122000,11:21:22,10308,656046,549401,67548685120,12,5,1237000
p2205,20220218,20220218,112122500,11:21:22,10308,656049,549398,67548994360,3,-3,309240
p2205,20220218,20220218,112123000,11:21:23,10308,656049,549398,67548994360,0,0,0
p2205,20220218,20220218,112123500,11:21:24,10308,656059,549402,67550025160,10,4,1030800
p2205,20220218,20220218,112124000,11:21:24,10308,656068,549404,67550952880,9,2,927720
p2205,20220218,20220218,112124500,11:21:25,10308,656079,549401,67552086760,11,-3,1133880
p2205,20220218,20220218,112125000,11:21:29,10308,656080,549401,67552189840,1,0,103080
p2205,20220218,20220218,112125500,11:23:32,10308,656080,549401,67552189840,0,0,0
p2205,20220218,20220218,112126000,11:23:33,10308,656081,549401,67552292920,1,0,103080
p2205,20220218,20220218,112332500,11:23:33,10316,658340,550070,67785182600,2259,669,232889680
p2205,20220218,20220218,112333000,11:23:33,10318,658349,550069,67786111220,9,-1,928620
p2205,20220218,20220218,112333500,11:23:33,10318,658355,550067,67786730220,6,-2,619000
p2205,20220218,20220218,112334000,11:23:34,10318,658359,550069,67787142940,4,2,412720
p2205,20220218,20220218,112334500,11:23:34,10316,658360,550069,67787246100,1,0,103160
p2205,20220218,20220218,112335000,11:23:35,10318,658366,550072,67787865180,6,3,619080
p2205,20220218,20220218,112335500,11:23:35,10316,658400,550055,67791372640,34,-17,3507460
p2205,20220218,20220218,112336000,11:23:36,10316,658410,550053,67792404240,10,-2,1031600
p2205,20220218,20220218,112336500,11:23:38,10316,658411,550052,67792507400,1,-1,103160
p2205,20220218,20220218,112337000,11:23:38,10316,658414,550050,67792816880,3,-2,309480
p2205,20220218,20220218,112337500,11:23:38,10316,658417,550049,67793126360,3,-1,309480
p2205,20220218,20220218,112338000,11:23:38,10316,658422,550046,67793642160,5,-3,515800
p2205,20220218,20220218,112338500,11:23:38,10316,658423,550046,67793745320,1,0,103160
p2205,20220218,20220218,112339000,11:23:39,10316,658425,550047,67793951640,2,1,206320
p2205,20220218,20220218,112339500,11:23:39,10316,658426,550047,67794054800,1,0,103160
p2205,20220218,20220218,112340000,11:23:40,10316,658427,550047,67794157960,1,0,103160
p2205,20220218,20220218,112340500,11:23:40,10316,658427,550047,67794157960,0,0,0
p2205,20220218,20220218,112341000,11:23:41,10316,658430,550047,67794467440,3,0,309480
p2205,20220218,20220218,112341500,11:23:42,10316,658431,550047,67794570600,1,0,103160
p2205,20220218,20220218,112342000,11:23:42,10316,658432,550046,67794673760,1,-1,103160
p2205,20220218,20220218,112342500,11:23:42,10316,658434,550044,67794880080,2,-2,206320
p2205,20220218,20220218,112343000,11:23:43,10316,658434,550044,67794880080,0,0,0
p2205,20220218,20220218,112343500,11:23:43,10314,658435,550044,67794983220,1,0,103140
p2205,20220218,20220218,112344000,11:23:48,10316,658437,550043,67795189540,2,-1,206320
p2205,20220218,20220218,112344500,11:23:48,10316,658439,550043,67795395860,2,0,206320
p2205,20220218,20220218,112345000,11:23:48,10316,658439,550043,67795395860,0,0,0
p2205,20220218,20220218,112345500,11:23:48,10316,658449,550043,67796427460,10,0,1031600
p2205,20220218,20220218,112348000,11:23:48,10316,658475,550044,67799109600,26,1,2682140
p2205,20220218,20220218,112348500,11:23:49,10316,658475,550044,67799109600,0,0,0
p2205,20220218,20220218,112349000,11:23:49,10316,658477,550045,67799315920,2,1,206320
p2205,20220218,20220218,112349500,11:23:50,10316,658480,550044,67799625400,3,-1,309480
p2205,20220218,20220218,112350000,11:23:50,10316,658483,550044,67799934880,3,0,309480
p2205,20220218,20220218,112350500,11:23:50,10316,658492,550035,67800863320,9,-9,928440
p2205,20220218,20220218,112351000,11:23:51,10316,658492,550035,67800863320,0,0,0
p2205,20220218,20220218,112351500,11:23:51,10316,658493,550034,67800966480,1,-1,103160
p2205,20220218,20220218,112352000,11:23:52,10314,658494,550035,67801069620,1,1,103140
p2205,20220218,20220218,112352500,11:23:52,10314,658494,550035,67801069620,0,0,0
p2205,20220218,20220218,112353000,11:23:53,10316,658497,550034,67801379100,3,-1,309480
p2205,20220218,20220218,112353500,11:23:53,10316,658498,550033,67801482260,1,-1,103160
p2205,20220218,20220218,112354000,11:23:54,10316,658501,550033,67801791740,3,0,309480
p2205,20220218,20220218,112354500,11:23:55,10316,658502,550033,67801894900,1,0,103160
p2205,20220218,20220218,112355000,11:23:55,10314,658503,550034,67801998040,1,1,103140
p2205,20220218,20220218,112355500,11:23:55,10314,658513,550036,67803029620,10,2,1031580
p2205,20220218,20220218,112356000,11:23:56,10316,658514,550036,67803132780,1,0,103160
p2205,20220218,20220218,112357000,11:23:57,10316,658533,550025,67805092820,19,-11,1960040
p2205,20220218,20220218,112357500,11:23:57,10316,658558,550036,67807671820,25,11,2579000
p2205,20220218,20220218,112358000,11:23:58,10316,658560,550036,67807878140,2,0,206320
p2205,20220218,20220218,112358500,11:23:58,10316,658560,550036,67807878140,0,0,0
p2205,20220218,20220218,112359000,11:23:59,10318,658565,550040,67808394040,5,4,515900
p2205,20220218,20220218,112400500,11:24:00,10318,658566,550040,67808497220,1,0,103180
p2205,20220218,20220218,112401000,11:24:01,10318,658568,550039,67808703580,2,-1,206360
p2205,20220218,20220218,112401500,11:24:01,10316,658571,550041,67809013080,3,2,309500
p2205,20220218,20220218,112402500,11:24:02,10316,658571,550041,67809013080,0,0,0
p2205,20220218,20220218,112403000,11:24:03,10316,658571,550041,67809013080,0,0,0
p2205,20220218,20220218,112403500,11:24:04,10316,658619,550048,67813964760,48,7,4951680
p2205,20220218,20220218,112404000,11:24:04,10316,658622,550047,67814274220,3,-1,309460
p2205,20220218,20220218,112404500,11:24:04,10314,658631,550040,67815202500,9,-7,928280
p2205,20220218,20220218,112405000,11:24:05,10314,658632,550039,67815305640,1,-1,103140
p2205,20220218,20220218,112405500,11:24:05,10314,658635,550039,67815615080,3,0,309440
p2205,20220218,20220218,112406000,11:24:06,10316,658636,550040,67815718240,1,1,103160
p2205,20220218,20220218,112407000,11:24:07,10316,658636,550040,67815718240,0,0,0
p2205,20220218,20220218,112407500,11:24:08,10316,658637,550040,67815821400,1,0,103160
p2205,20220218,20220218,112408500,11:24:08,10316,658638,550041,67815924560,1,1,103160
p2205,20220218,20220218,112409000,11:24:09,10314,658640,550041,67816130860,2,0,206300
p2205,20220218,20220218,112409500,11:24:11,10314,658641,550041,67816234000,1,0,103140
p2205,20220218,20220218,112410000,11:24:12,10314,658643,550041,67816440280,2,0,206280
p2205,20220218,20220218,112410500,11:24:12,10316,658737,550010,67826137380,94,-31,9697100
p2205,20220218,20220218,112411500,11:24:12,10316,658776,550025,67830160560,39,15,4023180
p2205,20220218,20220218,112412000,11:24:12,10316,658776,550025,67830160560,0,0,0
p2205,20220218,20220218,112412500,11:24:12,10314,658785,550028,67831088860,9,3,928300
p2205,20220218,20220218,112413000,11:24:13,10314,658801,550025,67832739100,16,-3,1650240
p2205,20220218,20220218,112413500,11:24:14,10316,658828,550035,67835524420,27,10,2785320
p2205,20220218,20220218,112414000,11:24:14,10316,658836,550043,67836349700,8,8,825280
p2205,20220218,20220218,112414500,11:24:15,10316,658869,550066,67839753800,33,23,3404100
p2205,20220218,20220218,112415000,11:24:15,10316,658869,550066,67839753800,0,0,0
p2205,20220218,20220218,112415500,11:24:15,10318,658919,550099,67844912340,50,33,5158540
p2205,20220218,20220218,112416000,11:24:16,10318,658919,550099,67844912340,0,0,0
p2205,20220218,20220218,112416500,11:24:17,10316,658922,550099,67845221820,3,0,309480
p2205,20220218,20220218,112417000,11:24:17,10318,658963,550126,67849452140,41,27,4230320
p2205,20220218,20220218,112417500,11:24:18,10318,659014,550140,67854714340,51,14,5262200
p2205,20220218,20220218,112418000,11:24:18,10318,659016,550140,67854920700,2,0,206360
p2205,20220218,20220218,112418500,11:24:19,10320,659149,550135,67868646300,133,-5,13725600
p2205,20220218,20220218,112419000,11:24:19,10322,659210,550149,67874942700,61,14,6296400
p2205,20220218,20220218,112419500,11:24:20,10320,659336,550128,67887948300,126,-21,13005600
p2205,20220218,20220218,112420000,11:24:20,10322,659449,550091,67899612400,113,-37,11664100
p2205,20220218,20220218,112420500,11:24:20,10320,659462,550097,67900954240,13,6,1341840
p2205,20220218,20220218,112421000,11:24:21,10322,659466,550096,67901367120,4,-1,412880
p2205,20220218,20220218,112421500,11:24:22,10320,659477,550102,67902502320,11,6,1135200
p2205,20220218,20220218,112422000,11:24:22,10322,659492,550100,67904050440,15,-2,1548120
p2205,20220218,20220218,112422500,11:24:23,10322,659492,550100,67904050440,0,0,0
p2205,20220218,20220218,112423000,11:24:23,10322,659501,550100,67904979420,9,0,928980
p2205,20220218,20220218,112423500,11:24:23,10322,659501,550100,67904979420,0,0,0
p2205,20220218,20220218,112424000,11:24:24,10322,659505,550101,67905392280,4,1,412860
p2205,20220218,20220218,112424500,11:24:24,10322,659508,550101,67905701920,3,0,309640
p2205,20220218,20220218,112425000,11:24:25,10320,659528,550110,67907766160,20,9,2064240
p2205,20220218,20220218,112425500,11:24:25,10322,659530,550111,67907972580,2,1,206420
p2205,20220218,20220218,112426000,11:24:26,10322,659531,550112,67908075800,1,1,103220
p2205,20220218,20220218,112426500,11:24:26,10322,659532,550112,67908179020,1,0,103220
p2205,20220218,20220218,112427000,11:24:27,10322,659540,550112,67909004680,8,0,825660
p2205,20220218,20220218,112427500,11:24:28,10320,659577,550091,67912823080,37,-21,3818400
p2205,20220218,20220218,112428000,11:24:28,10320,659583,550086,67913442280,6,-5,619200
p2205,20220218,20220218,112428500,11:24:28,10320,659583,550086,67913442280,0,0,0
p2205,20220218,20220218,112429000,11:24:29,10320,659584,550085,67913545480,1,-1,103200
p2205,20220218,20220218,112429500,11:24:29,10320,659584,550085,67913545480,0,0,0
p2205,20220218,20220218,112430000,11:24:30,10318,659696,550001,67925101640,112,-84,11556160
p2205,20220218,20220218,112430500,11:24:30,10318,659696,550001,67925101640,0,0,0
p2205,20220218,20220218,112431000,11:24:31,10318,659696,550001,67925101640,0,0,0
p2205,20220218,20220218,112431500,11:24:31,10320,660013,550148,67957820260,317,147,32718620
p2205,20220218,20220218,112432000,11:24:32,10324,660059,550132,67962569080,46,-16,4748820
p2205,20220218,20220218,112432500,11:24:32,10324,660112,550127,67968040800,53,-5,5471720
p2205,20220218,20220218,112433000,11:24:33,10322,660118,550128,67968660180,6,1,619380
p2205,20220218,20220218,112433500,11:24:33,10322,660121,550129,67968969840,3,1,309660
p2205,20220218,20220218,112434000,11:24:34,10324,660122,550129,67969073080,1,0,103240
p2205,20220218,20220218,112434500,11:24:34,10324,660125,550131,67969382780,3,2,309700
p2205,20220218,20220218,112435000,11:24:35,10324,660129,550130,67969795740,4,-1,412960
p2205,20220218,20220218,112435500,11:24:35,10322,660136,550137,67970518360,7,7,722620
p2205,20220218,20220218,112436000,11:24:36,10322,660138,550138,67970724800,2,1,206440
p2205,20220218,20220218,112436500,11:24:36,10324,660142,550139,67971137740,4,1,412940
p2205,20220218,20220218,112437000,11:24:37,10324,660148,550144,67971757080,6,5,619340
p2205,20220218,20220218,112437500,11:24:39,10324,660148,550144,67971757080,0,0,0
p2205,20220218,20220218,112438000,11:24:39,10324,660223,550168,67979500080,75,24,7743000
p2205,20220218,20220218,112438500,11:24:39,10322,660245,550158,67981771300,22,-10,2271220
p2205,20220218,20220218,112439000,11:24:40,10324,660262,550167,67983526380,17,9,1755080
p2205,20220218,20220218,112439500,11:24:40,10324,660270,550174,67984352300,8,7,825920
p2205,20220218,20220218,112440000,11:24:40,10324,660349,550238,67992508260,79,64,8155960
p2205,20220218,20220218,112440500,11:24:40,10322,660359,550238,67993540560,10,0,1032300
p2205,20220218,20220218,112441000,11:24:41,10324,660418,550274,67999631720,59,36,6091160
p2205,20220218,20220218,112441500,11:24:41,10322,660428,550267,68000664080,10,-7,1032360
p2205,20220218,20220218,112442000,11:24:42,10324,660434,550265,68001283520,6,-2,619440
p2205,20220218,20220218,112442500,11:24:42,10324,660443,550267,68002212680,9,2,929160
p2205,20220218,20220218,112443000,11:24:43,10322,660456,550261,68003554780,13,-6,1342100
p2205,20220218,20220218,112443500,11:24:43,10322,660456,550261,68003554780,0,0,0
p2205,20220218,20220218,112444000,11:24:44,10324,660487,550275,68006755220,31,14,3200440
p2205,20220218,20220218,112444500,11:24:44,10324,660490,550277,68007064980,3,2,309760
p2205,20220218,20220218,112445000,11:24:45,10324,660493,550280,68007374740,3,3,309760
p2205,20220218,20220218,112445500,11:24:45,10324,660499,550285,68007994200,6,5,619460
p2205,20220218,20220218,112446000,11:24:46,10326,660506,550290,68008716940,7,5,722740
p2205,20220218,20220218,112446500,11:24:46,10326,660520,550285,68010162540,14,-5,1445600
p2205,20220218,20220218,112447000,11:24:47,10324,660543,550299,68012537060,23,14,2374520
p2205,20220218,20220218,112447500,11:24:47,10324,660597,550289,68018113040,54,-10,5575980
p2205,20220218,20220218,112448000,11:24:48,10326,660606,550284,68019042380,9,-5,929340
p2205,20220218,20220218,112448500,11:24:49,10328,660702,550284,68028955680,96,0,9913300
p2205,20220218,20220218,112449000,11:24:49,10324,660771,550299,68036081020,69,15,7125340
p2205,20220218,20220218,112449500,11:24:49,10326,660777,550300,68036700540,6,1,619520
p2205,20220218,20220218,112450000,11:24:50,10324,660799,550317,68038972240,22,17,2271700
p2205,20220218,20220218,112450500,11:24:50,10326,660813,550305,68040417860,14,-12,1445620
p2205,20220218,20220218,112451000,11:24:51,10326,660839,550324,68043102620,26,19,2684760
p2205,20220218,20220218,112451500,11:24:52,10326,660896,550347,68048988780,57,23,5886160
p2205,20220218,20220218,112452000,11:24:52,10326,660917,550362,68051157240,21,15,2168460
p2205,20220218,20220218,112452500,11:24:52,10326,660928,550366,68052293080,11,4,1135840
p2205,20220218,20220218,112453000,11:24:53,10328,660968,550396,68056423620,40,30,4130540
p2205,20220218,20220218,112453500,11:24:53,10326,660972,550397,68056836700,4,1,413080
p2205,20220218,20220218,112454000,11:24:54,10328,661016,550440,68061381000,44,43,4544300
p2205,20220218,20220218,112454500,11:24:54,10328,661053,550455,68065202420,37,15,3821420
p2205,20220218,20220218,112455000,11:24:55,10328,661174,550546,68077701480,121,91,12499060
p2205,20220218,20220218,112455500,11:24:56,10330,661303,550636,68091027180,129,90,13325700
p2205,20220218,20220218,112456000,11:24:56,10328,661423,550636,68103423100,120,0,12395920
p2205,20220218,20220218,112456500,11:24:56,10330,661433,550636,68104456080,10,0,1032980
p2205,20220218,20220218,112457000,11:24:57,10328,661440,550634,68105179060,7,-2,722980
p2205,20220218,20220218,112457500,11:24:57,10328,661450,550637,68106211940,10,3,1032880
p2205,20220218,20220218,112458000,11:24:58,10328,661465,550641,68107761400,15,4,1549460
p2205,20220218,20220218,112458500,11:24:58,10328,661489,550641,68110240120,24,0,2478720
p2205,20220218,20220218,112459000,11:24:59,10328,661545,550656,68116023820,56,15,5783700
p2205,20220218,20220218,112459500,11:24:59,10328,661591,550678,68120774700,46,22,4750880
p2205,20220218,20220218,112500000,11:25:00,10328,661593,550679,68120981260,2,1,206560
p2205,20220218,20220218,112500500,11:25:01,10330,661608,550688,68122530700,15,9,1549440
p2205,20220218,20220218,112501000,11:25:01,10328,661610,550689,68122737260,2,1,206560
p2205,20220218,20220218,112501500,11:25:04,10328,661613,550691,68123047120,3,2,309860
p2205,20220218,20220218,112502000,11:25:05,10330,661635,550703,68125319440,22,12,2272320
p2205,20220218,20220218,112502500,11:25:06,10330,661665,550711,68128418260,30,8,3098820
p2205,20220218,20220218,112504500,11:25:06,10326,661892,550666,68151861780,227,-45,23443520
p2205,20220218,20220218,112505000,11:25:06,10326,661893,550666,68151965040,1,0,103260
p2205,20220218,20220218,112505500,11:25:06,10326,661964,550661,68159296500,71,-5,7331460
p2205,20220218,20220218,112506000,11:25:06,10328,662002,550663,68163220400,38,2,3923900
p2205,20220218,20220218,112506500,11:25:07,10328,662014,550665,68164459740,12,2,1239340
p2205,20220218,20220218,112507000,11:25:07,10328,662014,550665,68164459740,0,0,0
p2205,20220218,20220218,112507500,11:25:07,10328,662016,550666,68164666280,2,1,206540
p2205,20220218,20220218,112508000,11:25:08,10328,662024,550674,68165492480,8,8,826200
p2205,20220218,20220218,112508500,11:25:08,10328,662026,550676,68165699020,2,2,206540
p2205,20220218,20220218,112509000,11:25:09,10328,662037,550680,68166835080,11,4,1136060
p2205,20220218,20220218,112509500,11:25:09,10326,662041,550684,68167248120,4,4,413040
p2205,20220218,20220218,112510000,11:25:10,10326,662045,550684,68167661180,4,0,413060
p2205,20220218,20220218,112510500,11:25:10,10326,662045,550684,68167661180,0,0,0
p2205,20220218,20220218,112511000,11:25:11,10326,662071,550675,68170346440,26,-9,2685260
p2205,20220218,20220218,112511500,11:25:11,10326,662074,550675,68170656220,3,0,309780
p2205,20220218,20220218,112512000,11:25:12,10328,662081,550676,68171379100,7,1,722880
p2205,20220218,20220218,112512500,11:25:12,10328,662088,550678,68172102020,7,2,722920
p2205,20220218,20220218,112513000,11:25:13,10326,662090,550680,68172308540,2,2,206520
p2205,20220218,20220218,112513500,11:25:15,10326,662092,550682,68172515080,2,2,206540
p2205,20220218,20220218,112514000,11:25:15,10328,662110,550674,68174374080,18,-8,1859000
p2205,20220218,20220218,112514500,11:25:15,10326,662115,550679,68174890380,5,5,516300
p2205,20220218,20220218,112515000,11:25:16,10328,662117,550680,68175096940,2,1,206560
p2205,20220218,20220218,112515500,11:25:16,10328,662125,550685,68175923180,8,5,826240
p2205,20220218,20220218,112516000,11:25:16,10328,662168,550704,68180364160,43,19,4440980
p2205,20220218,20220218,112516500,11:25:16,10330,662307,550749,68194722660,139,45,14358500
p2205,20220218,20220218,112517000,11:25:18,10330,662340,550771,68198132020,33,22,3409360
p2205,20220218,20220218,112517500,11:25:18,10332,662475,550770,68212080200,135,-1,13948180
p2205,20220218,20220218,112518000,11:25:19,10334,662552,550802,68220036960,77,32,7956760
p2205,20220218,20220218,112518500,11:25:19,10334,662608,550819,68225824100,56,17,5787140
p2205,20220218,20220218,112519000,11:25:19,10336,662673,550829,68232541280,65,10,6717180
p2205,20220218,20220218,112519500,11:25:19,10336,662724,550841,68237812300,51,12,5271020
p2205,20220218,20220218,112520000,11:25:20,10334,662768,550878,68242360060,44,37,4547760
p2205,20220218,20220218,112520500,11:25:21,10334,662780,550880,68243600300,12,2,1240240
p2205,20220218,20220218,112521000,11:25:21,10334,662789,550888,68244530440,9,8,930140
p2205,20220218,20220218,112521500,11:25:22,10336,662872,550890,68253109260,83,2,8578820
p2205,20220218,20220218,112522000,11:25:22,10338,663012,550968,68267580600,140,78,14471340
p2205,20220218,20220218,112522500,11:25:23,10340,663088,550987,68275437500,76,19,7856900
p2205,20220218,20220218,112523000,11:25:23,10340,663194,550933,68286397520,106,-54,10960020
p2205,20220218,20220218,112523500,11:25:24,10338,663235,550930,68290636820,41,-3,4239300
p2205,20220218,20220218,112524000,11:25:25,10338,663257,550940,68292911480,22,10,2274660
p2205,20220218,20220218,112524500,11:25:25,10342,663346,550981,68302114160,89,41,9202680
p2205,20220218,20220218,112525000,11:25:25,10340,663489,550986,68316900860,143,5,14786700
p2205,20220218,20220218,112525500,11:25:26,10340,663626,550957,68331067800,137,-29,14166940
p2205,20220218,20220218,112526000,11:25:26,10340,663660,550938,68334583340,34,-19,3515540
p2205,20220218,20220218,112526500,11:25:27,10340,663698,550947,68338512500,38,9,3929160
p2205,20220218,20220218,112527000,11:25:28,10340,663710,550955,68339753360,12,8,1240860
p2205,20220218,20220218,112527500,11:25:28,10342,663856,551053,68354852740,146,98,15099380
p2205,20220218,20220218,112528000,11:25:28,10340,663877,551053,68357024420,21,0,2171680
p2205,20220218,20220218,112528500,11:25:28,10338,663930,551043,68362504600,53,-10,5480180
p2205,20220218,20220218,112529000,11:25:29,10340,663975,551059,68367157000,45,16,4652400
p2205,20220218,20220218,112529500,11:25:30,10338,663981,551062,68367777280,6,3,620280
p2205,20220218,20220218,112530000,11:25:30,10338,663996,551066,68369327940,15,4,1550660
p2205,20220218,20220218,112530500,11:25:31,10338,664059,551049,68375840860,63,-17,6512920
p2205,20220218,20220218,112531000,11:25:31,10338,664083,551055,68378321980,24,6,2481120
p2205,20220218,20220218,112531500,11:25:32,10336,664135,551093,68383697740,52,38,5375760
p2205,20220218,20220218,112532000,11:25:32,10336,664142,551092,68384421340,7,-1,723600
p2205,20220218,20220218,112532500,11:25:33,10336,664169,551113,68387212480,27,21,2791140
p2205,20220218,20220218,112533000,11:25:33,10338,664184,551123,68388763120,15,10,1550640
p2205,20220218,20220218,112533500,11:25:33,10336,664220,551155,68392484120,36,32,3721000
p2205,20220218,20220218,112534000,11:25:34,10336,664225,551156,68393000920,5,1,516800
p2205,20220218,20220218,112534500,11:25:35,10338,664274,551183,68398066540,49,27,5065620
p2205,20220218,20220218,112535000,11:25:36,10338,664297,551176,68400444280,23,-7,2377740
p2205,20220218,20220218,112535500,11:25:37,10338,664323,551168,68403132120,26,-8,2687840
p2205,20220218,20220218,112536000,11:25:37,10338,664327,551172,68403545640,4,4,413520
p2205,20220218,20220218,112536500,11:25:37,10340,664331,551174,68403959200,4,2,413560
p2205,20220218,20220218,112537000,11:25:38,10338,664384,551209,68409438860,53,35,5479660
p2205,20220218,20220218,112537500,11:25:38,10340,664401,551212,68411196560,17,3,1757700
p2205,20220218,20220218,112538000,11:25:38,10338,664408,551218,68411920220,7,6,723660
p2205,20220218,20220218,112538500,11:25:39,10338,664417,551221,68412850700,9,3,930480
p2205,20220218,20220218,112539000,11:25:39,10340,664472,551269,68418537640,55,48,5686940
p2205,20220218,20220218,112539500,11:25:40,10338,664488,551275,68420191720,16,6,1654080
p2205,20220218,20220218,112540000,11:25:40,10340,664503,551272,68421742680,15,-3,1550960
p2205,20220218,20220218,112540500,11:25:41,10340,664531,551281,68424637880,28,9,2895200
p2205,20220218,20220218,112541000,11:25:41,10338,664580,551283,68429703500,49,2,5065620
p2205,20220218,20220218,112541500,11:25:41,10338,664581,551284,68429806880,1,1,103380
p2205,20220218,20220218,112542000,11:25:42,10338,664584,551285,68430117000,3,1,310120
p2205,20220218,20220218,112542500,11:25:43,10338,664585,551286,68430220380,1,1,103380
p2205,20220218,20220218,112543000,11:25:43,10336,664587,551287,68430427120,2,1,206740
p2205,20220218,20220218,112543500,11:25:43,10336,664590,551285,68430737240,3,-2,310120
p2205,20220218,20220218,112544000,11:25:44,10338,664611,551297,68432908220,21,12,2170980
p2205,20220218,20220218,112544500,11:25:44,10338,664615,551300,68433321740,4,3,413520
p2205,20220218,20220218,112545000,11:25:45,10338,664620,551304,68433838660,5,4,516920
p2205,20220218,20220218,112545500,11:25:46,10338,664626,551302,68434459040,6,-2,620380
p2205,20220218,20220218,112546000,11:25:47,10340,664890,551501,68461756620,264,199,27297580
p2205,20220218,20220218,112546500,11:25:47,10342,665002,551502,68473339660,112,1,11583040
p2205,20220218,20220218,112547000,11:25:48,10342,665042,551497,68477476440,40,-5,4136780
p2205,20220218,20220218,112547500,11:25:48,10340,665119,551547,68485438260,77,50,7961820
p2205,20220218,20220218,112548000,11:25:48,10338,665126,551549,68486162040,7,2,723780
p2205,20220218,20220218,112548500,11:25:48,10338,665126,551549,68486162040,0,0,0
p2205,20220218,20220218,112549000,11:25:49,10340,665144,551546,68488023160,18,-3,1861120
p2205,20220218,20220218,112549500,11:25:49,10340,665152,551547,68488850360,8,1,827200
p2205,20220218,20220218,112550000,11:25:50,10340,665173,551537,68491021740,21,-10,2171380
p2205,20220218,20220218,112550500,11:25:51,10342,665192,551536,68492986360,19,-1,1964620
p2205,20220218,20220218,112551000,11:25:51,10340,665217,551539,68495571360,25,3,2585000
p2205,20220218,20220218,112551500,11:25:51,10340,665226,551540,68496501980,9,1,930620
p2205,20220218,20220218,112552000,11:25:52,10340,665263,551565,68500327380,37,25,3825400
p2205,20220218,20220218,112552500,11:25:52,10340,665263,551565,68500327380,0,0,0
p2205,20220218,20220218,112553000,11:25:53,10340,665263,551565,68500327380,0,0,0
p2205,20220218,20220218,112553500,11:25:54,10340,665272,551569,68501257980,9,4,930600
p2205,20220218,20220218,112554000,11:25:54,10338,665323,551554,68506530360,51,-15,5272380
p2205,20220218,20220218,112554500,11:25:55,10338,665354,551568,68509735140,31,14,3204780
p2205,20220218,20220218,112555000,11:25:55,10338,665360,551565,68510355420,6,-3,620280
p2205,20220218,20220218,112555500,11:25:56,10336,665363,551567,68510665540,3,2,310120
p2205,20220218,20220218,112556000,11:25:57,10336,665370,551568,68511389080,7,1,723540
p2205,20220218,20220218,112556500,11:25:57,10338,665423,551603,68516868220,53,35,5479140
p2205,20220218,20220218,112557000,11:25:57,10338,665427,551605,68517281740,4,2,413520
p2205,20220218,20220218,112557500,11:25:57,10338,665429,551606,68517488500,2,1,206760
p2205,20220218,20220218,112558000,11:25:59,10338,665465,551628,68521210180,36,22,3721680
p2205,20220218,20220218,112558500,11:25:59,10340,665466,551628,68521313580,1,0,103400
p2205,20220218,20220218,112559000,11:26:00,10340,665588,551697,68533928340,122,69,12614760
p2205,20220218,20220218,112559500,11:26:00,10340,665595,551697,68534652140,7,0,723800
p2205,20220218,20220218,112600000,11:26:00,10340,665619,551703,68537133740,24,6,2481600
p2205,20220218,20220218,112600500,11:26:01,10342,665627,551705,68537961000,8,2,827260
p2205,20220218,20220218,112601000,11:26:01,10342,665732,551778,68548820060,105,73,10859060
p2205,20220218,20220218,112601500,11:26:01,10342,665843,551842,68560299440,111,64,11479380
p2205,20220218,20220218,112602000,11:26:03,10340,665891,551853,68565263480,48,11,4964040
p2205,20220218,20220218,112602500,11:26:03,10340,665900,551859,68566194120,9,6,930640
p2205,20220218,20220218,112603000,11:26:03,10340,665951,551849,68571467520,51,-10,5273400
p2205,20220218,20220218,112603500,11:26:03,10340,665955,551845,68571881120,4,-4,413600
p2205,20220218,20220218,112604000,11:26:05,10342,665979,551848,68574362840,24,3,2481720
p2205,20220218,20220218,112604500,11:26:05,10340,665990,551852,68575500240,11,4,1137400
p2205,20220218,20220218,112605000,11:26:05,10342,666043,551873,68580981460,53,21,5481220
p2205,20220218,20220218,112605500,11:26:06,10342,666050,551874,68581705420,7,1,723960
p2205,20220218,20220218,112606000,11:26:06,10344,666075,551897,68584291180,25,23,2585760
p2205,20220218,20220218,112606500,11:26:07,10344,666471,552050,68625255580,396,153,40964400
p2205,20220218,20220218,112607000,11:26:09,10348,666521,552050,68630428680,50,0,5173100
p2205,20220218,20220218,112607500,11:26:09,10350,667016,552145,68681655220,495,95,51226540
p2205,20220218,20220218,112609000,11:26:10,10354,667651,552070,68747384440,635,-75,65729220
p2205,20220218,20220218,112609500,11:26:10,10354,667725,552099,68755046440,74,29,7662000
p2205,20220218,20220218,112610000,11:26:10,10354,667778,552122,68760534540,53,23,5488100
p2205,20220218,20220218,112610500,11:26:11,10354,667897,552177,68772855880,119,55,12321340
p2205,20220218,20220218,112611000,11:26:11,10354,667964,552200,68779793160,67,23,6937280
p2205,20220218,20220218,112611500,11:26:13,10352,668028,552184,68786419820,64,-16,6626660
p2205,20220218,20220218,112612000,11:26:14,10350,668128,552147,68796771780,100,-37,10351960
p2205,20220218,20220218,112612500,11:26:14,10352,668146,552147,68798635140,18,0,1863360
p2205,20220218,20220218,112613000,11:26:15,10352,668153,552148,68799359760,7,1,724620
p2205,20220218,20220218,112613500,11:26:15,10352,668168,552146,68800912540,15,-2,1552780
p2205,20220218,20220218,112614000,11:26:15,10350,668180,552147,68802154640,12,1,1242100
p2205,20220218,20220218,112614500,11:26:15,10352,668209,552153,68805156700,29,6,3002060
p2205,20220218,20220218,112615000,11:26:16,10350,668265,552165,68810954180,56,12,5797480
p2205,20220218,20220218,112615500,11:26:16,10354,668303,552182,68814888100,38,17,3933920
p2205,20220218,20220218,112616000,11:26:16,10352,668324,552190,68817062060,21,8,2173960
p2205,20220218,20220218,112616500,11:26:17,10352,668332,552194,68817890220,8,4,828160
p2205,20220218,20220218,112617000,11:26:17,10352,668364,552194,68821203000,32,0,3312780
p2205,20220218,20220218,112617500,11:26:17,10352,668374,552189,68822238200,10,-5,1035200
p2205,20220218,20220218,112618000,11:26:18,10352,668414,552197,68826378980,40,8,4140780
p2205,20220218,20220218,112618500,11:26:18,10354,668427,552199,68827724840,13,2,1345860
p2205,20220218,20220218,112619000,11:26:19,10352,668438,552208,68828863680,11,9,1138840
p2205,20220218,20220218,112619500,11:26:20,10352,668448,552216,68829898960,10,8,1035280
p2205,20220218,20220218,112620000,11:26:20,10354,668460,552220,68831141260,12,4,1242300
p2205,20220218,20220218,112620500,11:26:20,10354,668489,552220,68834143640,29,0,3002380
p2205,20220218,20220218,112621000,11:26:21,10352,668508,552210,68836110520,19,-10,1966880
p2205,20220218,20220218,112621500,11:26:21,10352,668516,552203,68836938680,8,-7,828160
p2205,20220218,20220218,112622000,11:26:22,10352,668562,552208,68841700120,46,5,4761440
p2205,20220218,20220218,112622500,11:26:22,10352,668644,552263,68850188740,82,55,8488620
p2205,20220218,20220218,112623000,11:26:23,10354,668658,552267,68851638260,14,4,1449520
p2205,20220218,20220218,112623500,11:26:23,10354,668668,552269,68852673620,10,2,1035360
p2205,20220218,20220218,112624000,11:26:24,10354,668746,552342,68860749720,78,73,8076100
p2205,20220218,20220218,112624500,11:26:24,10356,668804,552369,68866755580,58,27,6005860
p2205,20220218,20220218,112625000,11:26:25,10354,668871,552384,68873693980,67,15,6938400
p2205,20220218,20220218,112625500,11:26:25,10356,668894,552401,68876075660,23,17,2381680
p2205,20220218,20220218,112626000,11:26:26,10356,668955,552441,68882392380,61,40,6316720
p2205,20220218,20220218,112626500,11:26:26,10356,668974,552448,68884359780,19,7,1967400
p2205,20220218,20220218,112627000,11:26:27,10354,669002,552463,68887259180,28,15,2899400
p2205,20220218,20220218,112627500,11:26:27,10354,669104,552460,68897822360,102,-3,10563180
p2205,20220218,20220218,112628000,11:26:28,10354,669148,552487,68902378300,44,27,4555940
p2205,20220218,20220218,112628500,11:26:28,10354,669192,552475,68906934080,44,-12,4555780
p2205,20220218,20220218,112629000,11:26:29,10354,669273,552479,68915320820,81,4,8386740
p2205,20220218,20220218,112629500,11:26:30,10356,669285,552486,68916563400,12,7,1242580
p2205,20220218,20220218,112630000,11:26:31,10354,669290,552491,68917081120,5,5,517720
p2205,20220218,20220218,112630500,11:26:31,10354,669296,552493,68917702460,6,2,621340
p2205,20220218,20220218,112631000,11:26:31,10354,669321,552513,68920291380,25,20,2588920
p2205,20220218,20220218,112631500,11:26:32,10354,669342,552523,68922466080,21,10,2174700
p2205,20220218,20220218,112632000,11:26:32,10354,669418,552501,68930335600,76,-22,7869520
p2205,20220218,20220218,112632500,11:26:32,10356,669484,552485,68937170520,66,-16,6834920
p2205,20220218,20220218,112633000,11:26:33,10356,669506,552474,68939448820,22,-11,2278300
p2205,20220218,20220218,112633500,11:26:34,10356,669528,552494,68941727200,22,20,2278380
p2205,20220218,20220218,112634000,11:26:34,10356,669570,552517,68946077320,42,23,4350120
p2205,20220218,20220218,112634500,11:26:37,10356,669598,552540,68948977340,28,23,2900020
p2205,20220218,20220218,112635000,11:26:37,10356,669623,552549,68951566400,25,9,2589060
p2205,20220218,20220218,112635500,11:26:38,10356,669666,552571,68956019260,43,22,4452860
p2205,20220218,20220218,112636000,11:26:38,10358,669691,552583,68958608400,25,12,2589140
p2205,20220218,20220218,112637000,11:26:54,10358,669878,552669,68977977960,187,86,19369560
p2205,20220218,20220218,112637500,11:26:54,10356,669916,552665,68981913680,38,-4,3935720
p2205,20220218,20220218,112638000,11:27:10,10358,669942,552686,68984606740,26,21,2693060
p2205,20220218,20220218,112638500,11:27:10,10360,670003,552701,68990925160,61,15,6318420
p2205,20220218,20220218,112653500,11:27:11,10356,671250,552872,69120091980,1247,171,129166820
p2205,20220218,20220218,112710000,11:27:12,10358,672294,553188,69228227200,1044,316,108135220
p2205,20220218,20220218,112710500,11:27:12,10360,672308,553196,69229677400,14,8,1450200
p2205,20220218,20220218,112712000,11:27:13,10358,672452,553198,69244594680,144,2,14917280
p2205,20220218,20220218,112712500,11:27:13,10356,672485,553179,69248012860,33,-19,3418180
p2205,20220218,20220218,112713000,11:27:14,10358,672533,553203,69252984160,48,24,4971300
p2205,20220218,20220218,112713500,11:27:14,10358,672548,553215,69254537820,15,12,1553660
p2205,20220218,20220218,112714000,11:27:15,10358,672548,553215,69254537820,0,0,0
p2205,20220218,20220218,112714500,11:27:15,10358,672552,553216,69254952100,4,1,414280
p2205,20220218,20220218,112715000,11:27:16,10356,672558,553220,69255573520,6,4,621420
p2205,20220218,20220218,112715500,11:27:16,10358,672585,553213,69258369780,27,-7,2796260
p2205,20220218,20220218,112716000,11:27:17,10356,672605,553217,69260441140,20,4,2071360
p2205,20220218,20220218,112716500,11:27:17,10356,672616,553216,69261580340,11,-1,1139200
p2205,20220218,20220218,112717000,11:27:17,10356,672623,553221,69262305360,7,5,725020
p2205,20220218,20220218,112717500,11:27:17,10356,672631,553219,69263133860,8,-2,828500
p2205,20220218,20220218,112718000,11:27:18,10358,672643,553219,69264376700,12,0,1242840
p2205,20220218,20220218,112718500,11:27:19,10358,672671,553220,69267276600,28,1,2899900
p2205,20220218,20220218,112719000,11:27:19,10356,672690,553225,69269244240,19,5,1967640
p2205,20220218,20220218,112719500,11:27:20,10356,672711,553216,69271419000,21,-9,2174760
p2205,20220218,20220218,112720000,11:27:20,10356,672726,553214,69272972440,15,-2,1553440
p2205,20220218,20220218,112720500,11:27:21,10358,672730,553214,69273386700,4,0,414260
p2205,20220218,20220218,112721000,11:27:21,10358,672735,553219,69273904600,5,5,517900
p2205,20220218,20220218,112721500,11:27:22,10356,672746,553218,69275043860,11,-1,1139260
p2205,20220218,20220218,112722000,11:27:22,10358,672771,553216,69277633100,25,-2,2589240
p2205,20220218,20220218,112722500,11:27:22,10356,672779,553219,69278461620,8,3,828520
p2205,20220218,20220218,112723000,11:27:26,10356,672798,553226,69280429280,19,7,1967660
p2205,20220218,20220218,112723500,11:27:27,10354,672886,553256,69289540880,88,30,9111600
p2205,20220218,20220218,112724000,11:27:27,10354,672921,553260,69293164780,35,4,3623900
p2205,20220218,20220218,112726500,11:27:27,10358,672984,553294,69299689020,63,34,6524240
p2205,20220218,20220218,112727000,11:27:27,10356,673000,553300,69301345980,16,6,1656960
p2205,20220218,20220218,112727500,11:27:27,10358,673003,553301,69301656680,3,1,310700
p2205,20220218,20220218,112728000,11:27:28,10356,673011,553307,69302485180,8,6,828500
p2205,20220218,20220218,112728500,11:27:28,10356,673033,553320,69304763580,22,13,2278400
p2205,20220218,20220218,112729000,11:27:29,10354,673042,553326,69305695640,9,6,932060
p2205,20220218,20220218,112729500,11:27:29,10356,673046,553326,69306109860,4,0,414220
p2205,20220218,20220218,112730000,11:27:30,10354,673053,553331,69306834700,7,5,724840
p2205,20220218,20220218,112730500,11:27:31,10356,673055,553329,69307041820,2,-2,207120
p2205,20220218,20220218,112731000,11:27:32,10356,673091,553350,69310769980,36,21,3728160
p2205,20220218,20220218,112731500,11:27:35,10358,673097,553356,69311391460,6,6,621480
p2205,20220218,20220218,112732000,11:27:36,10356,673102,553356,69311909260,5,0,517800
p2205,20220218,20220218,112732500,11:27:36,10356,673111,553361,69312841360,9,5,932100
p2205,20220218,20220218,112735500,11:27:36,10358,673273,553365,69329620640,162,4,16779280
p2205,20220218,20220218,112736000,11:27:37,10358,673287,553367,69331070840,14,2,1450200
p2205,20220218,20220218,112736500,11:27:38,10360,673332,553382,69335731940,45,15,4661100
p2205,20220218,20220218,112737000,11:27:38,10358,673347,553377,69337285640,15,-5,1553700
p2205,20220218,20220218,112737500,11:27:38,10358,673354,553375,69338010660,7,-2,725020
p2205,20220218,20220218,112738000,11:27:39,10358,673371,553384,69339771520,17,9,1760860
p2205,20220218,20220218,112738500,11:27:39,10356,673374,553386,69340082220,3,2,310700
p2205,20220218,20220218,112739000,11:27:39,10356,673377,553389,69340392940,3,3,310720
p2205,20220218,20220218,112739500,11:27:39,10358,673384,553390,69341117940,7,1,725000
p2205,20220218,20220218,112740000,11:27:40,10356,673429,553428,69345778140,45,38,4660200
p2205,20220218,20220218,112740500,11:27:40,10358,673440,553438,69346917500,11,10,1139360
p2205,20220218,20220218,112741000,11:27:41,10356,673446,553440,69347538920,6,2,621420
p2205,20220218,20220218,112741500,11:27:42,10358,673468,553438,69349817260,22,-2,2278340
p2205,20220218,20220218,112742000,11:27:42,10356,673483,553444,69351370780,15,6,1553520
p2205,20220218,20220218,112742500,11:27:43,10356,673492,553444,69352302820,9,0,932040
p2205,20220218,20220218,112743000,11:27:43,10356,673500,553444,69353131300,8,0,828480
p2205,20220218,20220218,112743500,11:27:43,10358,673502,553445,69353338440,2,1,207140
p2205,20220218,20220218,112744000,11:27:44,10354,673648,553356,69368457520,146,-89,15119080
p2205,20220218,20220218,112744500,11:27:45,10356,673655,553358,69369182440,7,2,724920
p2205,20220218,20220218,112745000,11:27:45,10356,673669,553364,69370632280,14,6,1449840
p2205,20220218,20220218,112745500,11:27:46,10358,673689,553373,69372703540,20,9,2071260
p2205,20220218,20220218,112746000,11:27:46,10356,673690,553374,69372807100,1,1,103560
p2205,20220218,20220218,112746500,11:27:47,10356,673690,553374,69372807100,0,0,0
p2205,20220218,20220218,112747000,11:27:47,10356,673748,553378,69378813600,58,4,6006500
p2205,20220218,20220218,112747500,11:27:47,10358,673764,553381,69380470600,16,3,1657000
p2205,20220218,20220218,112748000,11:27:53,10356,673770,553382,69381091960,6,1,621360
p2205,20220218,20220218,112748500,11:27:54,10356,673773,553382,69381402640,3,0,310680
p2205,20220218,20220218,112749000,11:27:54,10356,673783,553379,69382438280,10,-3,1035640
p2205,20220218,20220218,112749500,11:27:54,10356,673790,553379,69383163200,7,0,724920
p2205,20220218,20220218,112754000,11:27:54,10354,673919,553382,69396521480,129,3,13358280
p2205,20220218,20220218,112754500,11:27:54,10354,673921,553382,69396728580,2,0,207100
p2205,20220218,20220218,112755000,11:27:55,10354,673927,553383,69397349900,6,1,621320
p2205,20220218,20220218,112755500,11:27:55,10356,673940,553381,69398695960,13,-2,1346060
p2205,20220218,20220218,112756000,11:27:56,10354,673943,553379,69399006600,3,-2,310640
p2205,20220218,20220218,112756500,11:27:56,10356,673946,553380,69399317260,3,1,310660
p2205,20220218,20220218,112757000,11:27:57,10356,673952,553379,69399938520,6,-1,621260
p2205,20220218,20220218,112757500,11:27:57,10356,673956,553379,69400352720,4,0,414200
p2205,20220218,20220218,112758000,11:27:58,10354,673983,553382,69403148420,27,3,2795700
p2205,20220218,20220218,112758500,11:27:59,10354,674018,553370,69406772300,35,-12,3623880
p2205,20220218,20220218,112759000,11:27:59,10354,674037,553371,69408739540,19,1,1967240
p2205,20220218,20220218,112759500,11:27:59,10356,674084,553359,69413606800,47,-12,4867260
p2205,20220218,20220218,112800000,11:28:00,10356,674109,553372,69416195800,25,13,2589000
p2205,20220218,20220218,112800500,11:28:01,10356,674126,553378,69417956320,17,6,1760520
p2205,20220218,20220218,112801000,11:28:01,10356,674144,553387,69419820280,18,9,1863960
p2205,20220218,20220218,112801500,11:28:02,10356,674153,553391,69420752300,9,4,932020
p2205,20220218,20220218,112802000,11:28:03,10356,674159,553387,69421373640,6,-4,621340
p2205,20220218,20220218,112802500,11:28:03,10356,674167,553393,69422202120,8,6,828480
p2205,20220218,20220218,112803000,11:28:04,10356,674179,553384,69423444840,12,-9,1242720
p2205,20220218,20220218,112803500,11:28:04,10356,674190,553392,69424583980,11,8,1139140
p2205,20220218,20220218,112804000,11:28:04,10354,674297,553461,69435663160,107,69,11079180
p2205,20220218,20220218,112804500,11:28:05,10354,674299,553461,69435870240,2,0,207080
p2205,20220218,20220218,112805000,11:28:06,10354,674300,553460,69435973780,1,-1,103540
p2205,20220218,20220218,112805500,11:28:06,10352,674406,553513,69446946900,106,53,10973120
p2205,20220218,20220218,112806000,11:28:10,10352,674441,553524,69450569980,35,11,3623080
p2205,20220218,20220218,112806500,11:28:10,10354,674563,553549,69463202560,122,25,12632580
p2205,20220218,20220218,112807000,11:28:10,10354,674579,553556,69464859200,16,7,1656640
p2205,20220218,20220218,112807500,11:28:11,10354,674614,553543,69468483100,35,-13,3623900
p2205,20220218,20220218,112810000,11:28:11,10352,674643,553534,69471485360,29,-9,3002260
p2205,20220218,20220218,112810500,11:28:12,10354,674644,553533,69471588900,1,-1,103540
p2205,20220218,20220218,112811000,11:28:12,10354,674648,553531,69472003040,4,-2,414140
p2205,20220218,20220218,112811500,11:28:12,10352,674662,553531,69473452400,14,0,1449360
p2205,20220218,20220218,112812000,11:28:13,10352,674668,553532,69474073520,6,1,621120
p2205,20220218,20220218,112812500,11:28:13,10354,674681,553520,69475419540,13,-12,1346020
p2205,20220218,20220218,112813000,11:28:13,10352,674682,553521,69475523060,1,1,103520
p2205,20220218,20220218,112813500,11:28:14,10354,674690,553522,69476351240,8,1,828180
p2205,20220218,20220218,112814000,11:28:14,10352,674691,553522,69476454760,1,0,103520
p2205,20220218,20220218,112814500,11:28:14,10352,674696,553518,69476972440,5,-4,517680
p2205,20220218,20220218,112815000,11:28:15,10352,674732,553532,69480699160,36,14,3726720
p2205,20220218,20220218,112815500,11:28:15,10354,674743,553529,69481837880,11,-3,1138720
p2205,20220218,20220218,112816000,11:28:16,10354,674743,553529,69481837880,0,0,0
p2205,20220218,20220218,112816500,11:28:16,10354,674850,553584,69492917420,107,55,11079540
p2205,20220218,20220218,112817000,11:28:17,10354,674857,553582,69493642220,7,-2,724800
p2205,20220218,20220218,112817500,11:28:17,10354,674863,553585,69494263480,6,3,621260
p2205,20220218,20220218,112818000,11:28:18,10354,674867,553586,69494677640,4,1,414160
p2205,20220218,20220218,112818500,11:28:18,10354,674894,553594,69497473220,27,8,2795580
p2205,20220218,20220218,112819000,11:28:19,10352,674899,553595,69497990900,5,1,517680
p2205,20220218,20220218,112819500,11:28:19,10354,674902,553598,69498301520,3,3,310620
p2205,20220218,20220218,112820000,11:28:20,10354,674917,553601,69499854440,15,3,1552920
p2205,20220218,20220218,112820500,11:28:20,10354,674917,553601,69499854440,0,0,0
p2205,20220218,20220218,112821000,11:28:21,10354,674921,553603,69500268560,4,2,414120
p2205,20220218,20220218,112821500,11:28:22,10352,674924,553604,69500579160,3,1,310600
p2205,20220218,20220218,112822000,11:28:22,10352,674926,553606,69500786200,2,2,207040
p2205,20220218,20220218,112822500,11:28:22,10354,674964,553598,69504720680,38,-8,3934480
p2205,20220218,20220218,112823000,11:28:23,10354,674989,553601,69507309200,25,3,2588520
p2205,20220218,20220218,112823500,11:28:24,10352,675002,553601,69508655160,13,0,1345960
p2205,20220218,20220218,112824000,11:28:24,10352,675002,553601,69508655160,0,0,0
p2205,20220218,20220218,112824500,11:28:25,10354,675009,553596,69509379920,7,-5,724760
p2205,20220218,20220218,112825000,11:28:25,10352,675021,553603,69510622320,12,7,1242400
p2205,20220218,20220218,112825500,11:28:25,10354,675026,553598,69511140020,5,-5,517700
p2205,20220218,20220218,112826000,11:28:26,10352,675124,553543,69521285000,98,-55,10144980
p2205,20220218,20220218,112826500,11:28:27,10352,675124,553543,69521285000,0,0,0
p2205,20220218,20220218,112827000,11:28:27,10352,675124,553543,69521285000,0,0,0
p2205,20220218,20220218,112827500,11:28:27,10352,675124,553543,69521285000,0,0,0
p2205,20220218,20220218,112828000,11:28:28,10350,675128,553540,69521699060,4,-3,414060
p2205,20220218,20220218,112828500,11:28:28,10352,675133,553541,69522216660,5,1,517600
p2205,20220218,20220218,112829000,11:28:29,10352,675149,553539,69523872940,16,-2,1656280
p2205,20220218,20220218,112829500,11:28:29,10352,675172,553537,69526253860,23,-2,2380920
p2205,20220218,20220218,112830000,11:28:30,10352,675186,553539,69527703140,14,2,1449280
p2205,20220218,20220218,112830500,11:28:31,10350,675201,553542,69529255660,15,3,1552520
p2205,20220218,20220218,112831000,11:28:31,10352,675208,553538,69529980280,7,-4,724620
p2205,20220218,20220218,112831500,11:28:31,10350,675218,553537,69531015440,10,-1,1035160
p2205,20220218,20220218,112832000,11:28:33,10350,675218,553537,69531015440,0,0,0
p2205,20220218,20220218,112832500,11:28:33,10350,675463,553463,69556372940,245,-74,25357500
p2205,20220218,20220218,112833000,11:28:33,10348,675487,553477,69558856920,24,14,2483980
p2205,20220218,20220218,112833500,11:28:33,10348,675507,553482,69560926720,20,5,2069800
p2205,20220218,20220218,112834000,11:28:34,10350,675510,553485,69561237220,3,3,310500
p2205,20220218,20220218,112834500,11:28:34,10350,675515,553483,69561754660,5,-2,517440
p2205,20220218,20220218,112835000,11:28:35,10348,675524,553480,69562686020,9,-3,931360
p2205,20220218,20220218,112835500,11:28:35,10348,675551,553486,69565480280,27,6,2794260
p2205,20220218,20220218,112836000,11:28:37,10350,675575,553497,69567964260,24,11,2483980
p2205,20220218,20220218,112836500,11:28:37,10348,675755,553440,69586590560,180,-57,18626300
p2205,20220218,20220218,112837000,11:28:37,10348,675777,553449,69588867120,22,9,2276560
p2205,20220218,20220218,112837500,11:28:38,10346,675782,553450,69589384480,5,1,517360
p2205,20220218,20220218,112838000,11:28:38,10346,675799,553451,69591143360,17,1,1758880
p2205,20220218,20220218,112838500,11:28:38,10346,675808,553445,69592074540,9,-6,931180
p2205,20220218,20220218,112839000,11:28:40,10348,675824,553443,69593730160,16,-2,1655620
p2205,20220218,20220218,112839500,11:28:40,10348,675830,553442,69594350980,6,-1,620820
p2205,20220218,20220218,112840000,11:28:40,10348,675834,553444,69594764840,4,2,413860
p2205,20220218,20220218,112840500,11:28:40,10346,675874,553475,69598903780,40,31,4138940
p2205,20220218,20220218,112841000,11:28:41,10348,675885,553481,69600042000,11,6,1138220
p2205,20220218,20220218,112841500,11:28:41,10346,675967,553465,69608525720,82,-16,8483720
p2205,20220218,20220218,112842000,11:28:42,10346,675980,553470,69609870740,13,5,1345020
p2205,20220218,20220218,112842500,11:28:43,10348,675984,553469,69610284620,4,-1,413880
p2205,20220218,20220218,112843000,11:28:43,10346,675986,553467,69610491540,2,-2,206920
p2205,20220218,20220218,112843500,11:28:44,10348,675990,553470,69610905440,4,3,413900
p2205,20220218,20220218,112844000,11:28:44,10346,676031,553468,69615147340,41,-2,4241900
p2205,20220218,20220218,112844500,11:28:44,10346,676057,553467,69617837340,26,-1,2690000
p2205,20220218,20220218,112845000,11:28:45,10346,676073,553464,69619492780,16,-3,1655440
p2205,20220218,20220218,112845500,11:28:45,10346,676119,553447,69624251960,46,-17,4759180
p2205,20220218,20220218,112846000,11:28:46,10346,676132,553436,69625596940,13,-11,1344980
p2205,20220218,20220218,112846500,11:28:46,10348,676152,553429,69627666500,20,-7,2069560
p2205,20220218,20220218,112847000,11:28:47,10346,676209,553451,69633564500,57,22,5898000
p2205,20220218,20220218,112847500,11:28:48,10348,676320,553549,69645052740,111,98,11488240
p2205,20220218,20220218,112848000,11:28:48,10350,676322,553549,69645259740,2,0,207000
p2205,20220218,20220218,112848500,11:28:48,10348,676326,553549,69645673700,4,0,413960
p2205,20220218,20220218,112849000,11:28:49,10348,676338,553558,69646915460,12,9,1241760
p2205,20220218,20220218,112849500,11:28:50,10348,676345,553565,69647639820,7,7,724360
p2205,20220218,20220218,112850000,11:28:50,10348,676375,553576,69650744360,30,11,3104540
p2205,20220218,20220218,112850500,11:28:50,10348,676386,553579,69651882740,11,3,1138380
p2205,20220218,20220218,112851000,11:28:51,10350,676387,553580,69651986240,1,1,103500
p2205,20220218,20220218,112851500,11:28:52,10350,676422,553593,69655608080,35,13,3621840
p2205,20220218,20220218,112852000,11:28:53,10350,676433,553596,69656746420,11,3,1138340
p2205,20220218,20220218,112852500,11:28:54,10348,676436,553598,69657056860,3,2,310440
p2205,20220218,20220218,112853000,11:28:54,10350,676437,553598,69657160360,1,0,103500
p2205,20220218,20220218,112853500,11:28:54,10350,676460,553605,69659540860,23,7,2380500
p2205,20220218,20220218,112854000,11:28:54,10350,676461,553605,69659644360,1,0,103500
p2205,20220218,20220218,112854500,11:28:54,10348,676462,553606,69659747840,1,1,103480
p2205,20220218,20220218,112855000,11:28:55,10348,676468,553607,69660368740,6,1,620900
p2205,20220218,20220218,112855500,11:28:56,10350,676470,553608,69660575740,2,1,207000
p2205,20220218,20220218,112856000,11:28:56,10348,676479,553613,69661507060,9,5,931320
p2205,20220218,20220218,112856500,11:28:56,10348,676482,553616,69661817500,3,3,310440
p2205,20220218,20220218,112857000,11:28:57,10348,676485,553616,69662127940,3,0,310440
p2205,20220218,20220218,112857500,11:28:58,10348,676494,553621,69663059260,9,5,931320
p2205,20220218,20220218,112858000,11:28:58,10348,676514,553613,69665128840,20,-8,2069580
p2205,20220218,20220218,112858500,11:28:59,10348,676545,553616,69668336720,31,3,3207880
p2205,20220218,20220218,112859000,11:28:59,10348,676547,553615,69668543680,2,-1,206960
p2205,20220218,20220218,112859500,11:29:00,10350,676604,553653,69674442560,57,38,5898880
p2205,20220218,20220218,112900000,11:29:00,10350,676605,553653,69674546060,1,0,103500
p2205,20220218,20220218,112900500,11:29:01,10350,676622,553658,69676305460,17,5,1759400
p2205,20220218,20220218,112901000,11:29:01,10348,676652,553655,69679410400,30,-3,3104940
p2205,20220218,20220218,112901500,11:29:01,10348,676680,553677,69682308340,28,22,2897940
p2205,20220218,20220218,112902000,11:29:02,10350,676705,553680,69684895760,25,3,2587420
p2205,20220218,20220218,112902500,11:29:03,10348,676709,553683,69685309680,4,3,413920
p2205,20220218,20220218,112903000,11:29:03,10348,676709,553683,69685309680,0,0,0
p2205,20220218,20220218,112903500,11:29:04,10348,676713,553685,69685723600,4,2,413920
p2205,20220218,20220218,112904000,11:29:04,10350,676734,553681,69687896840,21,-4,2173240
p2205,20220218,20220218,112904500,11:29:04,10350,676744,553685,69688931800,10,4,1034960
p2205,20220218,20220218,112905000,11:29:05,10350,676745,553685,69689035300,1,0,103500
p2205,20220218,20220218,112905500,11:29:06,10348,676765,553677,69691104900,20,-8,2069600
p2205,20220218,20220218,112906000,11:29:06,10348,676767,553678,69691311860,2,1,206960
p2205,20220218,20220218,112906500,11:29:06,10348,676770,553680,69691622300,3,2,310440
p2205,20220218,20220218,112907000,11:29:07,10348,676777,553685,69692346680,7,5,724380
p2205,20220218,20220218,112907500,11:29:08,10348,676786,553686,69693278000,9,1,931320
p2205,20220218,20220218,112908000,11:29:08,10348,676841,553661,69698969400,55,-25,5691400
p2205,20220218,20220218,112908500,11:29:08,10348,676853,553673,69700211160,12,12,1241760
p2205,20220218,20220218,112909000,11:29:09,10348,676854,553673,69700314640,1,0,103480
p2205,20220218,20220218,112909500,11:29:09,10348,676858,553674,69700728560,4,1,413920
p2205,20220218,20220218,112910500,11:29:10,10346,676870,553674,69701970200,12,0,1241640
p2205,20220218,20220218,112911000,11:29:11,10346,676921,553692,69707246620,51,18,5276420
p2205,20220218,20220218,112911500,11:29:12,10346,676929,553693,69708074300,8,1,827680
p2205,20220218,20220218,112912000,11:29:12,10346,676948,553698,69710040040,19,5,1965740
p2205,20220218,20220218,112912500,11:29:12,10346,676953,553697,69710557320,5,-1,517280
p2205,20220218,20220218,112913000,11:29:13,10344,676958,553696,69711074600,5,-1,517280
p2205,20220218,20220218,112913500,11:29:14,10344,676966,553696,69711902160,8,0,827560
p2205,20220218,20220218,112914000,11:29:14,10346,676974,553701,69712729820,8,5,827660
p2205,20220218,20220218,112914500,11:29:15,10346,676990,553692,69714384900,16,-9,1655080
p2205,20220218,20220218,112915000,11:29:15,10344,677004,553684,69715833220,14,-8,1448320
p2205,20220218,20220218,112915500,11:29:16,10352,678031,554380,69822166280,1027,696,106333060
p2205,20220218,20220218,112916000,11:29:16,10352,678068,554382,69825996960,37,2,3830680
p2205,20220218,20220218,112916500,11:29:20,10354,678077,554382,69826928780,9,0,931820
p2205,20220218,20220218,112917000,11:29:20,10354,678090,554391,69828274800,13,9,1346020
p2205,20220218,20220218,112917500,11:29:21,10352,678112,554404,69830552760,22,13,2277960
p2205,20220218,20220218,112918000,11:29:21,10354,678116,554407,69830966920,4,3,414160
p2205,20220218,20220218,112920500,11:29:22,10354,678226,554386,69842357160,110,-21,11390240
p2205,20220218,20220218,112921000,11:29:22,10354,678231,554386,69842874860,5,0,517700
p2205,20220218,20220218,112921500,11:29:24,10352,678236,554385,69843392500,5,-1,517640
p2205,20220218,20220218,112922000,11:29:24,10354,678243,554388,69844117220,7,3,724720
p2205,20220218,20220218,112922500,11:29:24,10354,678245,554389,69844324280,2,1,207060
p2205,20220218,20220218,112923000,11:29:24,10352,678247,554390,69844531340,2,1,207060
p2205,20220218,20220218,112924000,11:29:24,10352,678264,554395,69846291340,17,5,1760000
p2205,20220218,20220218,112924500,11:29:25,10354,678320,554366,69852089620,56,-29,5798280
p2205,20220218,20220218,112925000,11:29:25,10352,678323,554364,69852400200,3,-2,310580
p2205,20220218,20220218,112925500,11:29:25,10352,678330,554359,69853124940,7,-5,724740
p2205,20220218,20220218,112926000,11:29:26,10356,678336,554360,69853746220,6,1,621280
p2205,20220218,20220218,112926500,11:29:26,10356,678358,554365,69856024380,22,5,2278160
p2205,20220218,20220218,112927000,11:29:27,10356,678392,554384,69859545400,34,19,3521020
p2205,20220218,20220218,112927500,11:29:27,10354,678402,554386,69860580920,10,2,1035520
p2205,20220218,20220218,112928000,11:29:28,10356,678412,554392,69861616500,10,6,1035580
p2205,20220218,20220218,112928500,11:29:29,10356,678422,554394,69862652040,10,2,1035540
p2205,20220218,20220218,112929000,11:29:29,10356,678424,554393,69862859140,2,-1,207100
p2205,20220218,20220218,112929500,11:29:29,10354,678429,554395,69863376900,5,2,517760
p2205,20220218,20220218,112930000,11:29:30,10354,678512,554435,69871971740,83,40,8594840
p2205,20220218,20220218,112930500,11:29:31,10360,678566,554433,69877565080,54,-2,5593340
p2205,20220218,20220218,112931000,11:29:32,10360,678629,554450,69884091260,63,17,6526180
p2205,20220218,20220218,112931500,11:29:32,10360,678727,554479,69894243940,98,29,10152680
p2205,20220218,20220218,112932000,11:29:32,10358,678783,554480,69900043880,56,1,5799940
p2205,20220218,20220218,112932500,11:29:37,10358,678787,554483,69900458200,4,3,414320
p2205,20220218,20220218,112933000,11:29:37,10360,678908,554590,69912993660,121,107,12535460
p2205,20220218,20220218,112933500,11:29:38,10358,679386,555027,69962514380,478,437,49520720
p2205,20220218,20220218,112936500,11:29:38,10360,680172,555511,70043950120,786,484,81435740
p2205,20220218,20220218,112937500,11:29:38,10364,680327,555613,70060014580,155,102,16064460
p2205,20220218,20220218,112938000,11:29:38,10364,680339,555610,70061258180,12,-3,1243600
p2205,20220218,20220218,112938500,11:29:39,10362,680369,555606,70064367800,30,-4,3109620
p2205,20220218,20220218,112939000,11:29:39,10362,680391,555610,70066647580,22,4,2279780
p2205,20220218,20220218,112939500,11:29:40,10362,680428,555636,70070482240,37,26,3834660
p2205,20220218,20220218,112940000,11:29:40,10362,680438,555637,70071518560,10,1,1036320
p2205,20220218,20220218,112940500,11:29:40,10364,680470,555641,70074834980,32,4,3316420
p2205,20220218,20220218,112941000,11:29:41,10362,680483,555630,70076182060,13,-11,1347080
p2205,20220218,20220218,112941500,11:29:42,10362,680504,555642,70078358120,21,12,2176060
p2205,20220218,20220218,112942000,11:29:43,10362,680520,555643,70080016040,16,1,1657920
p2205,20220218,20220218,112942500,11:29:44,10360,680544,555638,70082502780,24,-5,2486740
p2205,20220218,20220218,112943000,11:29:45,10362,680568,555635,70084989660,24,-3,2486880
p2205,20220218,20220218,112943500,11:29:45,10362,680582,555631,70086440420,14,-4,1450760
p2205,20220218,20220218,112944000,11:29:45,10362,680595,555626,70087787500,13,-5,1347080
p2205,20220218,20220218,112944500,11:29:45,10364,680651,555587,70093590360,56,-39,5802860
p2205,20220218,20220218,112945000,11:29:46,10364,680684,555565,70097010140,33,-22,3419780
p2205,20220218,20220218,112945500,11:29:46,10362,680702,555567,70098875460,18,2,1865320
p2205,20220218,20220218,112946000,11:29:46,10360,680717,555573,70100429680,15,6,1554220
p2205,20220218,20220218,112946500,11:29:47,10362,680927,555484,70122196240,210,-89,21766560
p2205,20220218,20220218,112947000,11:29:47,10366,680931,555485,70122610820,4,1,414580
p2205,20220218,20220218,112947500,11:29:48,10366,681049,555534,70134844180,118,49,12233360
p2205,20220218,20220218,112948000,11:29:49,10366,681110,555524,70141168300,61,-10,6324120
p2205,20220218,20220218,112948500,11:29:49,10368,681168,555524,70147181660,58,0,6013360
p2205,20220218,20220218,112949000,11:29:50,10368,681317,555528,70162629600,149,4,15447940
p2205,20220218,20220218,112949500,11:29:50,10368,681525,555510,70184193000,208,-18,21563400
p2205,20220218,20220218,112950000,11:29:51,10366,681535,555513,70185229600,10,3,1036600
p2205,20220218,20220218,112950500,11:29:52,10366,681569,555496,70188754160,34,-17,3524560
p2205,20220218,20220218,112951500,11:29:52,10364,681606,555503,70192589060,37,7,3834900
p2205,20220218,20220218,112952000,11:29:52,10366,681633,555509,70195387820,27,6,2798760
p2205,20220218,20220218,112952500,11:29:53,10364,681695,555480,70201814580,62,-29,6426760
p2205,20220218,20220218,112953000,11:29:53,10366,681762,555442,70208760220,67,-38,6945640
p2205,20220218,20220218,112953500,11:29:54,10366,681824,555417,70215186940,62,-25,6426720
p2205,20220218,20220218,112954000,11:29:54,10364,681842,555407,70217052760,18,-10,1865820
p2205,20220218,20220218,112954500,11:29:54,10366,681854,555414,70218296480,12,7,1243720
p2205,20220218,20220218,112955000,11:29:55,10364,681881,555401,70221095120,27,-13,2798640
p2205,20220218,20220218,112955500,11:29:56,10366,681885,555403,70221509700,4,2,414580
p2205,20220218,20220218,112956000,11:30:00,10366,681904,555399,70223479140,19,-4,1969440
p2205,20220218,20220218,112956500,11:30:00,10366,681915,555409,70224619380,11,10,1140240
p2205,20220218,20220218,112957000,11:30:00,10364,681925,555410,70225655840,10,1,1036460
p2205,20220218,20220218,112957500,11:30:02,10362,681984,555385,70231771340,59,-25,6115500
p2205,20220218,20220218,112959500,11:30:02,10362,682128,555367,70246695680,144,-18,14924340
p2205,20220218,20220218,113000000,11:30:03,10362,682130,555367,70246902920,2,0,207240
p2205,20220218,20220218,113001000,11:30:03,10364,682174,555370,70251461740,44,3,4558820
p2205,20220218,20220218,113001500,11:30:03,10362,682178,555371,70251876240,4,1,414500
p2205,20220218,20220218,133001500,13:30:02,10350,682326,555417,70267201860,148,46,15325620
p2205,20220218,20220218,133002000,13:30:08,10356,682645,555474,70300235500,319,57,33033640
p2205,20220218,20220218,133002500,13:30:09,10358,682698,555466,70305724140,53,-8,5488640
p2205,20220218,20220218,133008000,13:30:10,10350,683561,555423,70395055000,863,-43,89330860
p2205,20220218,20220218,133008500,13:30:10,10350,683651,555382,70404370680,90,-41,9315680
p2205,20220218,20220218,133009500,13:30:10,10352,683720,555396,70411514280,69,14,7143600
p2205,20220218,20220218,133010000,13:30:11,10352,683765,555393,70416172820,45,-3,4658540
p2205,20220218,20220218,133010500,13:30:12,10350,683814,555400,70421244400,49,7,5071580
p2205,20220218,20220218,133011000,13:30:13,10348,683877,555389,70427763640,63,-11,6519240
p2205,20220218,20220218,133011500,13:30:13,10346,683888,555387,70428901860,11,-2,1138220
p2205,20220218,20220218,133012500,13:30:13,10348,683934,555371,70433661860,46,-16,4760000
p2205,20220218,20220218,133013000,13:30:13,10348,683954,555371,70435731500,20,0,2069640
p2205,20220218,20220218,133013500,13:30:14,10350,683997,555394,70440181960,43,23,4450460
p2205,20220218,20220218,133014000,13:30:16,10350,684001,555397,70440595960,4,3,414000
p2205,20220218,20220218,133014500,13:30:17,10352,684028,555418,70443390900,27,21,2794940
p2205,20220218,20220218,133015000,13:30:18,10352,684036,555425,70444218980,8,7,828080
p2205,20220218,20220218,133016500,13:30:18,10348,684169,555462,70457983420,133,37,13764440
p2205,20220218,20220218,133017000,13:30:18,10348,684173,555461,70458397340,4,-1,413920
p2205,20220218,20220218,133017500,13:30:19,10350,684195,555469,70460674120,22,8,2276780
p2205,20220218,20220218,133018000,13:30:19,10350,684226,555464,70463882620,31,-5,3208500
p2205,20220218,20220218,133018500,13:30:20,10350,684232,555464,70464503660,6,0,621040
p2205,20220218,20220218,133019000,13:30:20,10350,684250,555460,70466366680,18,-4,1863020
p2205,20220218,20220218,133019500,13:30:21,10350,684291,555478,70470610160,41,18,4243480
p2205,20220218,20220218,133020000,13:30:21,10350,684305,555470,70472059180,14,-8,1449020
p2205,20220218,20220218,133020500,13:30:21,10350,684331,555487,70474749980,26,17,2690800
p2205,20220218,20220218,133021000,13:30:21,10350,684349,555491,70476612960,18,4,1862980
p2205,20220218,20220218,133021500,13:30:22,10352,684374,555506,70479200520,25,15,2587560
p2205,20220218,20220218,133022000,13:30:38,10348,684488,555495,70490997980,114,-11,11797460
p2205,20220218,20220218,133022500,13:30:38,10348,684752,555437,70518311540,264,-58,27313560
p2205,20220218,20220218,133023000,13:30:38,10346,684763,555439,70519449660,11,2,1138120
p2205,20220218,20220218,133038000,13:30:40,10344,685410,555314,70586398260,647,-125,66948600
p2205,20220218,20220218,133038500,13:30:42,10346,685424,555304,70587846700,14,-10,1448440
p2205,20220218,20220218,133040500,13:30:43,10342,685670,555132,70613292200,246,-172,25445500
p2205,20220218,20220218,133041000,13:30:43,10342,685687,555123,70615050120,17,-9,1757920
p2205,20220218,20220218,133042500,13:30:44,10342,685790,555075,70625700460,103,-48,10650340
p2205,20220218,20220218,133043000,13:30:44,10342,685834,555084,70630250540,44,9,4550080
p2205,20220218,20220218,133043500,13:30:45,10340,685849,555090,70631801640,15,6,1551100
p2205,20220218,20220218,133044000,13:30:46,10340,685860,555085,70632939060,11,-5,1137420
p2205,20220218,20220218,133044500,13:30:46,10342,685902,555085,70637282680,42,0,4343620
p2205,20220218,20220218,133045000,13:30:46,10342,685954,555072,70642660140,52,-13,5377460
p2205,20220218,20220218,133045500,13:30:46,10342,685989,555077,70646279840,35,5,3619700
p2205,20220218,20220218,133046000,13:30:47,10340,686016,555084,70649072120,27,7,2792280
p2205,20220218,20220218,133046500,13:30:47,10340,686074,555101,70655069440,58,17,5997320
p2205,20220218,20220218,133047000,13:30:48,10342,686113,555113,70659102760,39,12,4033320
p2205,20220218,20220218,133047500,13:30:48,10342,686167,555135,70664688020,54,22,5585260
p2205,20220218,20220218,133048000,13:30:48,10344,686171,555134,70665101720,4,-1,413700
p2205,20220218,20220218,133048500,13:30:49,10342,686178,555136,70665825740,7,2,724020
p2205,20220218,20220218,133049000,13:30:50,10344,686220,555148,70670170200,42,12,4344460
p2205,20220218,20220218,133049500,13:30:50,10342,686273,555178,70675652480,53,30,5482280
p2205,20220218,20220218,133050000,13:30:51,10344,686287,555180,70677100580,14,2,1448100
p2205,20220218,20220218,133050500,13:30:52,10344,686309,555175,70679376340,22,-5,2275760
p2205,20220218,20220218,133051000,13:30:52,10346,686316,555177,70680100560,7,2,724220
p2205,20220218,20220218,133051500,13:30:52,10346,686325,555180,70681031640,9,3,931080
p2205,20220218,20220218,133052000,13:30:53,10344,686334,555179,70681962700,9,-1,931060
p2205,20220218,20220218,133052500,13:30:54,10346,686357,555174,70684342000,23,-5,2379300
p2205,20220218,20220218,133053000,13:30:54,10346,686364,555180,70685066100,7,6,724100
p2205,20220218,20220218,133053500,13:30:54,10346,686409,555167,70689721840,45,-13,4655740
p2205,20220218,20220218,133054000,13:30:55,10346,686411,555167,70689928760,2,0,206920
p2205,20220218,20220218,133054500,13:30:55,10346,686420,555170,70690860000,9,3,931240
p2205,20220218,20220218,133055000,13:30:55,10348,686494,555207,70698517480,74,37,7657480
p2205,20220218,20220218,133055500,13:30:56,10348,686519,555220,70701104500,25,13,2587020
p2205,20220218,20220218,133056000,13:30:57,10348,686537,555228,70702967280,18,8,1862780
p2205,20220218,20220218,133056500,13:30:57,10348,686540,555228,70703277740,3,0,310460
p2205,20220218,20220218,133057000,13:30:58,10350,686687,555188,70718492180,147,-40,15214440
p2205,20220218,20220218,133057500,13:30:58,10350,686707,555192,70720562260,20,4,2070080
p2205,20220218,20220218,133058000,13:30:58,10352,686793,555225,70729464540,86,33,8902280
p2205,20220218,20220218,133058500,13:30:59,10352,686835,555240,70733812320,42,15,4347780
p2205,20220218,20220218,133059000,13:30:59,10348,686848,555236,70735157800,13,-4,1345480
p2205,20220218,20220218,133059500,13:31:00,10350,686856,555242,70735985780,8,6,827980
p2205,20220218,20220218,133100000,13:31:00,10350,686880,555237,70738469780,24,-5,2484000
p2205,20220218,20220218,133100500,13:31:00,10348,686887,555231,70739194260,7,-6,724480
p2205,20220218,20220218,133101000,13:31:01,10350,686918,555217,70742402760,31,-14,3208500
p2205,20220218,20220218,133101500,13:31:01,10352,686927,555224,70743334300,9,7,931540
p2205,20220218,20220218,133102000,13:31:02,10352,686930,555225,70743644840,3,1,310540
p2205,20220218,20220218,133102500,13:31:03,10352,686939,555229,70744576400,9,4,931560
p2205,20220218,20220218,133103000,13:31:03,10352,686941,555229,70744783440,2,0,207040
p2205,20220218,20220218,133103500,13:31:05,10354,687105,555334,70761761820,164,105,16978380
p2205,20220218,20220218,133104000,13:31:06,10352,687134,555330,70764764340,29,-4,3002520
p2205,20220218,20220218,133104500,13:31:07,10354,687168,555332,70768284640,34,2,3520300
p2205,20220218,20220218,133105500,13:31:08,10356,687194,555322,70770976780,26,-10,2692140
p2205,20220218,20220218,133106000,13:31:08,10354,687201,555326,70771701660,7,4,724880
p2205,20220218,20220218,133107000,13:31:09,10350,687576,555456,70810516540,375,130,38814880
p2205,20220218,20220218,133107500,13:31:09,10350,687619,555479,70814967020,43,23,4450480
p2205,20220218,20220218,133108500,13:31:09,10350,687697,555499,70823040020,78,20,8073000
p2205,20220218,20220218,133109000,13:31:09,10350,687698,555500,70823143520,1,1,103500
p2205,20220218,20220218,133109500,13:31:10,10350,687730,555480,70826455500,32,-20,3311980
p2205,20220218,20220218,133110000,13:31:11,10352,687773,555487,70830906800,43,7,4451300
p2205,20220218,20220218,133110500,13:31:11,10352,687778,555487,70831424420,5,0,517620
p2205,20220218,20220218,133111000,13:31:12,10352,687780,555489,70831631460,2,2,207040
p2205,20220218,20220218,133111500,13:31:12,10354,687792,555488,70832873860,12,-1,1242400
p2205,20220218,20220218,133112000,13:31:12,10354,687844,555501,70838257940,52,13,5384080
p2205,20220218,20220218,133112500,13:31:13,10354,687850,555501,70838879180,6,0,621240
p2205,20220218,20220218,133113000,13:31:13,10354,687861,555501,70840018140,11,0,1138960
p2205,20220218,20220218,133113500,13:31:14,10354,687870,555506,70840950040,9,5,931900
p2205,20220218,20220218,133114000,13:31:15,10354,687885,555513,70842503140,15,7,1553100
p2205,20220218,20220218,133114500,13:31:15,10356,687921,555507,70846231240,36,-6,3728100
p2205,20220218,20220218,133115000,13:31:15,10356,687928,555507,70846956160,7,0,724920
p2205,20220218,20220218,133115500,13:31:16,10354,687933,555511,70847473940,5,4,517780
p2205,20220218,20220218,133116000,13:31:16,10356,688046,555587,70859176200,113,76,11702260
p2205,20220218,20220218,133116500,13:31:17,10354,688106,555619,70865389980,60,32,6213780
p2205,20220218,20220218,133117000,13:31:17,10356,688139,555635,70868807440,33,16,3417460
p2205,20220218,20220218,133117500,13:31:18,10356,688151,555636,70870050160,12,1,1242720
p2205,20220218,20220218,133118000,13:31:19,10356,688158,555638,70870775080,7,2,724920
p2205,20220218,20220218,133118500,13:31:19,10360,688264,555656,70881754640,106,18,10979560
p2205,20220218,20220218,133119000,13:31:20,10358,688320,555632,70887555160,56,-24,5800520
p2205,20220218,20220218,133119500,13:31:20,10360,688326,555635,70888176740,6,3,621580
p2205,20220218,20220218,133120000,13:31:20,10360,688334,555637,70889005480,8,2,828740
p2205,20220218,20220218,133120500,13:31:21,10360,688338,555638,70889419840,4,1,414360
p2205,20220218,20220218,133121000,13:31:21,10360,688344,555638,70890041420,6,0,621580
p2205,20220218,20220218,133121500,13:31:22,10360,688430,555704,70898950940,86,66,8909520
p2205,20220218,20220218,133122000,13:31:23,10360,688436,555702,70899572600,6,-2,621660
p2205,20220218,20220218,133122500,13:31:23,10360,688463,555709,70902370160,27,7,2797560
p2205,20220218,20220218,133123000,13:31:25,10362,688473,555714,70903406300,10,5,1036140
p2205,20220218,20220218,133123500,13:31:25,10362,688506,555730,70906825840,33,16,3419540
p2205,20220218,20220218,133124500,13:31:25,10362,688597,555771,70916255240,91,41,9429400
p2205,20220218,20220218,133157500,13:31:57,10362,688613,555774,70917913340,16,3,1658100
p2205,20220218,20220218,133158500,13:31:58,10364,688715,555786,70928484720,102,12,10571380
p2205,20220218,20220218,133159000,13:31:59,10366,688736,555795,70930661480,21,9,2176760
p2205,20220218,20220218,133159500,13:32:00,10366,688833,555798,70940716680,97,3,10055200
p2205,20220218,20220218,133200500,13:32:01,10370,693429,556037,71417369780,4596,239,476653100
p2205,20220218,20220218,133201000,13:32:01,10372,693499,556055,71424629980,70,18,7260200
p2205,20220218,20220218,133201500,13:32:01,10372,693539,556078,71428779380,40,23,4149400
p2205,20220218,20220218,133202000,13:32:03,10374,693560,556080,71430957620,21,2,2178240
p2205,20220218,20220218,133202500,13:32:03,10376,693628,556128,71438012000,68,48,7054380
p2205,20220218,20220218,133203000,13:32:04,10374,693660,556141,71441331740,32,13,3319740
p2205,20220218,20220218,133203500,13:32:05,10376,693683,556146,71443717920,23,5,2386180
p2205,20220218,20220218,133204000,13:32:05,10376,693706,556147,71446104280,23,1,2386360
p2205,20220218,20220218,133205000,13:32:06,10374,693811,556148,71456998700,105,1,10894420
p2205,20220218,20220218,133205500,13:32:06,10374,693826,556151,71458554980,15,3,1556280
p2205,20220218,20220218,133206000,13:32:06,10376,693850,556149,71461045040,24,-2,2490060
p2205,20220218,20220218,133206500,13:32:07,10374,693921,556156,71468410560,71,7,7365520
p2205,20220218,20220218,133207000,13:32:07,10374,693952,556151,71471626500,31,-5,3215940
p2205,20220218,20220218,133207500,13:32:07,10374,694019,556178,71478577080,67,27,6950580
p2205,20220218,20220218,133208000,13:32:09,10374,694056,556170,71482415580,37,-8,3838500
p2205,20220218,20220218,133208500,13:32:10,10372,694079,556180,71484801540,23,10,2385960
p2205,20220218,20220218,133209000,13:32:10,10374,694085,556179,71485423980,6,-1,622440
p2205,20220218,20220218,133209500,13:32:10,10374,694330,556119,71510837420,245,-60,25413440
p2205,20220218,20220218,133210000,13:32:10,10374,694370,556096,71514987040,40,-23,4149620
p2205,20220218,20220218,133210500,13:32:13,10372,694425,556087,71520691840,55,-9,5704800
p2205,20220218,20220218,133211000,13:32:14,10372,694437,556085,71521936460,12,-2,1244620
p2205,20220218,20220218,133213000,13:32:15,10368,694638,556068,71542779440,201,-17,20842980
p2205,20220218,20220218,133214000,13:32:15,10370,694724,556092,71551696680,86,24,8917240
p2205,20220218,20220218,133214500,13:32:16,10372,694745,556111,71553874440,21,19,2177760
p2205,20220218,20220218,133215000,13:32:16,10372,694853,556145,71565076160,108,34,11201720
p2205,20220218,20220218,133215500,13:32:16,10372,694872,556156,71567046880,19,11,1970720
p2205,20220218,20220218,133216000,13:32:17,10372,694875,556158,71567358040,3,2,311160
p2205,20220218,20220218,133216500,13:32:17,10374,694883,556159,71568187900,8,1,829860
p2205,20220218,20220218,133217000,13:32:17,10374,695034,556134,71583852560,151,-25,15664660
p2205,20220218,20220218,133217500,13:32:18,10376,695275,556167,71608858880,241,33,25006320
p2205,20220218,20220218,133218000,13:32:18,10376,695302,556169,71611660620,27,2,2801740
p2205,20220218,20220218,133218500,13:32:19,10376,695316,556178,71613113420,14,9,1452800
p2205,20220218,20220218,133219000,13:32:20,10376,695390,556155,71620791660,74,-23,7678240
p2205,20220218,20220218,133219500,13:32:20,10376,695433,556176,71625253420,43,21,4461760
p2205,20220218,20220218,133220000,13:32:21,10376,695443,556182,71626291100,10,6,1037680
p2205,20220218,20220218,133220500,13:32:21,10374,695483,556209,71630441500,40,27,4150400
p2205,20220218,20220218,133221000,13:32:21,10374,695496,556211,71631790240,13,2,1348740
p2205,20220218,20220218,133221500,13:32:22,10376,695533,556233,71635629400,37,22,3839160
p2205,20220218,20220218,133222000,13:32:23,10376,695554,556251,71637808380,21,18,2178980
p2205,20220218,20220218,133222500,13:32:23,10374,695607,556243,71643307600,53,-8,5499220
p2205,20220218,20220218,133223000,13:32:24,10376,695622,556244,71644863960,15,1,1556360
p2205,20220218,20220218,133223500,13:32:24,10376,695634,556256,71646109120,12,12,1245160
p2205,20220218,20220218,133224000,13:32:24,10374,695664,556268,71649222020,30,12,3112900
p2205,20220218,20220218,133224500,13:32:25,10376,695687,556263,71651608300,23,-5,2386280
p2205,20220218,20220218,133225000,13:32:25,10376,695701,556261,71653060940,14,-2,1452640
p2205,20220218,20220218,133225500,13:32:26,10376,695740,556268,71657107320,39,7,4046380
p2205,20220218,20220218,133226000,13:32:27,10376,695744,556268,71657522340,4,0,415020
p2205,20220218,20220218,133226500,13:32:27,10376,695770,556249,71660220060,26,-19,2697720
p2205,20220218,20220218,133227000,13:32:27,10374,695777,556250,71660946360,7,1,726300
p2205,20220218,20220218,133227500,13:32:28,10374,695780,556250,71661257620,3,0,311260
p2205,20220218,20220218,133228000,13:32:32,10374,695785,556250,71661776360,5,0,518740
p2205,20220218,20220218,133228500,13:32:32,10376,695791,556249,71662398900,6,-1,622540
p2205,20220218,20220218,133229000,13:32:33,10376,695810,556234,71664370340,19,-15,1971440
p2205,20220218,20220218,133232000,13:32:35,10372,696256,556079,71710637080,446,-155,46266740
p2205,20220218,20220218,133232500,13:32:35,10374,696284,556086,71713541740,28,7,2904660
p2205,20220218,20220218,133234500,13:32:35,10372,696369,556103,71722358420,85,17,8816680
p2205,20220218,20220218,133235000,13:32:36,10372,696372,556105,71722669580,3,2,311160
p2205,20220218,20220218,133235500,13:32:36,10372,696390,556107,71724536360,18,2,1866780
p2205,20220218,20220218,133236000,13:32:36,10370,696396,556107,71725158660,6,0,622300
p2205,20220218,20220218,133236500,13:32:37,10372,696409,556112,71726506960,13,5,1348300
p2205,20220218,20220218,133237000,13:32:37,10370,696429,556119,71728581320,20,7,2074360
p2205,20220218,20220218,133237500,13:32:38,10370,696464,556117,71732211000,35,-2,3629680
p2205,20220218,20220218,133238000,13:32:38,10370,696485,556122,71734388880,21,5,2177880
p2205,20220218,20220218,133238500,13:32:39,10372,696564,556122,71742581520,79,0,8192640
p2205,20220218,20220218,133239000,13:32:39,10372,696569,556123,71743100080,5,1,518560
p2205,20220218,20220218,133239500,13:32:40,10370,696576,556124,71743826000,7,1,725920
p2205,20220218,20220218,133240000,13:32:40,10370,696602,556133,71746522280,26,9,2696280
p2205,20220218,20220218,133240500,13:32:40,10372,696606,556134,71746937140,4,1,414860
p2205,20220218,20220218,133241000,13:32:41,10370,696617,556141,71748077900,11,7,1140760
p2205,20220218,20220218,133241500,13:32:42,10372,696625,556146,71748907620,8,5,829720
p2205,20220218,20220218,133242000,13:32:42,10372,696644,556159,71750878180,19,13,1970560
p2205,20220218,20220218,133242500,13:32:42,10372,696662,556162,71752745140,18,3,1866960
p2205,20220218,20220218,133243000,13:32:43,10372,696663,556162,71752848860,1,0,103720
p2205,20220218,20220218,133243500,13:32:43,10372,696670,556165,71753574940,7,3,726080
p2205,20220218,20220218,133244000,13:32:44,10372,696674,556164,71753989840,4,-1,414900
p2205,20220218,20220218,133244500,13:32:45,10372,696685,556168,71755130860,11,4,1141020
p2205,20220218,20220218,133245000,13:32:45,10372,696687,556166,71755338300,2,-2,207440
p2205,20220218,20220218,133245500,13:32:45,10372,696760,556206,71762910600,73,40,7572300
p2205,20220218,20220218,133246000,13:32:47,10372,696794,556229,71766437040,34,23,3526440
p2205,20220218,20220218,133246500,13:32:47,10370,696899,556239,71777325780,105,10,10888740
p2205,20220218,20220218,133247000,13:32:47,10370,696913,556241,71778777580,14,2,1451800
p2205,20220218,20220218,133247500,13:32:48,10370,696916,556242,71779088680,3,1,311100
p2205,20220218,20220218,133248000,13:32:48,10368,696919,556243,71779399740,3,1,311060
p2205,20220218,20220218,133248500,13:32:49,10368,696979,556232,71785620640,60,-11,6220900
p2205,20220218,20220218,133249000,13:32:49,10368,696988,556234,71786553900,9,2,933260
p2205,20220218,20220218,133249500,13:32:50,10368,697015,556227,71789353260,27,-7,2799360
p2205,20220218,20220218,133250000,13:32:50,10368,697025,556233,71790389960,10,6,1036700
p2205,20220218,20220218,133250500,13:32:52,10368,697038,556230,71791737580,13,-3,1347620
p2205,20220218,20220218,133251000,13:32:52,10366,697048,556235,71792774280,10,5,1036700
p2205,20220218,20220218,133251500,13:32:53,10368,697064,556244,71794433140,16,9,1658860
p2205,20220218,20220218,133252500,13:32:53,10368,697129,556257,71801172720,65,13,6739580
p2205,20220218,20220218,133253000,13:32:53,10368,697135,556260,71801794800,6,3,622080
p2205,20220218,20220218,133253500,13:32:54,10370,697138,556260,71802105860,3,0,311060
p2205,20220218,20220218,133254000,13:32:54,10370,697139,556259,71802209560,1,-1,103700
p2205,20220218,20220218,133254500,13:32:55,10370,697144,556263,71802728020,5,4,518460
p2205,20220218,20220218,133255000,13:32:55,10368,697148,556262,71803142740,4,-1,414720
p2205,20220218,20220218,133255500,13:32:55,10368,697176,556281,71806046320,28,19,2903580
p2205,20220218,20220218,133256000,13:32:56,10370,697204,556298,71808949920,28,17,2903600
p2205,20220218,20220218,133256500,13:32:57,10370,697212,556302,71809779540,8,4,829620
p2205,20220218,20220218,133257000,13:32:59,10370,697225,556305,71811127640,13,3,1348100
p2205,20220218,20220218,133257500,13:33:00,10368,697254,556318,71814134900,29,13,3007260
p2205,20220218,20220218,133258000,13:33:00,10370,697296,556340,71818490480,42,22,4355580
p2205,20220218,20220218,133258500,13:33:00,10372,697300,556344,71818905320,4,4,414840
p2205,20220218,20220218,133259500,13:33:01,10368,697344,556368,71823467940,44,24,4562620
p2205,20220218,20220218,133300000,13:33:01,10370,697347,556370,71823779040,3,2,311100
p2205,20220218,20220218,133300500,13:33:01,10370,697355,556376,71824608560,8,6,829520
p2205,20220218,20220218,133301000,13:33:02,10368,697359,556379,71825023280,4,3,414720
p2205,20220218,20220218,133301500,13:33:02,10370,697366,556385,71825749160,7,6,725880
p2205,20220218,20220218,133302000,13:33:03,10370,697420,556370,71831348960,54,-15,5599800
p2205,20220218,20220218,133302500,13:33:03,10372,697430,556372,71832386000,10,2,1037040
p2205,20220218,20220218,133303000,13:33:03,10370,697478,556387,71837364520,48,15,4978520
p2205,20220218,20220218,133303500,13:33:04,10370,697483,556386,71837883020,5,-1,518500
p2205,20220218,20220218,133304000,13:33:04,10370,697489,556388,71838505260,6,2,622240
p2205,20220218,20220218,133304500,13:33:05,10372,697493,556391,71838920140,4,3,414880
p2205,20220218,20220218,133305000,13:33:05,10372,697573,556430,71847217600,80,39,8297460
p2205,20220218,20220218,133305500,13:33:05,10372,697582,556428,71848151100,9,-2,933500
p2205,20220218,20220218,133306000,13:33:06,10372,697593,556432,71849292040,11,4,1140940
p2205,20220218,20220218,133306500,13:33:06,10374,697594,556433,71849395780,1,1,103740
p2205,20220218,20220218,133307000,13:33:07,10372,697597,556436,71849706940,3,3,311160
p2205,20220218,20220218,133307500,13:33:08,10372,697602,556438,71850225580,5,2,518640
p2205,20220218,20220218,133308000,13:33:08,10374,697658,556436,71856034600,56,-2,5809020
p2205,20220218,20220218,133308500,13:33:09,10374,697665,556441,71856760680,7,5,726080
p2205,20220218,20220218,133309000,13:33:09,10374,697695,556468,71859872860,30,27,3112180
p2205,20220218,20220218,133309500,13:33:11,10376,697849,556493,71875851440,154,25,15978580
p2205,20220218,20220218,133310000,13:33:11,10376,697873,556501,71878341780,24,8,2490340
p2205,20220218,20220218,133310500,13:33:12,10378,697884,556508,71879483180,11,7,1141400
p2205,20220218,20220218,133311000,13:33:13,10376,697890,556511,71880105800,6,3,622620
p2205,20220218,20220218,133311500,13:33:14,10376,697892,556513,71880313320,2,2,207520
p2205,20220218,20220218,133312000,13:33:14,10376,697906,556514,71881765980,14,1,1452660
p2205,20220218,20220218,133313500,13:33:15,10378,698045,556630,71896191220,139,116,14425240
p2205,20220218,20220218,133314000,13:33:17,10378,698060,556639,71897747860,15,9,1556640
p2205,20220218,20220218,133314500,13:33:17,10378,698096,556656,71901483900,36,17,3736040
p2205,20220218,20220218,133315000,13:33:18,10378,698144,556652,71906465320,48,-4,4981420
p2205,20220218,20220218,133315500,13:33:18,10376,698185,556676,71910720260,41,24,4254940
p2205,20220218,20220218,133317000,13:33:18,10378,698215,556692,71913833700,30,16,3113440
p2205,20220218,20220218,133317500,13:33:19,10378,698222,556699,71914560240,7,7,726540
p2205,20220218,20220218,133318000,13:33:19,10380,698238,556705,71916220780,16,6,1660540
p2205,20220218,20220218,133318500,13:33:19,10380,698772,556672,71971649420,534,-33,55428640
p2205,20220218,20220218,133319000,13:33:20,10380,698791,556678,71973621700,19,6,1972280
p2205,20220218,20220218,133319500,13:33:20,10380,698817,556693,71976320720,26,15,2699020
p2205,20220218,20220218,133320000,13:33:21,10382,698869,556699,71981719380,52,6,5398660
p2205,20220218,20220218,133320500,13:33:22,10382,698946,556692,71989714280,77,-7,7994900
p2205,20220218,20220218,133321000,13:33:22,10384,698955,556699,71990648740,9,7,934460
p2205,20220218,20220218,133321500,13:33:22,10386,699011,556732,71996463720,56,33,5814980
p2205,20220218,20220218,133322000,13:33:22,10386,699103,556770,72006018040,92,38,9554320
p2205,20220218,20220218,133322500,13:33:22,10386,699120,556774,72007783420,17,4,1765380
p2205,20220218,20220218,133323000,13:33:23,10386,699166,556771,72012560560,46,-3,4777140
p2205,20220218,20220218,133323500,13:33:24,10386,699329,556777,72029489060,163,6,16928500
p2205,20220218,20220218,133324000,13:33:24,10384,699370,556774,72033746940,41,-3,4257880
p2205,20220218,20220218,133324500,13:33:25,10386,699452,556736,72042263340,82,-38,8516400
p2205,20220218,20220218,133325000,13:33:26,10386,699499,556745,72047145240,47,9,4881900
p2205,20220218,20220218,133325500,13:33:26,10388,699526,556746,72049949680,27,1,2804440
p2205,20220218,20220218,133326000,13:33:28,10388,699710,556746,72069062680,184,0,19113000
p2205,20220218,20220218,133326500,13:33:29,10388,699818,556817,72080281440,108,71,11218760
p2205,20220218,20220218,133327000,13:33:29,10388,699914,556876,72090254900,96,59,9973460
p2205,20220218,20220218,133327500,13:33:30,10388,700006,556852,72099811200,92,-24,9556300
p2205,20220218,20220218,133328500,13:33:30,10388,700122,556815,72111861200,116,-37,12050000
p2205,20220218,20220218,133329000,13:33:30,10388,700243,556890,72124430320,121,75,12569120
p2205,20220218,20220218,133329500,13:33:30,10388,700279,556894,72128169980,36,4,3739660
p2205,20220218,20220218,133330000,13:33:30,10386,700315,556924,72131909520,36,30,3739540
p2205,20220218,20220218,133330500,13:33:31,10388,700340,556932,72134506300,25,8,2596780
p2205,20220218,20220218,133331000,13:33:32,10386,700380,556954,72138661440,40,22,4155140
p2205,20220218,20220218,133331500,13:33:32,10390,700445,556962,72145413720,65,8,6752280
p2205,20220218,20220218,133332000,13:33:32,10388,700553,556913,72156632420,108,-49,11218700
p2205,20220218,20220218,133332500,13:33:33,10388,700633,556928,72164943060,80,15,8310640
p2205,20220218,20220218,133333000,13:33:33,10388,700705,556897,72172423140,72,-31,7480080
p2205,20220218,20220218,133333500,13:33:33,10388,700734,556894,72175435660,29,-3,3012520
p2205,20220218,20220218,133334000,13:33:34,10386,700769,556920,72179071200,35,26,3635540
p2205,20220218,20220218,133334500,13:33:34,10386,700817,556953,72184057240,48,33,4986040
p2205,20220218,20220218,133335000,13:33:35,10386,700850,556965,72187485180,33,12,3427940
p2205,20220218,20220218,133335500,13:33:35,10386,700873,556970,72189874040,23,5,2388860
p2205,20220218,20220218,133336000,13:33:36,10386,700879,556972,72190497280,6,2,623240
p2205,20220218,20220218,133336500,13:33:36,10388,700996,556920,72202650640,117,-52,12153360
p2205,20220218,20220218,133337000,13:33:37,10388,701059,556894,72209195100,63,-26,6544460
p2205,20220218,20220218,133337500,13:33:37,10390,701079,556891,72211272880,20,-3,2077780
p2205,20220218,20220218,133338000,13:33:38,10388,701102,556875,72213662340,23,-16,2389460
p2205,20220218,20220218,133338500,13:33:39,10388,701197,556887,72223532540,95,12,9870200
p2205,20220218,20220218,133339000,13:33:39,10390,701305,556940,72234752820,108,53,11220280
p2205,20220218,20220218,133339500,13:33:40,10388,701327,556948,72237038340,22,8,2285520
p2205,20220218,20220218,133340000,13:33:40,10388,701404,556992,72245038560,77,44,8000220
p2205,20220218,20220218,133340500,13:33:41,10390,701461,557040,72250961120,57,48,5922560
p2205,20220218,20220218,133341000,13:33:41,10388,701502,557041,72255220860,41,1,4259740
p2205,20220218,20220218,133341500,13:33:42,10388,701514,557051,72256467600,12,10,1246740
p2205,20220218,20220218,133342000,13:33:42,10390,701589,557084,72264259840,75,33,7792240
p2205,20220218,20220218,133342500,13:33:42,10376,702792,556682,72389115140,1203,-402,124855300
p2205,20220218,20220218,133343000,13:33:43,10378,702910,556645,72401359720,118,-37,12244580
p2205,20220218,20220218,133343500,13:33:44,10378,703006,556663,72411322440,96,18,9962720
p2205,20220218,20220218,133344000,13:33:45,10376,703038,556668,72414643200,32,5,3320760
p2205,20220218,20220218,133344500,13:33:45,10376,703088,556689,72419831220,50,21,5188020
p2205,20220218,20220218,133345000,13:33:45,10376,703149,556689,72426160540,61,0,6329320
p2205,20220218,20220218,133345500,13:33:46,10378,703204,556688,72431867500,55,-1,5706960
p2205,20220218,20220218,133346000,13:33:47,10378,703221,556686,72433631540,17,-2,1764040
p2205,20220218,20220218,133346500,13:33:48,10380,703274,556713,72439131780,53,27,5500240
p2205,20220218,20220218,133347000,13:33:48,10380,703283,556713,72440065900,9,0,934120
p2205,20220218,20220218,133347500,13:33:49,10380,703293,556717,72441103780,10,4,1037880
p2205,20220218,20220218,133348000,13:33:49,10378,703337,556716,72445670760,44,-1,4566980
p2205,20220218,20220218,133348500,13:33:49,10380,703349,556715,72446916360,12,-1,1245600
p2205,20220218,20220218,133349000,13:33:50,10380,703358,556722,72447850560,9,7,934200
p2205,20220218,20220218,133349500,13:33:50,10382,703398,556731,72452003340,40,9,4152780
p2205,20220218,20220218,133350000,13:33:50,10384,703424,556730,72454702800,26,-1,2699460
p2205,20220218,20220218,133350500,13:33:50,10382,703431,556731,72455429580,7,1,726780
p2205,20220218,20220218,133351000,13:33:51,10384,703435,556732,72455844900,4,1,415320
p2205,20220218,20220218,133351500,13:33:52,10384,703451,556744,72457506100,16,12,1661200
p2205,20220218,20220218,133352000,13:33:52,10384,703458,556749,72458232920,7,5,726820
