pg2204,20220218,20220218,112003000,11:20:09,5670,52977,51099,6011520080,52977,3597,6011520080
pg2204,20220218,20220218,112004500,11:20:10,5670,52977,51099,6011520080,0,0,0
pg2204,20220218,20220218,112007000,11:20:10,5670,52977,51099,6011520080,0,0,0
pg2204,20220218,20220218,112008000,11:20:10,5670,52977,51099,6011520080,0,0,0
pg2204,20220218,20220218,112008500,11:20:10,5672,52988,51109,6012767720,11,10,1247640
pg2204,20220218,20220218,112009000,11:20:10,5672,52988,51109,6012767720,0,0,0
pg2204,20220218,20220218,112010000,11:20:10,5672,52988,51109,6012767720,0,0,0
pg2204,20220218,20220218,112010500,11:20:10,5672,52988,51109,6012767720,0,0,0
pg2204,20220218,20220218,112011000,11:20:11,5672,52989,51110,6012881160,1,1,113440
pg2204,20220218,20220218,112011500,11:20:12,5672,52990,51111,6012994600,1,1,113440
pg2204,20220218,20220218,112012000,11:20:12,5673,52991,51111,6013108060,1,0,113460
pg2204,20220218,20220218,112012500,11:20:12,5673,52991,51111,6013108060,0,0,0
pg2204,20220218,20220218,112013000,11:20:13,5673,52991,51111,6013108060,0,0,0
pg2204,20220218,20220218,112014000,11:20:14,5672,52992,51112,6013221500,1,1,113440
pg2204,20220218,20220218,112015000,11:20:15,5672,52992,51112,6013221500,0,0,0
pg2204,20220218,20220218,112015500,11:20:16,5672,52993,51113,6013334940,1,1,113440
pg2204,20220218,20220218,112016000,11:20:16,5672,52993,51113,6013334940,0,0,0
pg2204,20220218,20220218,112016500,11:20:16,5672,52993,51113,6013334940,0,0,0
pg2204,20220218,20220218,112017000,11:20:17,5672,52993,51113,6013334940,0,0,0
pg2204,20220218,20220218,112018500,11:20:18,5672,52993,51113,6013334940,0,0,0
pg2204,20220218,20220218,112019000,11:20:19,5672,52994,51113,6013448380,1,0,113440
pg2204,20220218,20220218,112019500,11:20:20,5672,52995,51114,6013561820,1,1,113440
pg2204,20220218,20220218,112020500,11:20:21,5672,53007,51122,6014923100,12,8,1361280
pg2204,20220218,20220218,112021000,11:20:21,5672,53011,51125,6015376860,4,3,453760
pg2204,20220218,20220218,112021500,11:20:21,5672,53011,51125,6015376860,0,0,0
pg2204,20220218,20220218,112022000,11:20:22,5672,53013,51124,6015603740,2,-1,226880
pg2204,20220218,20220218,112022500,11:20:23,5672,53013,51124,6015603740,0,0,0
pg2204,20220218,20220218,112023500,11:20:23,5672,53013,51124,6015603740,0,0,0
pg2204,20220218,20220218,112026000,11:20:26,5672,53014,51125,6015717180,1,1,113440
pg2204,20220218,20220218,112028500,11:20:28,5672,53014,51125,6015717180,0,0,0
pg2204,20220218,20220218,112029000,11:20:29,5672,53014,51125,6015717180,0,0,0
pg2204,20220218,20220218,112030000,11:20:31,5672,53019,51130,6016284380,5,5,567200
pg2204,20220218,20220218,112030500,11:20:31,5671,53024,51132,6016851480,5,2,567100
pg2204,20220218,20220218,112031000,11:20:32,5671,53024,51132,6016851480,0,0,0
pg2204,20220218,20220218,112031500,11:20:32,5671,53024,51132,6016851480,0,0,0
pg2204,20220218,20220218,112035500,11:20:35,5671,53024,51132,6016851480,0,0,0
pg2204,20220218,20220218,112036500,11:20:37,5671,53026,51130,6017078320,2,-2,226840
pg2204,20220218,20220218,112037000,11:20:37,5671,53029,51129,6017418580,3,-1,340260
pg2204,20220218,20220218,112037500,11:20:38,5671,53029,51129,6017418580,0,0,0
pg2204,20220218,20220218,112038000,11:20:38,5671,53029,51129,6017418580,0,0,0
pg2204,20220218,20220218,112038500,11:20:38,5671,53029,51129,6017418580,0,0,0
pg2204,20220218,20220218,112039000,11:20:39,5672,53036,51131,6018212660,7,2,794080
pg2204,20220218,20220218,112039500,11:20:40,5672,53036,51131,6018212660,0,0,0
pg2204,20220218,20220218,112041000,11:20:41,5673,53041,51136,6018779960,5,5,567300
pg2204,20220218,20220218,112041500,11:20:41,5672,53043,51135,6019006860,2,-1,226900
pg2204,20220218,20220218,112042000,11:20:42,5673,53044,51136,6019120320,1,1,113460
pg2204,20220218,20220218,112042500,11:20:42,5673,53044,51136,6019120320,0,0,0
pg2204,20220218,20220218,112045000,11:20:45,5673,53044,51136,6019120320,0,0,0
pg2204,20220218,20220218,112045500,11:20:46,5673,53045,51136,6019233780,1,0,113460
pg2204,20220218,20220218,112046000,11:20:46,5673,53045,51136,6019233780,0,0,0
pg2204,20220218,20220218,112046500,11:20:46,5674,53048,51138,6019574200,3,2,340420
pg2204,20220218,20220218,112047000,11:20:48,5674,53048,51138,6019574200,0,0,0
pg2204,20220218,20220218,112047500,11:20:48,5674,53048,51138,6019574200,0,0,0
pg2204,20220218,20220218,112048000,11:20:48,5674,53048,51138,6019574200,0,0,0
pg2204,20220218,20220218,112048500,11:20:50,5673,53049,51139,6019687660,1,1,113460
pg2204,20220218,20220218,112049000,11:20:50,5673,53049,51139,6019687660,0,0,0
pg2204,20220218,20220218,112049500,11:20:50,5673,53049,51139,6019687660,0,0,0
pg2204,20220218,20220218,112051000,11:20:51,5673,53049,51139,6019687660,0,0,0
pg2204,20220218,20220218,112051500,11:20:52,5673,53049,51139,6019687660,0,0,0
pg2204,20220218,20220218,112052000,11:20:53,5674,53071,51135,6022184200,22,-4,2496540
pg2204,20220218,20220218,112052500,11:20:53,5674,53071,51135,6022184200,0,0,0
pg2204,20220218,20220218,112053000,11:20:53,5674,53071,51135,6022184200,0,0,0
pg2204,20220218,20220218,112053500,11:20:53,5673,53072,51134,6022297660,1,-1,113460
pg2204,20220218,20220218,112054000,11:20:54,5674,53073,51133,6022411140,1,-1,113480
pg2204,20220218,20220218,112054500,11:20:55,5674,53073,51133,6022411140,0,0,0
pg2204,20220218,20220218,112055000,11:20:55,5674,53073,51133,6022411140,0,0,0
pg2204,20220218,20220218,112056000,11:20:56,5674,53073,51133,6022411140,0,0,0
pg2204,20220218,20220218,112057000,11:20:58,5674,53073,51133,6022411140,0,0,0
pg2204,20220218,20220218,112057500,11:20:58,5675,53074,51133,6022524640,1,0,113500
pg2204,20220218,20220218,112058000,11:20:59,5675,53081,51136,6023319140,7,3,794500
pg2204,20220218,20220218,112058500,11:20:59,5676,53092,51134,6024567860,11,-2,1248720
pg2204,20220218,20220218,112059000,11:21:00,5677,53108,51142,6026384640,16,8,1816780
pg2204,20220218,20220218,112059500,11:21:00,5679,53116,51137,6027293140,8,-5,908500
pg2204,20220218,20220218,112100000,11:21:00,5678,53119,51138,6027633860,3,1,340720
pg2204,20220218,20220218,112100500,11:21:01,5678,53119,51138,6027633860,0,0,0
pg2204,20220218,20220218,112101000,11:21:01,5677,53131,51146,6028996380,12,8,1362520
pg2204,20220218,20220218,112101500,11:21:02,5675,53136,51147,6029563920,5,1,567540
pg2204,20220218,20220218,112102000,11:21:03,5675,53141,51146,6030131420,5,-1,567500
pg2204,20220218,20220218,112102500,11:21:03,5674,53143,51147,6030358420,2,1,227000
pg2204,20220218,20220218,112103000,11:21:03,5674,53145,51148,6030585420,2,1,227000
pg2204,20220218,20220218,112103500,11:21:04,5674,53145,51148,6030585420,0,0,0
pg2204,20220218,20220218,112104000,11:21:04,5675,53147,51148,6030812420,2,0,227000
pg2204,20220218,20220218,112104500,11:21:05,5675,53147,51148,6030812420,0,0,0
pg2204,20220218,20220218,112105000,11:21:05,5675,53148,51147,6030925920,1,-1,113500
pg2204,20220218,20220218,112105500,11:21:07,5675,53148,51147,6030925920,0,0,0
pg2204,20220218,20220218,112106000,11:21:07,5675,53148,51147,6030925920,0,0,0
pg2204,20220218,20220218,112106500,11:21:09,5675,53148,51147,6030925920,0,0,0
pg2204,20220218,20220218,112107000,11:21:09,5675,53148,51147,6030925920,0,0,0
pg2204,20220218,20220218,112108500,11:21:10,5675,53150,51147,6031152920,2,0,227000
pg2204,20220218,20220218,112110000,11:21:11,5673,53155,51145,6031720300,5,-2,567380
pg2204,20220218,20220218,112110500,11:21:11,5673,53155,51145,6031720300,0,0,0
pg2204,20220218,20220218,112111000,11:21:11,5675,53160,51143,6032287800,5,-2,567500
pg2204,20220218,20220218,112111500,11:21:12,5675,53160,51143,6032287800,0,0,0
pg2204,20220218,20220218,112112000,11:21:12,5675,53160,51143,6032287800,0,0,0
pg2204,20220218,20220218,112112500,11:21:13,5675,53160,51143,6032287800,0,0,0
pg2204,20220218,20220218,112113000,11:21:13,5675,53160,51143,6032287800,0,0,0
pg2204,20220218,20220218,112113500,11:21:13,5675,53160,51143,6032287800,0,0,0
pg2204,20220218,20220218,112115000,11:21:15,5675,53160,51143,6032287800,0,0,0
pg2204,20220218,20220218,112115500,11:21:15,5675,53160,51143,6032287800,0,0,0
pg2204,20220218,20220218,112117000,11:21:17,5675,53160,51143,6032287800,0,0,0
pg2204,20220218,20220218,112117500,11:21:18,5675,53162,51142,6032514800,2,-1,227000
pg2204,20220218,20220218,112119000,11:21:19,5675,53162,51142,6032514800,0,0,0
pg2204,20220218,20220218,112120500,11:21:22,5675,53162,51142,6032514800,0,0,0
pg2204,20220218,20220218,112124500,11:21:25,5674,53163,51142,6032628280,1,0,113480
pg2204,20220218,20220218,112125000,11:22:28,5675,53164,51143,6032741780,1,1,113500
pg2204,20220218,20220218,112126000,11:23:33,5675,53165,51144,6032855280,1,1,113500
pg2204,20220218,20220218,112330500,11:23:33,5668,53274,51151,6045215860,109,7,12360580
pg2204,20220218,20220218,112333000,11:23:33,5668,53274,51151,6045215860,0,0,0
pg2204,20220218,20220218,112333500,11:23:33,5668,53274,51151,6045215860,0,0,0
pg2204,20220218,20220218,112334000,11:23:34,5668,53284,51144,6046349460,10,-7,1133600
pg2204,20220218,20220218,112334500,11:23:34,5669,53285,51144,6046462840,1,0,113380
pg2204,20220218,20220218,112335000,11:23:35,5669,53285,51144,6046462840,0,0,0
pg2204,20220218,20220218,112336500,11:23:38,5669,53285,51144,6046462840,0,0,0
pg2204,20220218,20220218,112337000,11:23:38,5669,53285,51144,6046462840,0,0,0
pg2204,20220218,20220218,112337500,11:23:38,5669,53285,51144,6046462840,0,0,0
pg2204,20220218,20220218,112338000,11:23:38,5669,53285,51144,6046462840,0,0,0
pg2204,20220218,20220218,112338500,11:23:38,5669,53285,51144,6046462840,0,0,0
pg2204,20220218,20220218,112339000,11:23:39,5669,53285,51144,6046462840,0,0,0
pg2204,20220218,20220218,112339500,11:23:39,5669,53285,51144,6046462840,0,0,0
pg2204,20220218,20220218,112340000,11:23:40,5669,53285,51144,6046462840,0,0,0
pg2204,20220218,20220218,112342000,11:23:42,5670,53286,51145,6046576240,1,1,113400
pg2204,20220218,20220218,112342500,11:23:43,5670,53286,51145,6046576240,0,0,0
pg2204,20220218,20220218,112343500,11:23:43,5670,53286,51145,6046576240,0,0,0
pg2204,20220218,20220218,112344000,11:23:48,5670,53288,51147,6046803040,2,2,226800
pg2204,20220218,20220218,112344500,11:23:48,5670,53288,51147,6046803040,0,0,0
pg2204,20220218,20220218,112345000,11:23:48,5670,53288,51147,6046803040,0,0,0
pg2204,20220218,20220218,112348000,11:23:48,5670,53288,51147,6046803040,0,0,0
pg2204,20220218,20220218,112348500,11:23:49,5670,53288,51147,6046803040,0,0,0
pg2204,20220218,20220218,112350000,11:23:50,5670,53288,51147,6046803040,0,0,0
pg2204,20220218,20220218,112350500,11:23:50,5670,53290,51147,6047029840,2,0,226800
pg2204,20220218,20220218,112351000,11:23:51,5670,53290,51147,6047029840,0,0,0
pg2204,20220218,20220218,112352000,11:23:52,5670,53290,51147,6047029840,0,0,0
pg2204,20220218,20220218,112352500,11:23:52,5670,53290,51147,6047029840,0,0,0
pg2204,20220218,20220218,112354000,11:23:54,5670,53290,51147,6047029840,0,0,0
pg2204,20220218,20220218,112355000,11:23:55,5670,53290,51147,6047029840,0,0,0
pg2204,20220218,20220218,112357500,11:23:57,5671,53291,51147,6047143260,1,0,113420
pg2204,20220218,20220218,112358000,11:23:58,5671,53294,51148,6047483520,3,1,340260
pg2204,20220218,20220218,112358500,11:23:58,5671,53298,51151,6047937200,4,3,453680
pg2204,20220218,20220218,112359000,11:23:59,5671,53299,51151,6048050620,1,0,113420
pg2204,20220218,20220218,112400000,11:24:00,5672,53300,51152,6048164060,1,1,113440
pg2204,20220218,20220218,112400500,11:24:00,5672,53300,51152,6048164060,0,0,0
pg2204,20220218,20220218,112402000,11:24:02,5671,53302,51153,6048390920,2,1,226860
pg2204,20220218,20220218,112402500,11:24:02,5671,53302,51153,6048390920,0,0,0
pg2204,20220218,20220218,112403000,11:24:03,5671,53302,51153,6048390920,0,0,0
pg2204,20220218,20220218,112403500,11:24:04,5671,53302,51153,6048390920,0,0,0
pg2204,20220218,20220218,112405500,11:24:05,5671,53302,51153,6048390920,0,0,0
pg2204,20220218,20220218,112406000,11:24:06,5671,53302,51153,6048390920,0,0,0
pg2204,20220218,20220218,112406500,11:24:06,5671,53302,51153,6048390920,0,0,0
pg2204,20220218,20220218,112407000,11:24:07,5671,53302,51153,6048390920,0,0,0
pg2204,20220218,20220218,112407500,11:24:08,5671,53302,51153,6048390920,0,0,0
pg2204,20220218,20220218,112408000,11:24:08,5672,53305,51152,6048731240,3,-1,340320
pg2204,20220218,20220218,112408500,11:24:08,5672,53305,51152,6048731240,0,0,0
pg2204,20220218,20220218,112409000,11:24:11,5671,53306,51153,6048844660,1,1,113420
pg2204,20220218,20220218,112411500,11:24:12,5671,53307,51153,6048958080,1,0,113420
pg2204,20220218,20220218,112412000,11:24:12,5671,53307,51153,6048958080,0,0,0
pg2204,20220218,20220218,112412500,11:24:13,5671,53307,51153,6048958080,0,0,0
pg2204,20220218,20220218,112413000,11:24:13,5671,53307,51153,6048958080,0,0,0
pg2204,20220218,20220218,112414000,11:24:14,5671,53307,51153,6048958080,0,0,0
pg2204,20220218,20220218,112415500,11:24:15,5671,53307,51153,6048958080,0,0,0
pg2204,20220218,20220218,112416500,11:24:17,5671,53307,51153,6048958080,0,0,0
pg2204,20220218,20220218,112417000,11:24:17,5671,53307,51153,6048958080,0,0,0
pg2204,20220218,20220218,112417500,11:24:18,5671,53307,51153,6048958080,0,0,0
pg2204,20220218,20220218,112418500,11:24:19,5671,53307,51153,6048958080,0,0,0
pg2204,20220218,20220218,112419000,11:24:19,5671,53307,51153,6048958080,0,0,0
pg2204,20220218,20220218,112421500,11:24:22,5671,53307,51153,6048958080,0,0,0
pg2204,20220218,20220218,112422000,11:24:22,5671,53307,51153,6048958080,0,0,0
pg2204,20220218,20220218,112423500,11:24:23,5671,53309,51153,6049184920,2,0,226840
pg2204,20220218,20220218,112424000,11:24:24,5671,53309,51153,6049184920,0,0,0
pg2204,20220218,20220218,112424500,11:24:24,5671,53313,51151,6049638600,4,-2,453680
pg2204,20220218,20220218,112425000,11:24:25,5671,53313,51151,6049638600,0,0,0
pg2204,20220218,20220218,112430000,11:24:30,5671,53313,51151,6049638600,0,0,0
pg2204,20220218,20220218,112431500,11:24:31,5670,53314,51151,6049752000,1,0,113400
pg2204,20220218,20220218,112432000,11:24:32,5670,53314,51151,6049752000,0,0,0
pg2204,20220218,20220218,112434500,11:24:34,5670,53314,51151,6049752000,0,0,0
pg2204,20220218,20220218,112436500,11:24:36,5670,53315,51151,6049865400,1,0,113400
pg2204,20220218,20220218,112439000,11:24:40,5670,53315,51151,6049865400,0,0,0
pg2204,20220218,20220218,112441500,11:24:41,5670,53315,51151,6049865400,0,0,0
pg2204,20220218,20220218,112443000,11:24:43,5670,53316,51151,6049978800,1,0,113400
pg2204,20220218,20220218,112444000,11:24:44,5670,53319,51153,6050319000,3,2,340200
pg2204,20220218,20220218,112444500,11:24:44,5670,53319,51153,6050319000,0,0,0
pg2204,20220218,20220218,112445000,11:24:45,5670,53319,51153,6050319000,0,0,0
pg2204,20220218,20220218,112445500,11:24:45,5670,53320,51153,6050432400,1,0,113400
pg2204,20220218,20220218,112446000,11:24:46,5670,53320,51153,6050432400,0,0,0
pg2204,20220218,20220218,112447000,11:24:47,5670,53320,51153,6050432400,0,0,0
pg2204,20220218,20220218,112448000,11:24:48,5670,53320,51153,6050432400,0,0,0
pg2204,20220218,20220218,112451000,11:24:51,5670,53320,51153,6050432400,0,0,0
pg2204,20220218,20220218,112453000,11:24:53,5670,53321,51152,6050545800,1,-1,113400
pg2204,20220218,20220218,112453500,11:24:53,5670,53322,51153,6050659200,1,1,113400
pg2204,20220218,20220218,112456000,11:24:56,5670,53323,51153,6050772600,1,0,113400
pg2204,20220218,20220218,112456500,11:24:56,5670,53323,51153,6050772600,0,0,0
pg2204,20220218,20220218,112458000,11:24:58,5670,53323,51153,6050772600,0,0,0
pg2204,20220218,20220218,112459000,11:24:59,5670,53323,51153,6050772600,0,0,0
pg2204,20220218,20220218,112459500,11:24:59,5670,53324,51153,6050886000,1,0,113400
pg2204,20220218,20220218,112501500,11:25:04,5670,53324,51153,6050886000,0,0,0
pg2204,20220218,20220218,112502000,11:25:05,5670,53324,51153,6050886000,0,0,0
pg2204,20220218,20220218,112502500,11:25:06,5671,53326,51154,6051112820,2,1,226820
pg2204,20220218,20220218,112504500,11:25:06,5673,53349,51158,6053722260,23,4,2609440
pg2204,20220218,20220218,112505000,11:25:06,5673,53351,51157,6053949200,2,-1,226940
pg2204,20220218,20220218,112505500,11:25:06,5673,53351,51157,6053949200,0,0,0
pg2204,20220218,20220218,112506000,11:25:06,5673,53351,51157,6053949200,0,0,0
pg2204,20220218,20220218,112507000,11:25:07,5673,53351,51157,6053949200,0,0,0
pg2204,20220218,20220218,112507500,11:25:07,5674,53352,51156,6054062680,1,-1,113480
pg2204,20220218,20220218,112508000,11:25:08,5675,53353,51157,6054176180,1,1,113500
pg2204,20220218,20220218,112508500,11:25:08,5675,53357,51158,6054630180,4,1,454000
pg2204,20220218,20220218,112509000,11:25:09,5675,53365,51164,6055538180,8,6,908000
pg2204,20220218,20220218,112509500,11:25:09,5675,53366,51165,6055651680,1,1,113500
pg2204,20220218,20220218,112510000,11:25:10,5675,53367,51166,6055765180,1,1,113500
pg2204,20220218,20220218,112510500,11:25:10,5675,53367,51166,6055765180,0,0,0
pg2204,20220218,20220218,112511000,11:25:11,5676,53374,51172,6056559820,7,6,794640
pg2204,20220218,20220218,112511500,11:25:11,5676,53375,51173,6056673340,1,1,113520
pg2204,20220218,20220218,112512000,11:25:12,5677,53376,51174,6056786880,1,1,113540
pg2204,20220218,20220218,112512500,11:25:12,5676,53377,51175,6056900400,1,1,113520
pg2204,20220218,20220218,112513500,11:25:15,5676,53379,51177,6057127440,2,2,227040
pg2204,20220218,20220218,112514000,11:25:15,5676,53380,51178,6057240960,1,1,113520
pg2204,20220218,20220218,112514500,11:25:15,5677,53381,51178,6057354500,1,0,113540
pg2204,20220218,20220218,112515000,11:25:16,5676,53386,51183,6057922100,5,5,567600
pg2204,20220218,20220218,112515500,11:25:16,5676,53388,51184,6058149140,2,1,227040
pg2204,20220218,20220218,112516000,11:25:16,5676,53389,51184,6058262660,1,0,113520
pg2204,20220218,20220218,112516500,11:25:16,5677,53390,51185,6058376200,1,1,113540
pg2204,20220218,20220218,112517500,11:25:18,5677,53391,51185,6058489740,1,0,113540
pg2204,20220218,20220218,112518000,11:25:19,5676,53403,51196,6059851980,12,11,1362240
pg2204,20220218,20220218,112518500,11:25:19,5676,53404,51197,6059965500,1,1,113520
pg2204,20220218,20220218,112520000,11:25:20,5675,53408,51200,6060419500,4,3,454000
pg2204,20220218,20220218,112520500,11:25:21,5675,53408,51200,6060419500,0,0,0
pg2204,20220218,20220218,112521000,11:25:21,5675,53408,51200,6060419500,0,0,0
pg2204,20220218,20220218,112521500,11:25:22,5675,53408,51200,6060419500,0,0,0
pg2204,20220218,20220218,112522000,11:25:22,5675,53409,51199,6060533000,1,-1,113500
pg2204,20220218,20220218,112523000,11:25:23,5675,53411,51198,6060760000,2,-1,227000
pg2204,20220218,20220218,112523500,11:25:24,5675,53411,51198,6060760000,0,0,0
pg2204,20220218,20220218,112524000,11:25:25,5675,53411,51198,6060760000,0,0,0
pg2204,20220218,20220218,112525000,11:25:25,5675,53411,51198,6060760000,0,0,0
pg2204,20220218,20220218,112525500,11:25:26,5676,53412,51198,6060873520,1,0,113520
pg2204,20220218,20220218,112526000,11:25:26,5676,53412,51198,6060873520,0,0,0
pg2204,20220218,20220218,112526500,11:25:27,5676,53412,51198,6060873520,0,0,0
pg2204,20220218,20220218,112527000,11:25:28,5675,53413,51199,6060987020,1,1,113500
pg2204,20220218,20220218,112527500,11:25:28,5675,53413,51199,6060987020,0,0,0
pg2204,20220218,20220218,112528000,11:25:28,5675,53419,51203,6061668020,6,4,681000
pg2204,20220218,20220218,112528500,11:25:28,5675,53422,51201,6062008520,3,-2,340500
pg2204,20220218,20220218,112529000,11:25:29,5675,53422,51201,6062008520,0,0,0
pg2204,20220218,20220218,112529500,11:25:30,5675,53423,51201,6062122020,1,0,113500
pg2204,20220218,20220218,112530000,11:25:31,5674,53428,51203,6062689420,5,2,567400
pg2204,20220218,20220218,112530500,11:25:31,5674,53429,51203,6062802900,1,0,113480
pg2204,20220218,20220218,112531000,11:25:31,5675,53434,51206,6063370400,5,3,567500
pg2204,20220218,20220218,112531500,11:25:32,5675,53434,51206,6063370400,0,0,0
pg2204,20220218,20220218,112532000,11:25:32,5675,53435,51206,6063483900,1,0,113500
pg2204,20220218,20220218,112533500,11:25:33,5674,53437,51208,6063710860,2,2,226960
pg2204,20220218,20220218,112534000,11:25:34,5674,53437,51208,6063710860,0,0,0
pg2204,20220218,20220218,112534500,11:25:36,5674,53437,51208,6063710860,0,0,0
pg2204,20220218,20220218,112535000,11:25:36,5674,53437,51208,6063710860,0,0,0
pg2204,20220218,20220218,112535500,11:25:37,5674,53437,51208,6063710860,0,0,0
pg2204,20220218,20220218,112536000,11:25:37,5674,53437,51208,6063710860,0,0,0
pg2204,20220218,20220218,112537000,11:25:38,5674,53437,51208,6063710860,0,0,0
pg2204,20220218,20220218,112537500,11:25:38,5674,53437,51208,6063710860,0,0,0
pg2204,20220218,20220218,112538000,11:25:38,5674,53437,51208,6063710860,0,0,0
pg2204,20220218,20220218,112538500,11:25:39,5674,53438,51208,6063824340,1,0,113480
pg2204,20220218,20220218,112539000,11:25:39,5674,53439,51208,6063937820,1,0,113480
pg2204,20220218,20220218,112542000,11:25:42,5675,53440,51209,6064051320,1,1,113500
pg2204,20220218,20220218,112543500,11:25:43,5675,53440,51209,6064051320,0,0,0
pg2204,20220218,20220218,112544000,11:25:44,5675,53440,51209,6064051320,0,0,0
pg2204,20220218,20220218,112544500,11:25:44,5675,53440,51209,6064051320,0,0,0
pg2204,20220218,20220218,112545000,11:25:45,5673,53445,51213,6064618620,5,4,567300
pg2204,20220218,20220218,112545500,11:25:46,5673,53445,51213,6064618620,0,0,0
pg2204,20220218,20220218,112546000,11:25:47,5673,53445,51213,6064618620,0,0,0
pg2204,20220218,20220218,112546500,11:25:47,5673,53445,51213,6064618620,0,0,0
pg2204,20220218,20220218,112547000,11:25:48,5672,53446,51212,6064732060,1,-1,113440
pg2204,20220218,20220218,112547500,11:25:48,5673,53447,51213,6064845520,1,1,113460
pg2204,20220218,20220218,112549000,11:25:49,5673,53447,51213,6064845520,0,0,0
pg2204,20220218,20220218,112549500,11:25:49,5673,53447,51213,6064845520,0,0,0
pg2204,20220218,20220218,112550000,11:25:50,5673,53447,51213,6064845520,0,0,0
pg2204,20220218,20220218,112550500,11:25:51,5673,53447,51213,6064845520,0,0,0
pg2204,20220218,20220218,112551500,11:25:51,5673,53447,51213,6064845520,0,0,0
pg2204,20220218,20220218,112552000,11:25:52,5673,53447,51213,6064845520,0,0,0
pg2204,20220218,20220218,112552500,11:25:52,5673,53448,51213,6064958980,1,0,113460
pg2204,20220218,20220218,112553500,11:25:54,5673,53448,51213,6064958980,0,0,0
pg2204,20220218,20220218,112554000,11:25:54,5673,53448,51213,6064958980,0,0,0
pg2204,20220218,20220218,112556000,11:25:57,5673,53448,51213,6064958980,0,0,0
pg2204,20220218,20220218,112556500,11:25:57,5673,53448,51213,6064958980,0,0,0
pg2204,20220218,20220218,112557000,11:25:57,5673,53448,51213,6064958980,0,0,0
pg2204,20220218,20220218,112559000,11:26:00,5673,53448,51213,6064958980,0,0,0
pg2204,20220218,20220218,112600000,11:26:00,5672,53449,51213,6065072420,1,0,113440
pg2204,20220218,20220218,112601000,11:26:01,5672,53449,51213,6065072420,0,0,0
pg2204,20220218,20220218,112602000,11:26:03,5672,53449,51213,6065072420,0,0,0
pg2204,20220218,20220218,112602500,11:26:03,5672,53451,51214,6065299320,2,1,226900
pg2204,20220218,20220218,112603000,11:26:03,5672,53451,51214,6065299320,0,0,0
pg2204,20220218,20220218,112603500,11:26:04,5672,53451,51214,6065299320,0,0,0
pg2204,20220218,20220218,112604000,11:26:05,5672,53452,51214,6065412760,1,0,113440
pg2204,20220218,20220218,112605500,11:26:06,5671,53453,51214,6065526180,1,0,113420
pg2204,20220218,20220218,112606000,11:26:06,5672,53454,51214,6065639620,1,0,113440
pg2204,20220218,20220218,112606500,11:26:07,5672,53457,51214,6065979940,3,0,340320
pg2204,20220218,20220218,112607000,11:26:09,5672,53457,51214,6065979940,0,0,0
pg2204,20220218,20220218,112607500,11:26:09,5672,53457,51214,6065979940,0,0,0
pg2204,20220218,20220218,112608500,11:26:10,5671,53458,51213,6066093360,1,-1,113420
pg2204,20220218,20220218,112609500,11:26:10,5671,53458,51213,6066093360,0,0,0
pg2204,20220218,20220218,112610500,11:26:11,5671,53461,51213,6066433620,3,0,340260
pg2204,20220218,20220218,112611500,11:26:13,5671,53462,51213,6066547040,1,0,113420
pg2204,20220218,20220218,112612000,11:26:14,5671,53462,51213,6066547040,0,0,0
pg2204,20220218,20220218,112614000,11:26:15,5671,53462,51213,6066547040,0,0,0
pg2204,20220218,20220218,112614500,11:26:16,5671,53462,51213,6066547040,0,0,0
pg2204,20220218,20220218,112615000,11:26:16,5671,53462,51213,6066547040,0,0,0
pg2204,20220218,20220218,112616000,11:26:16,5671,53462,51213,6066547040,0,0,0
pg2204,20220218,20220218,112617000,11:26:17,5671,53462,51213,6066547040,0,0,0
pg2204,20220218,20220218,112618500,11:26:19,5671,53462,51213,6066547040,0,0,0
pg2204,20220218,20220218,112619000,11:26:19,5671,53462,51213,6066547040,0,0,0
pg2204,20220218,20220218,112619500,11:26:20,5671,53465,51216,6066887300,3,3,340260
pg2204,20220218,20220218,112620000,11:26:20,5671,53475,51219,6068021500,10,3,1134200
pg2204,20220218,20220218,112620500,11:26:20,5671,53476,51220,6068134920,1,1,113420
pg2204,20220218,20220218,112621000,11:26:21,5671,53476,51220,6068134920,0,0,0
pg2204,20220218,20220218,112624500,11:26:24,5670,53477,51220,6068248320,1,0,113400
pg2204,20220218,20220218,112625000,11:26:25,5671,53478,51221,6068361740,1,1,113420
pg2204,20220218,20220218,112625500,11:26:26,5670,53484,51216,6069042140,6,-5,680400
pg2204,20220218,20220218,112626000,11:26:26,5670,53484,51216,6069042140,0,0,0
pg2204,20220218,20220218,112626500,11:26:27,5671,53486,51216,6069268980,2,0,226840
pg2204,20220218,20220218,112627000,11:26:27,5671,53486,51216,6069268980,0,0,0
pg2204,20220218,20220218,112629000,11:26:30,5671,53486,51216,6069268980,0,0,0
pg2204,20220218,20220218,112629500,11:26:31,5671,53486,51216,6069268980,0,0,0
pg2204,20220218,20220218,112630000,11:26:31,5672,53487,51217,6069382420,1,1,113440
pg2204,20220218,20220218,112630500,11:26:31,5672,53487,51217,6069382420,0,0,0
pg2204,20220218,20220218,112632000,11:26:32,5672,53487,51217,6069382420,0,0,0
pg2204,20220218,20220218,112633500,11:26:34,5672,53487,51217,6069382420,0,0,0
pg2204,20220218,20220218,112634500,11:26:37,5672,53487,51217,6069382420,0,0,0
pg2204,20220218,20220218,112635000,11:26:37,5670,53491,51218,6069836020,4,1,453600
pg2204,20220218,20220218,112635500,11:26:38,5671,53494,51218,6070176280,3,0,340260
pg2204,20220218,20220218,112637000,11:26:54,5671,53494,51218,6070176280,0,0,0
pg2204,20220218,20220218,112637500,11:26:54,5671,53494,51218,6070176280,0,0,0
pg2204,20220218,20220218,112638000,11:27:10,5671,53494,51218,6070176280,0,0,0
pg2204,20220218,20220218,112638500,11:27:10,5671,53494,51218,6070176280,0,0,0
pg2204,20220218,20220218,112653500,11:27:11,5669,53501,51220,6070969980,7,2,793700
pg2204,20220218,20220218,112709500,11:27:12,5669,53501,51220,6070969980,0,0,0
pg2204,20220218,20220218,112710500,11:27:12,5669,53501,51220,6070969980,0,0,0
pg2204,20220218,20220218,112712000,11:27:13,5669,53501,51220,6070969980,0,0,0
pg2204,20220218,20220218,112712500,11:27:13,5669,53501,51220,6070969980,0,0,0
pg2204,20220218,20220218,112713000,11:27:14,5669,53501,51220,6070969980,0,0,0
pg2204,20220218,20220218,112714000,11:27:15,5669,53501,51220,6070969980,0,0,0
pg2204,20220218,20220218,112714500,11:27:15,5669,53501,51220,6070969980,0,0,0
pg2204,20220218,20220218,112716000,11:27:17,5669,53501,51220,6070969980,0,0,0
pg2204,20220218,20220218,112717000,11:27:17,5669,53501,51220,6070969980,0,0,0
pg2204,20220218,20220218,112718000,11:27:18,5669,53501,51220,6070969980,0,0,0
pg2204,20220218,20220218,112718500,11:27:19,5669,53501,51220,6070969980,0,0,0
pg2204,20220218,20220218,112719500,11:27:20,5669,53501,51220,6070969980,0,0,0
pg2204,20220218,20220218,112720000,11:27:20,5668,53521,51218,6073237420,20,-2,2267440
pg2204,20220218,20220218,112720500,11:27:21,5668,53522,51218,6073350780,1,0,113360
pg2204,20220218,20220218,112722500,11:27:22,5668,53522,51218,6073350780,0,0,0
pg2204,20220218,20220218,112724000,11:27:27,5668,53522,51218,6073350780,0,0,0
pg2204,20220218,20220218,112726500,11:27:27,5668,53522,51218,6073350780,0,0,0
pg2204,20220218,20220218,112728500,11:27:28,5668,53529,51221,6074144300,7,3,793520
pg2204,20220218,20220218,112729000,11:27:29,5668,53530,51220,6074257660,1,-1,113360
pg2204,20220218,20220218,112729500,11:27:29,5668,53530,51220,6074257660,0,0,0
pg2204,20220218,20220218,112730000,11:27:30,5668,53530,51220,6074257660,0,0,0
pg2204,20220218,20220218,112730500,11:27:31,5668,53530,51220,6074257660,0,0,0
pg2204,20220218,20220218,112731500,11:27:35,5667,53531,51219,6074371000,1,-1,113340
pg2204,20220218,20220218,112735500,11:27:36,5667,53531,51219,6074371000,0,0,0
pg2204,20220218,20220218,112737000,11:27:38,5667,53531,51219,6074371000,0,0,0
pg2204,20220218,20220218,112738500,11:27:39,5667,53531,51219,6074371000,0,0,0
pg2204,20220218,20220218,112739000,11:27:39,5667,53533,51218,6074597700,2,-1,226700
pg2204,20220218,20220218,112739500,11:27:39,5668,53536,51217,6074937780,3,-1,340080
pg2204,20220218,20220218,112740000,11:27:40,5669,53539,51216,6075277920,3,-1,340140
pg2204,20220218,20220218,112745000,11:27:46,5669,53539,51216,6075277920,0,0,0
pg2204,20220218,20220218,112745500,11:27:46,5669,53539,51216,6075277920,0,0,0
pg2204,20220218,20220218,112752000,11:27:54,5669,53539,51216,6075277920,0,0,0
pg2204,20220218,20220218,112755500,11:27:55,5669,53539,51216,6075277920,0,0,0
pg2204,20220218,20220218,112756000,11:27:56,5669,53544,51213,6075844740,5,-3,566820
pg2204,20220218,20220218,112759500,11:27:59,5669,53554,51203,6076978540,10,-10,1133800
pg2204,20220218,20220218,112800000,11:28:00,5669,53574,51195,6079246140,20,-8,2267600
pg2204,20220218,20220218,112800500,11:28:01,5670,53580,51195,6079926540,6,0,680400
pg2204,20220218,20220218,112801000,11:28:01,5670,53585,51192,6080493540,5,-3,567000
pg2204,20220218,20220218,112801500,11:28:02,5670,53585,51192,6080493540,0,0,0
pg2204,20220218,20220218,112802000,11:28:03,5670,53585,51192,6080493540,0,0,0
pg2204,20220218,20220218,112802500,11:28:03,5670,53585,51192,6080493540,0,0,0
pg2204,20220218,20220218,112803500,11:28:04,5670,53585,51192,6080493540,0,0,0
pg2204,20220218,20220218,112807000,11:28:10,5670,53585,51192,6080493540,0,0,0
pg2204,20220218,20220218,112810000,11:28:11,5669,53587,51192,6080720320,2,0,226780
pg2204,20220218,20220218,112810500,11:28:12,5669,53587,51192,6080720320,0,0,0
pg2204,20220218,20220218,112811500,11:28:12,5669,53587,51192,6080720320,0,0,0
pg2204,20220218,20220218,112812000,11:28:13,5669,53590,51193,6081060460,3,1,340140
pg2204,20220218,20220218,112812500,11:28:13,5669,53590,51193,6081060460,0,0,0
pg2204,20220218,20220218,112814500,11:28:14,5668,53594,51192,6081513900,4,-1,453440
pg2204,20220218,20220218,112815000,11:28:15,5668,53594,51192,6081513900,0,0,0
pg2204,20220218,20220218,112818000,11:28:18,5669,53595,51193,6081627280,1,1,113380
pg2204,20220218,20220218,112820000,11:28:20,5670,53596,51192,6081740680,1,-1,113400
pg2204,20220218,20220218,112820500,11:28:20,5670,53596,51192,6081740680,0,0,0
pg2204,20220218,20220218,112821500,11:28:22,5669,53597,51192,6081854060,1,0,113380
pg2204,20220218,20220218,112823500,11:28:24,5669,53597,51192,6081854060,0,0,0
pg2204,20220218,20220218,112824000,11:28:24,5669,53597,51192,6081854060,0,0,0
pg2204,20220218,20220218,112824500,11:28:25,5671,53598,51192,6081967480,1,0,113420
pg2204,20220218,20220218,112825500,11:28:25,5671,53598,51192,6081967480,0,0,0
pg2204,20220218,20220218,112826500,11:28:27,5671,53598,51192,6081967480,0,0,0
pg2204,20220218,20220218,112827000,11:28:27,5668,53620,51192,6084461580,22,0,2494100
pg2204,20220218,20220218,112827500,11:28:27,5667,53626,51193,6085141620,6,1,680040
pg2204,20220218,20220218,112828000,11:28:28,5667,53626,51193,6085141620,0,0,0
pg2204,20220218,20220218,112828500,11:28:28,5667,53626,51193,6085141620,0,0,0
pg2204,20220218,20220218,112829000,11:28:29,5667,53626,51193,6085141620,0,0,0
pg2204,20220218,20220218,112829500,11:28:30,5667,53626,51193,6085141620,0,0,0
pg2204,20220218,20220218,112830000,11:28:30,5667,53626,51193,6085141620,0,0,0
pg2204,20220218,20220218,112830500,11:28:31,5667,53626,51193,6085141620,0,0,0
pg2204,20220218,20220218,112831000,11:28:31,5667,53626,51193,6085141620,0,0,0
pg2204,20220218,20220218,112831500,11:28:32,5667,53626,51193,6085141620,0,0,0
pg2204,20220218,20220218,112832000,11:28:33,5668,53628,51193,6085368340,2,0,226720
pg2204,20220218,20220218,112832500,11:28:33,5668,53632,51195,6085821780,4,2,453440
pg2204,20220218,20220218,112833000,11:28:33,5668,53632,51195,6085821780,0,0,0
pg2204,20220218,20220218,112833500,11:28:34,5668,53632,51195,6085821780,0,0,0
pg2204,20220218,20220218,112834500,11:28:34,5668,53632,51195,6085821780,0,0,0
pg2204,20220218,20220218,112835000,11:28:35,5668,53634,51195,6086048500,2,0,226720
pg2204,20220218,20220218,112835500,11:28:36,5667,53638,51191,6086501920,4,-4,453420
pg2204,20220218,20220218,112836000,11:28:37,5667,53638,51191,6086501920,0,0,0
pg2204,20220218,20220218,112837000,11:28:37,5667,53638,51191,6086501920,0,0,0
pg2204,20220218,20220218,112838000,11:28:38,5667,53638,51191,6086501920,0,0,0
pg2204,20220218,20220218,112838500,11:28:38,5667,53638,51191,6086501920,0,0,0
pg2204,20220218,20220218,112840000,11:28:40,5667,53638,51191,6086501920,0,0,0
pg2204,20220218,20220218,112840500,11:28:40,5669,53653,51190,6088202620,15,-1,1700700
pg2204,20220218,20220218,112841000,11:28:41,5669,53653,51190,6088202620,0,0,0
pg2204,20220218,20220218,112841500,11:28:41,5669,53653,51190,6088202620,0,0,0
pg2204,20220218,20220218,112842000,11:28:42,5669,53653,51190,6088202620,0,0,0
pg2204,20220218,20220218,112842500,11:28:43,5669,53658,51190,6088769520,5,0,566900
pg2204,20220218,20220218,112843000,11:28:43,5669,53658,51190,6088769520,0,0,0
pg2204,20220218,20220218,112843500,11:28:44,5669,53658,51190,6088769520,0,0,0
pg2204,20220218,20220218,112844000,11:28:44,5669,53658,51190,6088769520,0,0,0
pg2204,20220218,20220218,112844500,11:28:44,5669,53658,51190,6088769520,0,0,0
pg2204,20220218,20220218,112846000,11:28:46,5669,53658,51190,6088769520,0,0,0
pg2204,20220218,20220218,112846500,11:28:46,5669,53658,51190,6088769520,0,0,0
pg2204,20220218,20220218,112847000,11:28:47,5667,53663,51188,6089336220,5,-2,566700
pg2204,20220218,20220218,112847500,11:28:48,5667,53663,51188,6089336220,0,0,0
pg2204,20220218,20220218,112848000,11:28:48,5667,53663,51188,6089336220,0,0,0
pg2204,20220218,20220218,112848500,11:28:48,5667,53663,51188,6089336220,0,0,0
pg2204,20220218,20220218,112849000,11:28:49,5667,53663,51188,6089336220,0,0,0
pg2204,20220218,20220218,112849500,11:28:50,5667,53663,51188,6089336220,0,0,0
pg2204,20220218,20220218,112850000,11:28:50,5667,53663,51188,6089336220,0,0,0
pg2204,20220218,20220218,112850500,11:28:50,5667,53663,51188,6089336220,0,0,0
pg2204,20220218,20220218,112851000,11:28:51,5667,53663,51188,6089336220,0,0,0
pg2204,20220218,20220218,112851500,11:28:52,5667,53663,51188,6089336220,0,0,0
pg2204,20220218,20220218,112852000,11:28:53,5667,53663,51188,6089336220,0,0,0
pg2204,20220218,20220218,112852500,11:28:54,5667,53663,51188,6089336220,0,0,0
pg2204,20220218,20220218,112853000,11:28:54,5667,53663,51188,6089336220,0,0,0
pg2204,20220218,20220218,112853500,11:28:54,5667,53663,51188,6089336220,0,0,0
pg2204,20220218,20220218,112854000,11:28:54,5668,53664,51189,6089449580,1,1,113360
pg2204,20220218,20220218,112855500,11:28:56,5668,53664,51189,6089449580,0,0,0
pg2204,20220218,20220218,112856000,11:28:56,5669,53665,51190,6089562960,1,1,113380
pg2204,20220218,20220218,112856500,11:28:56,5669,53665,51190,6089562960,0,0,0
pg2204,20220218,20220218,112857500,11:28:58,5668,53672,51190,6090356480,7,0,793520
pg2204,20220218,20220218,112858000,11:28:58,5668,53672,51190,6090356480,0,0,0
pg2204,20220218,20220218,112858500,11:28:59,5668,53672,51190,6090356480,0,0,0
pg2204,20220218,20220218,112859500,11:29:00,5668,53672,51190,6090356480,0,0,0
pg2204,20220218,20220218,112900000,11:29:00,5668,53672,51190,6090356480,0,0,0
pg2204,20220218,20220218,112901000,11:29:01,5668,53672,51190,6090356480,0,0,0
pg2204,20220218,20220218,112903000,11:29:03,5668,53672,51190,6090356480,0,0,0
pg2204,20220218,20220218,112903500,11:29:04,5669,53673,51189,6090469860,1,-1,113380
pg2204,20220218,20220218,112904500,11:29:04,5669,53673,51189,6090469860,0,0,0
pg2204,20220218,20220218,112905000,11:29:05,5669,53673,51189,6090469860,0,0,0
pg2204,20220218,20220218,112905500,11:29:06,5669,53673,51189,6090469860,0,0,0
pg2204,20220218,20220218,112906000,11:29:06,5669,53673,51189,6090469860,0,0,0
pg2204,20220218,20220218,112907000,11:29:08,5669,53673,51189,6090469860,0,0,0
pg2204,20220218,20220218,112907500,11:29:08,5668,53674,51189,6090583220,1,0,113360
pg2204,20220218,20220218,112908500,11:29:08,5668,53674,51189,6090583220,0,0,0
pg2204,20220218,20220218,112909000,11:29:09,5668,53675,51189,6090696580,1,0,113360
pg2204,20220218,20220218,112909500,11:29:09,5668,53676,51188,6090809940,1,-1,113360
pg2204,20220218,20220218,112910000,11:29:10,5668,53676,51188,6090809940,0,0,0
pg2204,20220218,20220218,112912000,11:29:12,5666,53684,51193,6091716500,8,5,906560
pg2204,20220218,20220218,112912500,11:29:12,5667,53697,51201,6093189680,13,8,1473180
pg2204,20220218,20220218,112913500,11:29:14,5667,53697,51201,6093189680,0,0,0
pg2204,20220218,20220218,112914000,11:29:14,5666,53700,51203,6093529660,3,2,339980
pg2204,20220218,20220218,112914500,11:29:15,5666,53702,51205,6093756300,2,2,226640
pg2204,20220218,20220218,112915000,11:29:15,5666,53709,51199,6094549540,7,-6,793240
pg2204,20220218,20220218,112915500,11:29:16,5667,53710,51200,6094662880,1,1,113340
pg2204,20220218,20220218,112916000,11:29:16,5667,53710,51200,6094662880,0,0,0
pg2204,20220218,20220218,112916500,11:29:20,5667,53710,51200,6094662880,0,0,0
pg2204,20220218,20220218,112917000,11:29:20,5667,53710,51200,6094662880,0,0,0
pg2204,20220218,20220218,112917500,11:29:21,5667,53711,51200,6094776220,1,0,113340
pg2204,20220218,20220218,112918000,11:29:21,5667,53711,51200,6094776220,0,0,0
pg2204,20220218,20220218,112920500,11:29:22,5667,53711,51200,6094776220,0,0,0
pg2204,20220218,20220218,112921000,11:29:22,5667,53712,51200,6094889560,1,0,113340
pg2204,20220218,20220218,112922000,11:29:24,5667,53712,51200,6094889560,0,0,0
pg2204,20220218,20220218,112925000,11:29:25,5665,53714,51199,6095116180,2,-1,226620
pg2204,20220218,20220218,112925500,11:29:26,5665,53715,51199,6095229480,1,0,113300
pg2204,20220218,20220218,112926000,11:29:26,5665,53715,51199,6095229480,0,0,0
pg2204,20220218,20220218,112926500,11:29:26,5665,53715,51199,6095229480,0,0,0
pg2204,20220218,20220218,112927000,11:29:27,5665,53715,51199,6095229480,0,0,0
pg2204,20220218,20220218,112927500,11:29:27,5665,53715,51199,6095229480,0,0,0
pg2204,20220218,20220218,112929000,11:29:29,5665,53716,51198,6095342780,1,-1,113300
pg2204,20220218,20220218,112929500,11:29:30,5665,53716,51198,6095342780,0,0,0
pg2204,20220218,20220218,112930000,11:29:30,5665,53717,51197,6095456080,1,-1,113300
pg2204,20220218,20220218,112930500,11:29:31,5666,53718,51197,6095569400,1,0,113320
pg2204,20220218,20220218,112931000,11:29:32,5666,53718,51197,6095569400,0,0,0
pg2204,20220218,20220218,112931500,11:29:32,5666,53723,51194,6096135940,5,-3,566540
pg2204,20220218,20220218,112932000,11:29:32,5666,53728,51190,6096702540,5,-4,566600
pg2204,20220218,20220218,112932500,11:29:37,5666,53730,51190,6096929200,2,0,226660
pg2204,20220218,20220218,112933000,11:29:37,5666,53730,51190,6096929200,0,0,0
pg2204,20220218,20220218,112936500,11:29:38,5666,53730,51190,6096929200,0,0,0
pg2204,20220218,20220218,112937500,11:29:38,5666,53730,51190,6096929200,0,0,0
pg2204,20220218,20220218,112938000,11:29:38,5666,53730,51190,6096929200,0,0,0
pg2204,20220218,20220218,112938500,11:29:39,5666,53730,51190,6096929200,0,0,0
pg2204,20220218,20220218,112939500,11:29:40,5666,53730,51190,6096929200,0,0,0
pg2204,20220218,20220218,112940500,11:29:40,5664,53737,51183,6097722160,7,-7,792960
pg2204,20220218,20220218,112941000,11:29:41,5664,53737,51183,6097722160,0,0,0
pg2204,20220218,20220218,112941500,11:29:42,5664,53737,51183,6097722160,0,0,0
pg2204,20220218,20220218,112942000,11:29:44,5664,53742,51179,6098288620,5,-4,566460
pg2204,20220218,20220218,112942500,11:29:44,5665,53743,51179,6098401920,1,0,113300
pg2204,20220218,20220218,112943000,11:29:45,5665,53743,51179,6098401920,0,0,0
pg2204,20220218,20220218,112943500,11:29:45,5664,53747,51180,6098855020,4,1,453100
pg2204,20220218,20220218,112944000,11:29:45,5664,53748,51180,6098968300,1,0,113280
pg2204,20220218,20220218,112945000,11:29:46,5663,53750,51179,6099194820,2,-1,226520
pg2204,20220218,20220218,112945500,11:29:46,5662,53753,51179,6099534580,3,0,339760
pg2204,20220218,20220218,112946500,11:29:47,5662,53754,51178,6099647820,1,-1,113240
pg2204,20220218,20220218,112947000,11:29:47,5662,53754,51178,6099647820,0,0,0
pg2204,20220218,20220218,112947500,11:29:48,5662,53759,51174,6100214020,5,-4,566200
pg2204,20220218,20220218,112948000,11:29:49,5663,53763,51170,6100667060,4,-4,453040
pg2204,20220218,20220218,112948500,11:29:50,5662,53764,51170,6100780300,1,0,113240
pg2204,20220218,20220218,112949000,11:29:50,5662,53765,51169,6100893540,1,-1,113240
pg2204,20220218,20220218,112949500,11:29:50,5662,53765,51169,6100893540,0,0,0
pg2204,20220218,20220218,112950000,11:29:51,5662,53765,51169,6100893540,0,0,0
pg2204,20220218,20220218,112950500,11:29:52,5661,53766,51169,6101006760,1,0,113220
pg2204,20220218,20220218,112951500,11:29:52,5661,53769,51166,6101346420,3,-3,339660
pg2204,20220218,20220218,112952000,11:29:53,5662,53770,51166,6101459660,1,0,113240
pg2204,20220218,20220218,112952500,11:29:53,5662,53775,51163,6102025820,5,-3,566160
pg2204,20220218,20220218,112953000,11:29:54,5662,53775,51163,6102025820,0,0,0
pg2204,20220218,20220218,112953500,11:29:54,5662,53775,51163,6102025820,0,0,0
pg2204,20220218,20220218,112954000,11:29:54,5661,53779,51159,6102478660,4,-4,452840
pg2204,20220218,20220218,112954500,11:29:54,5661,53779,51159,6102478660,0,0,0
pg2204,20220218,20220218,112955000,11:29:55,5661,53780,51159,6102591880,1,0,113220
pg2204,20220218,20220218,112955500,11:29:56,5661,53780,51159,6102591880,0,0,0
pg2204,20220218,20220218,112956000,11:30:00,5661,53780,51159,6102591880,0,0,0
pg2204,20220218,20220218,112956500,11:30:00,5662,53781,51158,6102705120,1,-1,113240
pg2204,20220218,20220218,112957000,11:30:02,5662,53789,51154,6103611040,8,-4,905920
pg2204,20220218,20220218,112957500,11:30:02,5662,53789,51154,6103611040,0,0,0
pg2204,20220218,20220218,112959500,11:30:02,5662,53806,51165,6105536140,17,11,1925100
pg2204,20220218,20220218,113001000,11:30:03,5661,53810,51165,6105989060,4,0,452920
pg2204,20220218,20220218,133001500,13:30:02,5661,53811,51164,6106102280,1,-1,113220
pg2204,20220218,20220218,133002000,13:30:08,5660,53837,51167,6109045540,26,3,2943260
pg2204,20220218,20220218,133002500,13:30:10,5661,53843,51168,6109724680,6,1,679140
pg2204,20220218,20220218,133008000,13:30:10,5655,53883,51148,6114250120,40,-20,4525440
pg2204,20220218,20220218,133009500,13:30:10,5655,53885,51148,6114476320,2,0,226200
pg2204,20220218,20220218,133010000,13:30:11,5655,53887,51146,6114702520,2,-2,226200
pg2204,20220218,20220218,133010500,13:30:12,5655,53889,51146,6114928700,2,0,226180
pg2204,20220218,20220218,133011000,13:30:13,5656,53894,51148,6115494140,5,2,565440
pg2204,20220218,20220218,133011500,13:30:13,5656,53894,51148,6115494140,0,0,0
pg2204,20220218,20220218,133012500,13:30:13,5656,53900,51152,6116172880,6,4,678740
pg2204,20220218,20220218,133013000,13:30:14,5656,53900,51152,6116172880,0,0,0
pg2204,20220218,20220218,133013500,13:30:14,5656,53901,51151,6116286000,1,-1,113120
pg2204,20220218,20220218,133014000,13:30:16,5656,53901,51151,6116286000,0,0,0
pg2204,20220218,20220218,133014500,13:30:17,5657,53902,51151,6116399140,1,0,113140
pg2204,20220218,20220218,133016500,13:30:18,5655,53908,51150,6117077840,6,-1,678700
pg2204,20220218,20220218,133017500,13:30:19,5657,53909,51149,6117190980,1,-1,113140
pg2204,20220218,20220218,133018500,13:30:20,5658,53911,51149,6117417300,2,0,226320
pg2204,20220218,20220218,133019500,13:30:21,5658,53911,51149,6117417300,0,0,0
pg2204,20220218,20220218,133020000,13:30:21,5658,53911,51149,6117417300,0,0,0
pg2204,20220218,20220218,133020500,13:30:21,5658,53921,51146,6118548900,10,-3,1131600
pg2204,20220218,20220218,133021000,13:30:21,5658,53921,51146,6118548900,0,0,0
pg2204,20220218,20220218,133021500,13:30:22,5658,53921,51146,6118548900,0,0,0
pg2204,20220218,20220218,133022000,13:30:38,5659,53924,51144,6118888440,3,-2,339540
pg2204,20220218,20220218,133022500,13:30:38,5659,53926,51144,6119114800,2,0,226360
pg2204,20220218,20220218,133023000,13:30:38,5659,53933,51142,6119907140,7,-2,792340
pg2204,20220218,20220218,133037500,13:30:40,5660,53946,51142,6121378780,13,0,1471640
pg2204,20220218,20220218,133040000,13:30:43,5660,53946,51142,6121378780,0,0,0
pg2204,20220218,20220218,133041000,13:30:43,5662,53954,51139,6122284700,8,-3,905920
pg2204,20220218,20220218,133042000,13:30:44,5662,53954,51139,6122284700,0,0,0
pg2204,20220218,20220218,133044000,13:30:46,5660,53961,51140,6123077200,7,1,792500
pg2204,20220218,20220218,133045000,13:30:46,5658,53970,51138,6124095680,9,-2,1018480
pg2204,20220218,20220218,133045500,13:30:46,5657,53972,51139,6124321960,2,1,226280
pg2204,20220218,20220218,133046000,13:30:47,5657,53974,51137,6124548240,2,-2,226280
pg2204,20220218,20220218,133050000,13:30:51,5654,53997,51136,6127149780,23,-1,2601540
pg2204,20220218,20220218,133050500,13:30:52,5654,53997,51136,6127149780,0,0,0
pg2204,20220218,20220218,133051000,13:30:52,5654,53998,51136,6127262860,1,0,113080
pg2204,20220218,20220218,133051500,13:30:52,5654,53998,51136,6127262860,0,0,0
pg2204,20220218,20220218,133052000,13:30:53,5654,53999,51136,6127375940,1,0,113080
pg2204,20220218,20220218,133052500,13:30:54,5655,54000,51137,6127489040,1,1,113100
pg2204,20220218,20220218,133053000,13:30:54,5655,54003,51138,6127828340,3,1,339300
pg2204,20220218,20220218,133053500,13:30:54,5655,54003,51138,6127828340,0,0,0
pg2204,20220218,20220218,133054000,13:30:55,5655,54003,51138,6127828340,0,0,0
pg2204,20220218,20220218,133054500,13:30:55,5655,54003,51138,6127828340,0,0,0
pg2204,20220218,20220218,133055000,13:30:56,5656,54005,51139,6128054580,2,1,226240
pg2204,20220218,20220218,133055500,13:30:56,5656,54005,51139,6128054580,0,0,0
pg2204,20220218,20220218,133056000,13:30:57,5655,54006,51138,6128167680,1,-1,113100
pg2204,20220218,20220218,133056500,13:30:57,5655,54009,51140,6128506980,3,2,339300
pg2204,20220218,20220218,133057000,13:30:58,5654,54011,51141,6128733160,2,1,226180
pg2204,20220218,20220218,133057500,13:30:58,5655,54014,51138,6129072460,3,-3,339300
pg2204,20220218,20220218,133058000,13:30:58,5654,54017,51136,6129411700,3,-2,339240
pg2204,20220218,20220218,133058500,13:30:59,5655,54022,51138,6129977200,5,2,565500
pg2204,20220218,20220218,133059000,13:30:59,5655,54023,51139,6130090300,1,1,113100
pg2204,20220218,20220218,133100000,13:31:00,5655,54023,51139,6130090300,0,0,0
pg2204,20220218,20220218,133100500,13:31:00,5654,54024,51139,6130203380,1,0,113080
pg2204,20220218,20220218,133101000,13:31:01,5654,54024,51139,6130203380,0,0,0
pg2204,20220218,20220218,133102000,13:31:02,5654,54024,51139,6130203380,0,0,0
pg2204,20220218,20220218,133102500,13:31:03,5656,54035,51140,6131447660,11,1,1244280
pg2204,20220218,20220218,133103000,13:31:03,5656,54054,51155,6133596940,19,15,2149280
pg2204,20220218,20220218,133103500,13:31:05,5655,54055,51154,6133710040,1,-1,113100
pg2204,20220218,20220218,133104500,13:31:07,5655,54055,51154,6133710040,0,0,0
pg2204,20220218,20220218,133105500,13:31:08,5654,54056,51154,6133823120,1,0,113080
pg2204,20220218,20220218,133106000,13:31:08,5656,54057,51154,6133936240,1,0,113120
pg2204,20220218,20220218,133106500,13:31:09,5656,54057,51154,6133936240,0,0,0
pg2204,20220218,20220218,133108500,13:31:09,5654,54063,51153,6134614720,6,-1,678480
pg2204,20220218,20220218,133109000,13:31:10,5655,54066,51152,6134954020,3,-1,339300
pg2204,20220218,20220218,133110000,13:31:11,5655,54066,51152,6134954020,0,0,0
pg2204,20220218,20220218,133110500,13:31:11,5655,54072,51153,6135632580,6,1,678560
pg2204,20220218,20220218,133111000,13:31:12,5656,54073,51153,6135745700,1,0,113120
pg2204,20220218,20220218,133111500,13:31:12,5656,54077,51153,6136198060,4,0,452360
pg2204,20220218,20220218,133112500,13:31:13,5656,54078,51153,6136311180,1,0,113120
pg2204,20220218,20220218,133113000,13:31:13,5656,54078,51153,6136311180,0,0,0
pg2204,20220218,20220218,133113500,13:31:15,5656,54078,51153,6136311180,0,0,0
pg2204,20220218,20220218,133115500,13:31:16,5656,54078,51153,6136311180,0,0,0
pg2204,20220218,20220218,133116000,13:31:16,5656,54082,51153,6136763660,4,0,452480
pg2204,20220218,20220218,133118000,13:31:19,5654,54083,51152,6136876740,1,-1,113080
pg2204,20220218,20220218,133118500,13:31:19,5654,54083,51152,6136876740,0,0,0
pg2204,20220218,20220218,133119000,13:31:20,5654,54083,51152,6136876740,0,0,0
pg2204,20220218,20220218,133119500,13:31:20,5655,54084,51151,6136989840,1,-1,113100
pg2204,20220218,20220218,133120000,13:31:20,5655,54084,51151,6136989840,0,0,0
pg2204,20220218,20220218,133120500,13:31:21,5655,54084,51151,6136989840,0,0,0
pg2204,20220218,20220218,133121000,13:31:21,5655,54084,51151,6136989840,0,0,0
pg2204,20220218,20220218,133121500,13:31:22,5655,54086,51149,6137216040,2,-2,226200
pg2204,20220218,20220218,133122000,13:31:23,5655,54086,51149,6137216040,0,0,0
pg2204,20220218,20220218,133122500,13:31:23,5655,54086,51149,6137216040,0,0,0
pg2204,20220218,20220218,133123000,13:31:25,5653,54101,51151,6138912060,15,2,1696020
pg2204,20220218,20220218,133123500,13:31:25,5654,54105,51149,6139364380,4,-2,452320
pg2204,20220218,20220218,133124000,13:31:25,5654,54105,51149,6139364380,0,0,0
pg2204,20220218,20220218,133156000,13:31:56,5654,54108,51149,6139703620,3,0,339240
pg2204,20220218,20220218,133159500,13:32:00,5655,54110,51149,6139929820,2,0,226200
pg2204,20220218,20220218,133200500,13:32:01,5655,54110,51149,6139929820,0,0,0
pg2204,20220218,20220218,133201000,13:32:01,5655,54110,51149,6139929820,0,0,0
pg2204,20220218,20220218,133201500,13:32:01,5655,54110,51149,6139929820,0,0,0
pg2204,20220218,20220218,133202000,13:32:03,5654,54422,51109,6175210740,312,-40,35280920
pg2204,20220218,20220218,133202500,13:32:04,5653,54434,51113,6176567460,12,4,1356720
pg2204,20220218,20220218,133203000,13:32:04,5653,54436,51113,6176793560,2,0,226100
pg2204,20220218,20220218,133205000,13:32:06,5653,54436,51113,6176793560,0,0,0
pg2204,20220218,20220218,133206000,13:32:07,5652,54440,51113,6177245720,4,0,452160
pg2204,20220218,20220218,133206500,13:32:07,5652,54441,51112,6177358760,1,-1,113040
pg2204,20220218,20220218,133207000,13:32:07,5652,54443,51110,6177584840,2,-2,226080
pg2204,20220218,20220218,133207500,13:32:07,5652,54443,51110,6177584840,0,0,0
pg2204,20220218,20220218,133208500,13:32:10,5652,54444,51111,6177697880,1,1,113040
pg2204,20220218,20220218,133209000,13:32:10,5653,54447,51111,6178037020,3,0,339140
pg2204,20220218,20220218,133209500,13:32:10,5653,54448,51111,6178150080,1,0,113060
pg2204,20220218,20220218,133210000,13:32:12,5653,54450,51111,6178376200,2,0,226120
pg2204,20220218,20220218,133210500,13:32:13,5652,54453,51112,6178715320,3,1,339120
pg2204,20220218,20220218,133211000,13:32:14,5652,54453,51112,6178715320,0,0,0
pg2204,20220218,20220218,133213000,13:32:15,5652,54453,51112,6178715320,0,0,0
pg2204,20220218,20220218,133214000,13:32:15,5652,54453,51112,6178715320,0,0,0
pg2204,20220218,20220218,133215000,13:32:16,5654,54458,51110,6179280600,5,-2,565280
pg2204,20220218,20220218,133215500,13:32:16,5654,54459,51109,6179393680,1,-1,113080
pg2204,20220218,20220218,133216000,13:32:17,5654,54459,51109,6179393680,0,0,0
pg2204,20220218,20220218,133216500,13:32:17,5654,54459,51109,6179393680,0,0,0
pg2204,20220218,20220218,133217000,13:32:18,5654,54459,51109,6179393680,0,0,0
pg2204,20220218,20220218,133217500,13:32:18,5656,54475,51101,6181203500,16,-8,1809820
pg2204,20220218,20220218,133218000,13:32:18,5657,54477,51101,6181429780,2,0,226280
pg2204,20220218,20220218,133218500,13:32:19,5656,54478,51102,6181542900,1,1,113120
pg2204,20220218,20220218,133219000,13:32:20,5656,54478,51102,6181542900,0,0,0
pg2204,20220218,20220218,133220000,13:32:21,5657,54486,51108,6182448160,8,6,905260
pg2204,20220218,20220218,133220500,13:32:21,5657,54486,51108,6182448160,0,0,0
pg2204,20220218,20220218,133221000,13:32:21,5657,54486,51108,6182448160,0,0,0
pg2204,20220218,20220218,133221500,13:32:22,5657,54486,51108,6182448160,0,0,0
pg2204,20220218,20220218,133222000,13:32:23,5657,54488,51110,6182674440,2,2,226280
pg2204,20220218,20220218,133222500,13:32:24,5657,54499,51112,6183918780,11,2,1244340
pg2204,20220218,20220218,133223000,13:32:24,5657,54499,51112,6183918780,0,0,0
pg2204,20220218,20220218,133224000,13:32:24,5657,54502,51110,6184258180,3,-2,339400
pg2204,20220218,20220218,133224500,13:32:25,5657,54505,51109,6184597600,3,-1,339420
pg2204,20220218,20220218,133225000,13:32:25,5657,54506,51108,6184710740,1,-1,113140
pg2204,20220218,20220218,133225500,13:32:26,5657,54506,51108,6184710740,0,0,0
pg2204,20220218,20220218,133226000,13:32:27,5658,54507,51108,6184823900,1,0,113160
pg2204,20220218,20220218,133226500,13:32:27,5658,54507,51108,6184823900,0,0,0
pg2204,20220218,20220218,133227000,13:32:27,5658,54507,51108,6184823900,0,0,0
pg2204,20220218,20220218,133228000,13:32:32,5658,54507,51108,6184823900,0,0,0
pg2204,20220218,20220218,133228500,13:32:32,5658,54509,51107,6185050200,2,-1,226300
pg2204,20220218,20220218,133229000,13:32:33,5657,54510,51106,6185163340,1,-1,113140
pg2204,20220218,20220218,133231000,13:32:35,5657,54510,51106,6185163340,0,0,0
pg2204,20220218,20220218,133234500,13:32:35,5655,54519,51110,6186181520,9,4,1018180
pg2204,20220218,20220218,133235000,13:32:36,5655,54519,51110,6186181520,0,0,0
pg2204,20220218,20220218,133236500,13:32:37,5655,54519,51110,6186181520,0,0,0
pg2204,20220218,20220218,133237000,13:32:37,5655,54519,51110,6186181520,0,0,0
pg2204,20220218,20220218,133237500,13:32:38,5655,54519,51110,6186181520,0,0,0
pg2204,20220218,20220218,133238000,13:32:38,5655,54519,51110,6186181520,0,0,0
pg2204,20220218,20220218,133238500,13:32:39,5655,54519,51110,6186181520,0,0,0
pg2204,20220218,20220218,133240500,13:32:41,5655,54519,51110,6186181520,0,0,0
pg2204,20220218,20220218,133241000,13:32:41,5655,54519,51110,6186181520,0,0,0
pg2204,20220218,20220218,133242000,13:32:42,5656,54520,51111,6186294640,1,1,113120
pg2204,20220218,20220218,133242500,13:32:42,5656,54521,51111,6186407760,1,0,113120
pg2204,20220218,20220218,133243000,13:32:43,5656,54521,51111,6186407760,0,0,0
pg2204,20220218,20220218,133245500,13:32:45,5656,54521,51111,6186407760,0,0,0
pg2204,20220218,20220218,133246000,13:32:47,5656,54521,51111,6186407760,0,0,0
pg2204,20220218,20220218,133246500,13:32:47,5655,54532,51110,6187651880,11,-1,1244120
pg2204,20220218,20220218,133247000,13:32:47,5655,54532,51110,6187651880,0,0,0
pg2204,20220218,20220218,133247500,13:32:48,5655,54532,51110,6187651880,0,0,0
pg2204,20220218,20220218,133248000,13:32:49,5655,54532,51110,6187651880,0,0,0
pg2204,20220218,20220218,133248500,13:32:49,5656,54533,51109,6187765000,1,-1,113120
pg2204,20220218,20220218,133251000,13:32:53,5656,54533,51109,6187765000,0,0,0
pg2204,20220218,20220218,133252500,13:32:53,5656,54533,51109,6187765000,0,0,0
pg2204,20220218,20220218,133253000,13:32:53,5656,54533,51109,6187765000,0,0,0
pg2204,20220218,20220218,133253500,13:32:54,5655,54541,51101,6188669800,8,-8,904800
pg2204,20220218,20220218,133254000,13:32:54,5655,54541,51101,6188669800,0,0,0
pg2204,20220218,20220218,133255500,13:32:55,5655,54541,51101,6188669800,0,0,0
pg2204,20220218,20220218,133257500,13:33:00,5655,54541,51101,6188669800,0,0,0
pg2204,20220218,20220218,133259500,13:33:01,5657,54558,51093,6190592960,17,-8,1923160
pg2204,20220218,20220218,133300000,13:33:01,5656,54560,51094,6190819220,2,1,226260
pg2204,20220218,20220218,133300500,13:33:01,5656,54560,51094,6190819220,0,0,0
pg2204,20220218,20220218,133301500,13:33:02,5656,54560,51094,6190819220,0,0,0
pg2204,20220218,20220218,133302000,13:33:03,5656,54560,51094,6190819220,0,0,0
pg2204,20220218,20220218,133303000,13:33:04,5656,54561,51093,6190932340,1,-1,113120
pg2204,20220218,20220218,133306500,13:33:06,5656,54561,51093,6190932340,0,0,0
pg2204,20220218,20220218,133310000,13:33:11,5656,54561,51093,6190932340,0,0,0
pg2204,20220218,20220218,133310500,13:33:12,5656,54561,51093,6190932340,0,0,0
pg2204,20220218,20220218,133311000,13:33:13,5656,54561,51093,6190932340,0,0,0
pg2204,20220218,20220218,133311500,13:33:14,5656,54561,51093,6190932340,0,0,0
pg2204,20220218,20220218,133313500,13:33:15,5661,54644,51072,6200327540,83,-21,9395200
pg2204,20220218,20220218,133314000,13:33:17,5664,54667,51068,6202932120,23,-4,2604580
pg2204,20220218,20220218,133314500,13:33:17,5664,54670,51066,6203271960,3,-2,339840
pg2204,20220218,20220218,133315000,13:33:18,5665,54677,51063,6204065000,7,-3,793040
pg2204,20220218,20220218,133317000,13:33:19,5665,54677,51063,6204065000,0,0,0
pg2204,20220218,20220218,133318000,13:33:19,5665,54677,51063,6204065000,0,0,0
pg2204,20220218,20220218,133318500,13:33:19,5667,54688,51061,6205311480,11,-2,1246480
pg2204,20220218,20220218,133319000,13:33:20,5667,54688,51061,6205311480,0,0,0
pg2204,20220218,20220218,133320000,13:33:21,5666,54689,51061,6205424800,1,0,113320
pg2204,20220218,20220218,133320500,13:33:22,5666,54689,51061,6205424800,0,0,0
pg2204,20220218,20220218,133321000,13:33:22,5666,54689,51061,6205424800,0,0,0
pg2204,20220218,20220218,133321500,13:33:22,5666,54691,51061,6205651440,2,0,226640
pg2204,20220218,20220218,133322000,13:33:22,5666,54703,51060,6207011080,12,-1,1359640
pg2204,20220218,20220218,133322500,13:33:22,5664,54705,51060,6207237660,2,0,226580
pg2204,20220218,20220218,133323000,13:33:23,5664,54707,51059,6207464220,2,-1,226560
pg2204,20220218,20220218,133323500,13:33:24,5663,54722,51052,6209163280,15,-7,1699060
pg2204,20220218,20220218,133324000,13:33:24,5664,54726,51053,6209616400,4,1,453120
pg2204,20220218,20220218,133324500,13:33:25,5663,54727,51053,6209729660,1,0,113260
pg2204,20220218,20220218,133325000,13:33:26,5663,54727,51053,6209729660,0,0,0
pg2204,20220218,20220218,133325500,13:33:26,5663,54728,51053,6209842920,1,0,113260
pg2204,20220218,20220218,133326000,13:33:28,5663,54728,51053,6209842920,0,0,0
pg2204,20220218,20220218,133326500,13:33:29,5663,54728,51053,6209842920,0,0,0
pg2204,20220218,20220218,133327000,13:33:29,5664,54734,51047,6210522600,6,-6,679680
pg2204,20220218,20220218,133328500,13:33:30,5664,54734,51047,6210522600,0,0,0
pg2204,20220218,20220218,133329000,13:33:30,5664,54746,51047,6211881920,12,0,1359320
pg2204,20220218,20220218,133329500,13:33:30,5664,54746,51047,6211881920,0,0,0
pg2204,20220218,20220218,133330000,13:33:30,5664,54746,51047,6211881920,0,0,0
pg2204,20220218,20220218,133330500,13:33:31,5663,54752,51043,6212561560,6,-4,679640
pg2204,20220218,20220218,133331000,13:33:32,5664,54753,51044,6212674840,1,1,113280
pg2204,20220218,20220218,133331500,13:33:32,5664,54754,51043,6212788120,1,-1,113280
pg2204,20220218,20220218,133332000,13:33:32,5664,54754,51043,6212788120,0,0,0
pg2204,20220218,20220218,133334500,13:33:34,5664,54754,51043,6212788120,0,0,0
pg2204,20220218,20220218,133336500,13:33:36,5664,54754,51043,6212788120,0,0,0
pg2204,20220218,20220218,133337000,13:33:37,5665,54763,51039,6213807800,9,-4,1019680
pg2204,20220218,20220218,133337500,13:33:37,5664,54764,51039,6213921080,1,0,113280
pg2204,20220218,20220218,133338000,13:33:38,5664,54764,51039,6213921080,0,0,0
pg2204,20220218,20220218,133338500,13:33:39,5665,54765,51040,6214034380,1,1,113300
pg2204,20220218,20220218,133339000,13:33:39,5664,54766,51040,6214147660,1,0,113280
pg2204,20220218,20220218,133339500,13:33:40,5664,54768,51041,6214374240,2,1,226580
pg2204,20220218,20220218,133340000,13:33:40,5664,54768,51041,6214374240,0,0,0
pg2204,20220218,20220218,133340500,13:33:41,5664,54769,51040,6214487520,1,-1,113280
pg2204,20220218,20220218,133341000,13:33:41,5665,54772,51041,6214827420,3,1,339900
pg2204,20220218,20220218,133341500,13:33:42,5665,54772,51041,6214827420,0,0,0
pg2204,20220218,20220218,133342000,13:33:42,5665,54772,51041,6214827420,0,0,0
pg2204,20220218,20220218,133342500,13:33:42,5664,54775,51040,6215167260,3,-1,339840
pg2204,20220218,20220218,133343000,13:33:43,5664,54775,51040,6215167260,0,0,0
pg2204,20220218,20220218,133344000,13:33:45,5664,54775,51040,6215167260,0,0,0
pg2204,20220218,20220218,133345000,13:33:45,5664,54775,51040,6215167260,0,0,0
pg2204,20220218,20220218,133346000,13:33:47,5664,54775,51040,6215167260,0,0,0
pg2204,20220218,20220218,133346500,13:33:48,5664,54775,51040,6215167260,0,0,0
pg2204,20220218,20220218,133347000,13:33:48,5665,54780,51041,6215733760,5,1,566500
pg2204,20220218,20220218,133347500,13:33:49,5665,54780,51041,6215733760,0,0,0
pg2204,20220218,20220218,133348000,13:33:49,5665,54780,51041,6215733760,0,0,0
pg2204,20220218,20220218,133349000,13:33:50,5664,54781,51040,6215847040,1,-1,113280
pg2204,20220218,20220218,133350500,13:33:50,5664,54782,51041,6215960320,1,1,113280
pg2204,20220218,20220218,133352000,13:33:52,5664,54782,51041,6215960320,0,0,0
pg2204,20220218,20220218,133352500,13:33:52,5664,54783,51042,6216073600,1,1,113280
pg2204,20220218,20220218,133353000,13:33:53,5665,54784,51042,6216186900,1,0,113300
pg2204,20220218,20220218,133354000,13:33:54,5665,54784,51042,6216186900,0,0,0
pg2204,20220218,20220218,133354500,13:33:55,5665,54784,51042,6216186900,0,0,0
pg2204,20220218,20220218,133355000,13:33:56,5665,54785,51041,6216300200,1,-1,113300
pg2204,20220218,20220218,133355500,13:33:56,5664,54787,51041,6216526780,2,0,226580
pg2204,20220218,20220218,133356000,13:33:57,5664,54787,51041,6216526780,0,0,0
pg2204,20220218,20220218,133356500,13:33:57,5664,54787,51041,6216526780,0,0,0
pg2204,20220218,20220218,133357000,13:33:58,5665,54789,51040,6216753380,2,-1,226600
pg2204,20220218,20220218,133357500,13:33:58,5664,54790,51040,6216866660,1,0,113280
pg2204,20220218,20220218,133358000,13:33:58,5663,54806,51033,6218678820,16,-7,1812160
pg2204,20220218,20220218,133358500,13:33:59,5664,54807,51032,6218792100,1,-1,113280
pg2204,20220218,20220218,133359000,13:33:59,5662,54822,51034,6220490800,15,2,1698700
pg2204,20220218,20220218,133359500,13:33:59,5661,54838,51035,6222302320,16,1,1811520
pg2204,20220218,20220218,133400000,13:34:00,5660,54843,51036,6222868380,5,1,566060
pg2204,20220218,20220218,133400500,13:34:00,5660,54845,51035,6223094800,2,-1,226420
pg2204,20220218,20220218,133401000,13:34:02,5660,54845,51035,6223094800,0,0,0
pg2204,20220218,20220218,133401500,13:34:02,5660,54845,51035,6223094800,0,0,0
pg2204,20220218,20220218,133402000,13:34:10,5660,54845,51035,6223094800,0,0,0
pg2204,20220218,20220218,133402500,13:34:10,5660,54845,51035,6223094800,0,0,0
pg2204,20220218,20220218,133403000,13:34:11,5660,54845,51035,6223094800,0,0,0
pg2204,20220218,20220218,133410000,13:34:12,5660,54845,51035,6223094800,0,0,0
pg2204,20220218,20220218,133410500,13:34:12,5660,54845,51035,6223094800,0,0,0
pg2204,20220218,20220218,133411500,13:34:12,5661,54885,51029,6227623460,40,-6,4528660
pg2204,20220218,20220218,133412500,13:34:13,5661,54885,51029,6227623460,0,0,0
pg2204,20220218,20220218,133413000,13:34:13,5661,54885,51029,6227623460,0,0,0
pg2204,20220218,20220218,133414000,13:34:14,5661,54885,51029,6227623460,0,0,0
pg2204,20220218,20220218,133414500,13:34:15,5662,54886,51030,6227736700,1,1,113240
pg2204,20220218,20220218,133415000,13:34:15,5662,54908,51039,6230227980,22,9,2491280
pg2204,20220218,20220218,133415500,13:34:16,5662,54922,51049,6231813340,14,10,1585360
pg2204,20220218,20220218,133416000,13:34:16,5662,54923,51049,6231926580,1,0,113240
pg2204,20220218,20220218,133416500,13:34:17,5661,54925,51051,6232153020,2,2,226440
pg2204,20220218,20220218,133417000,13:34:17,5661,54925,51051,6232153020,0,0,0
pg2204,20220218,20220218,133417500,13:34:17,5661,54925,51051,6232153020,0,0,0
pg2204,20220218,20220218,133418000,13:34:18,5662,54932,51051,6232945700,7,0,792680
pg2204,20220218,20220218,133418500,13:34:19,5663,54982,51071,6238607900,50,20,5662200
pg2204,20220218,20220218,133419000,13:34:19,5663,54982,51071,6238607900,0,0,0
pg2204,20220218,20220218,133419500,13:34:20,5663,54982,51071,6238607900,0,0,0
pg2204,20220218,20220218,133420000,13:34:20,5663,54982,51071,6238607900,0,0,0
pg2204,20220218,20220218,133423000,13:34:24,5663,54982,51071,6238607900,0,0,0
pg2204,20220218,20220218,133423500,13:34:24,5663,54982,51071,6238607900,0,0,0
pg2204,20220218,20220218,133424000,13:34:24,5663,54982,51071,6238607900,0,0,0
pg2204,20220218,20220218,133426500,13:34:26,5663,54982,51071,6238607900,0,0,0
pg2204,20220218,20220218,133427000,13:34:27,5663,54988,51072,6239287560,6,1,679660
pg2204,20220218,20220218,133427500,13:34:27,5665,54989,51073,6239400860,1,1,113300
pg2204,20220218,20220218,133428500,13:34:29,5665,54989,51073,6239400860,0,0,0
pg2204,20220218,20220218,133429500,13:34:29,5665,54989,51073,6239400860,0,0,0
pg2204,20220218,20220218,133430500,13:34:30,5665,54989,51073,6239400860,0,0,0
pg2204,20220218,20220218,133431000,13:34:31,5665,54991,51075,6239627460,2,2,226600
pg2204,20220218,20220218,133431500,13:34:31,5665,54993,51076,6239854060,2,1,226600
pg2204,20220218,20220218,133432500,13:34:32,5665,54994,51077,6239967360,1,1,113300
pg2204,20220218,20220218,133433000,13:34:33,5666,54999,51074,6240533940,5,-3,566580
pg2204,20220218,20220218,133433500,13:34:34,5666,54999,51074,6240533940,0,0,0
pg2204,20220218,20220218,133434000,13:34:34,5665,55000,51073,6240647240,1,-1,113300
pg2204,20220218,20220218,133434500,13:34:35,5664,55001,51074,6240760520,1,1,113280
pg2204,20220218,20220218,133435000,13:34:35,5664,55001,51074,6240760520,0,0,0
pg2204,20220218,20220218,133436000,13:34:36,5664,55001,51074,6240760520,0,0,0
pg2204,20220218,20220218,133438500,13:34:39,5664,55001,51074,6240760520,0,0,0
pg2204,20220218,20220218,133440500,13:34:41,5663,55054,51070,6246763820,53,-4,6003300
pg2204,20220218,20220218,133441000,13:34:41,5663,55065,51068,6248009660,11,-2,1245840
pg2204,20220218,20220218,133441500,13:34:43,5663,55067,51066,6248236180,2,-2,226520
pg2204,20220218,20220218,133442000,13:34:44,5663,55070,51069,6248575960,3,3,339780
pg2204,20220218,20220218,133443000,13:34:45,5663,55070,51069,6248575960,0,0,0
pg2204,20220218,20220218,133443500,13:34:45,5663,55070,51069,6248575960,0,0,0
pg2204,20220218,20220218,133444500,13:34:46,5663,55070,51069,6248575960,0,0,0
pg2204,20220218,20220218,133445500,13:34:46,5663,55070,51069,6248575960,0,0,0
pg2204,20220218,20220218,133446500,13:34:47,5663,55070,51069,6248575960,0,0,0
pg2204,20220218,20220218,133447500,13:34:47,5663,55070,51069,6248575960,0,0,0
pg2204,20220218,20220218,133448000,13:34:48,5663,55071,51069,6248689220,1,0,113260
pg2204,20220218,20220218,133448500,13:34:49,5664,55076,51072,6249255460,5,3,566240
pg2204,20220218,20220218,133449000,13:34:49,5664,55076,51072,6249255460,0,0,0
pg2204,20220218,20220218,133449500,13:34:49,5663,55078,51072,6249481980,2,0,226520
pg2204,20220218,20220218,133450000,13:34:51,5663,55078,51072,6249481980,0,0,0
pg2204,20220218,20220218,133450500,13:34:51,5662,55080,51071,6249708460,2,-1,226480
pg2204,20220218,20220218,133451000,13:34:51,5662,55080,51071,6249708460,0,0,0
pg2204,20220218,20220218,133451500,13:34:52,5663,55083,51071,6250048240,3,0,339780
pg2204,20220218,20220218,133452500,13:34:53,5663,55085,51072,6250274760,2,1,226520
pg2204,20220218,20220218,133453000,13:34:53,5663,55085,51072,6250274760,0,0,0
pg2204,20220218,20220218,133453500,13:34:56,5664,55089,51072,6250727880,4,0,453120
pg2204,20220218,20220218,133454000,13:34:56,5664,55089,51072,6250727880,0,0,0
pg2204,20220218,20220218,133456000,13:34:57,5664,55089,51072,6250727880,0,0,0
pg2204,20220218,20220218,133458000,13:34:58,5664,55092,51074,6251067720,3,2,339840
pg2204,20220218,20220218,133459500,13:35:00,5664,55092,51074,6251067720,0,0,0
pg2204,20220218,20220218,133500000,13:35:00,5663,55096,51073,6251520720,4,-1,453000
pg2204,20220218,20220218,133500500,13:35:00,5663,55096,51073,6251520720,0,0,0
pg2204,20220218,20220218,133501000,13:35:04,5663,55096,51073,6251520720,0,0,0
pg2204,20220218,20220218,133501500,13:35:05,5663,55096,51073,6251520720,0,0,0
pg2204,20220218,20220218,133502000,13:35:10,5663,55096,51073,6251520720,0,0,0
pg2204,20220218,20220218,133504500,13:35:10,5663,55096,51073,6251520720,0,0,0
pg2204,20220218,20220218,133509000,13:35:11,5664,55152,51093,6257863960,56,20,6343240
pg2204,20220218,20220218,133510500,13:35:11,5664,55153,51094,6257977240,1,1,113280
pg2204,20220218,20220218,133511000,13:35:11,5664,55153,51094,6257977240,0,0,0
pg2204,20220218,20220218,133511500,13:35:12,5664,55153,51094,6257977240,0,0,0
pg2204,20220218,20220218,133512000,13:35:13,5664,55195,51111,6262735000,42,17,4757760
pg2204,20220218,20220218,133512500,13:35:13,5665,55210,51102,6264434360,15,-9,1699360
pg2204,20220218,20220218,133513000,13:35:13,5666,55216,51101,6265114280,6,-1,679920
pg2204,20220218,20220218,133513500,13:35:14,5666,55216,51101,6265114280,0,0,0
pg2204,20220218,20220218,133514000,13:35:14,5666,55216,51101,6265114280,0,0,0
pg2204,20220218,20220218,133514500,13:35:15,5667,55219,51103,6265454300,3,2,340020
pg2204,20220218,20220218,133515000,13:35:15,5667,55222,51105,6265794360,3,2,340060
pg2204,20220218,20220218,133515500,13:35:16,5668,55224,51107,6266021080,2,2,226720
pg2204,20220218,20220218,133516000,13:35:16,5668,55224,51107,6266021080,0,0,0
pg2204,20220218,20220218,133516500,13:35:17,5668,55224,51107,6266021080,0,0,0
pg2204,20220218,20220218,133517000,13:35:17,5668,55224,51107,6266021080,0,0,0
pg2204,20220218,20220218,133517500,13:35:18,5669,55227,51109,6266361220,3,2,340140
pg2204,20220218,20220218,133518000,13:35:19,5669,55230,51109,6266701360,3,0,340140
pg2204,20220218,20220218,133518500,13:35:19,5669,55231,51109,6266814740,1,0,113380
pg2204,20220218,20220218,133519000,13:35:19,5669,55231,51109,6266814740,0,0,0
pg2204,20220218,20220218,133519500,13:35:20,5670,55232,51109,6266928140,1,0,113400
pg2204,20220218,20220218,133520000,13:35:20,5670,55238,51107,6267608460,6,-2,680320
pg2204,20220218,20220218,133521000,13:35:21,5670,55238,51107,6267608460,0,0,0
pg2204,20220218,20220218,133521500,13:35:22,5670,55238,51107,6267608460,0,0,0
pg2204,20220218,20220218,133522000,13:35:22,5670,55239,51108,6267721860,1,1,113400
pg2204,20220218,20220218,133522500,13:35:23,5671,55241,51109,6267948680,2,1,226820
pg2204,20220218,20220218,133523000,13:35:23,5671,55243,51110,6268175520,2,1,226840
pg2204,20220218,20220218,133523500,13:35:23,5670,55244,51111,6268288920,1,1,113400
pg2204,20220218,20220218,133524000,13:35:25,5670,55249,51116,6268856000,5,5,567080
pg2204,20220218,20220218,133524500,13:35:25,5671,55251,51118,6269082840,2,2,226840
pg2204,20220218,20220218,133525000,13:35:26,5671,55251,51118,6269082840,0,0,0
pg2204,20220218,20220218,133525500,13:35:26,5672,55252,51119,6269196280,1,1,113440
pg2204,20220218,20220218,133526000,13:35:26,5672,55255,51121,6269536600,3,2,340320
pg2204,20220218,20220218,133526500,13:35:27,5672,55259,51123,6269990360,4,2,453760
pg2204,20220218,20220218,133527000,13:35:31,5672,55270,51134,6271238200,11,11,1247840
pg2204,20220218,20220218,133527500,13:35:31,5672,55270,51134,6271238200,0,0,0
pg2204,20220218,20220218,133528000,13:35:32,5672,55270,51134,6271238200,0,0,0
pg2204,20220218,20220218,133531000,13:35:33,5674,55299,51144,6274528620,29,10,3290420
pg2204,20220218,20220218,133531500,13:35:42,5674,55299,51144,6274528620,0,0,0
pg2204,20220218,20220218,133532000,13:35:42,5674,55299,51144,6274528620,0,0,0
pg2204,20220218,20220218,133540500,13:35:43,5681,55429,51118,6289288940,130,-26,14760320
pg2204,20220218,20220218,133542000,13:35:44,5682,55454,51118,6292129480,25,0,2840540
pg2204,20220218,20220218,133542500,13:35:44,5683,55458,51117,6292584080,4,-1,454600
pg2204,20220218,20220218,133543500,13:35:44,5683,55473,51122,6294288800,15,5,1704720
pg2204,20220218,20220218,133544000,13:35:44,5683,55473,51122,6294288800,0,0,0
pg2204,20220218,20220218,133544500,13:35:45,5682,55476,51124,6294629720,3,2,340920
pg2204,20220218,20220218,133545000,13:35:46,5683,55479,51126,6294970680,3,2,340960
pg2204,20220218,20220218,133545500,13:35:46,5682,55483,51125,6295425280,4,-1,454600
pg2204,20220218,20220218,133546000,13:35:46,5683,55502,51131,6297584460,19,6,2159180
pg2204,20220218,20220218,133546500,13:35:46,5683,55502,51131,6297584460,0,0,0
pg2204,20220218,20220218,133547000,13:35:47,5683,55514,51134,6298948300,12,3,1363840
pg2204,20220218,20220218,133547500,13:35:48,5683,55514,51134,6298948300,0,0,0
pg2204,20220218,20220218,133548000,13:35:48,5682,55525,51132,6300198340,11,-2,1250040
pg2204,20220218,20220218,133548500,13:35:48,5682,55528,51132,6300539260,3,0,340920
pg2204,20220218,20220218,133549000,13:35:49,5683,55532,51135,6300993880,4,3,454620
pg2204,20220218,20220218,133549500,13:35:49,5682,55538,51134,6301675800,6,-1,681920
pg2204,20220218,20220218,133550000,13:35:50,5682,55538,51134,6301675800,0,0,0
pg2204,20220218,20220218,133550500,13:35:51,5683,55540,51134,6301903120,2,0,227320
pg2204,20220218,20220218,133551000,13:35:51,5682,55550,51138,6303039760,10,4,1136640
pg2204,20220218,20220218,133551500,13:35:52,5684,55551,51139,6303153440,1,1,113680
pg2204,20220218,20220218,133552000,13:35:52,5684,55564,51141,6304631280,13,2,1477840
pg2204,20220218,20220218,133552500,13:35:53,5684,55564,51141,6304631280,0,0,0
pg2204,20220218,20220218,133553000,13:35:53,5684,55566,51142,6304858640,2,1,227360
pg2204,20220218,20220218,133553500,13:35:55,5684,55567,51143,6304972320,1,1,113680
pg2204,20220218,20220218,133554000,13:35:55,5684,55571,51143,6305427040,4,0,454720
pg2204,20220218,20220218,133554500,13:35:56,5684,55603,51139,6309065360,32,-4,3638320
pg2204,20220218,20220218,133555000,13:35:56,5683,55613,51144,6310202240,10,5,1136880
pg2204,20220218,20220218,133555500,13:35:56,5685,55616,51143,6310543340,3,-1,341100
pg2204,20220218,20220218,133556000,13:35:56,5686,55623,51143,6311339220,7,0,795880
pg2204,20220218,20220218,133556500,13:35:57,5686,55628,51141,6311907780,5,-2,568560
pg2204,20220218,20220218,133557000,13:35:59,5684,55635,51142,6312703720,7,1,795940
pg2204,20220218,20220218,133557500,13:35:59,5684,55636,51142,6312817400,1,0,113680
pg2204,20220218,20220218,133558000,13:36:01,5685,55637,51142,6312931100,1,0,113700
pg2204,20220218,20220218,133558500,13:36:03,5684,55642,51143,6313499620,5,1,568520
pg2204,20220218,20220218,133559500,13:36:03,5687,55654,51140,6314864320,12,-3,1364700
pg2204,20220218,20220218,133600000,13:36:03,5687,55667,51144,6316342880,13,4,1478560
pg2204,20220218,20220218,133601500,13:36:03,5687,55680,51149,6317821160,13,5,1478280
pg2204,20220218,20220218,133602500,13:36:04,5689,55697,51152,6319755140,17,3,1933980
pg2204,20220218,20220218,133603000,13:36:05,5688,55715,51153,6321802840,18,1,2047700
pg2204,20220218,20220218,133603500,13:36:05,5688,55716,51154,6321916600,1,1,113760
pg2204,20220218,20220218,133604000,13:36:06,5688,55719,51157,6322257900,3,3,341300
pg2204,20220218,20220218,133605000,13:36:06,5689,55725,51157,6322940560,6,0,682660
pg2204,20220218,20220218,133605500,13:36:07,5689,55725,51157,6322940560,0,0,0
pg2204,20220218,20220218,133606000,13:36:07,5689,55730,51152,6323509460,5,-5,568900
pg2204,20220218,20220218,133606500,13:36:07,5688,55735,51151,6324078320,5,-1,568860
pg2204,20220218,20220218,133607000,13:36:08,5689,55736,51152,6324192100,1,1,113780
pg2204,20220218,20220218,133607500,13:36:08,5689,55739,51154,6324533440,3,2,341340
pg2204,20220218,20220218,133608000,13:36:08,5688,55740,51155,6324647200,1,1,113760
pg2204,20220218,20220218,133608500,13:36:09,5688,55740,51155,6324647200,0,0,0
pg2204,20220218,20220218,133609000,13:36:09,5689,55752,51163,6326012760,12,8,1365560
pg2204,20220218,20220218,133609500,13:36:10,5689,55752,51163,6326012760,0,0,0
pg2204,20220218,20220218,133610000,13:36:11,5691,55755,51165,6326354180,3,2,341420
pg2204,20220218,20220218,133610500,13:36:11,5692,55763,51163,6327264900,8,-2,910720
pg2204,20220218,20220218,133611000,13:36:11,5693,55765,51165,6327492620,2,2,227720
pg2204,20220218,20220218,133611500,13:36:12,5692,55766,51164,6327606460,1,-1,113840
pg2204,20220218,20220218,133612000,13:36:12,5692,55773,51168,6328403460,7,4,797000
pg2204,20220218,20220218,133612500,13:36:12,5692,55773,51168,6328403460,0,0,0
pg2204,20220218,20220218,133613000,13:36:13,5694,55785,51159,6329770020,12,-9,1366560
pg2204,20220218,20220218,133613500,13:36:14,5696,55796,51167,6331022980,11,8,1252960
pg2204,20220218,20220218,133614000,13:36:14,5698,55814,51163,6333073860,18,-4,2050880
pg2204,20220218,20220218,133614500,13:36:14,5697,55816,51161,6333301740,2,-2,227880
pg2204,20220218,20220218,133615000,13:36:15,5698,55820,51162,6333757580,4,1,455840
pg2204,20220218,20220218,133615500,13:36:15,5698,55822,51162,6333985500,2,0,227920
pg2204,20220218,20220218,133616000,13:36:16,5699,55824,51162,6334213440,2,0,227940
pg2204,20220218,20220218,133616500,13:36:17,5699,55831,51161,6335011220,7,-1,797780
pg2204,20220218,20220218,133617000,13:36:19,5699,55831,51161,6335011220,0,0,0
pg2204,20220218,20220218,133617500,13:36:19,5699,55849,51157,6337062660,18,-4,2051440
pg2204,20220218,20220218,133618000,13:36:19,5699,55851,51156,6337290620,2,-1,227960
pg2204,20220218,20220218,133618500,13:36:19,5699,55860,51153,6338316380,9,-3,1025760
pg2204,20220218,20220218,133619000,13:36:19,5699,55868,51151,6339228200,8,-2,911820
pg2204,20220218,20220218,133619500,13:36:19,5699,55868,51151,6339228200,0,0,0
pg2204,20220218,20220218,133620000,13:36:20,5696,55886,51152,6341278820,18,1,2050620
pg2204,20220218,20220218,133620500,13:36:20,5695,55900,51149,6342873640,14,-3,1594820
pg2204,20220218,20220218,133621000,13:36:21,5696,55903,51150,6343215400,3,1,341760
pg2204,20220218,20220218,133621500,13:36:21,5696,55904,51150,6343329320,1,0,113920
pg2204,20220218,20220218,133622000,13:36:22,5695,55914,51150,6344468340,10,0,1139020
pg2204,20220218,20220218,133622500,13:36:22,5695,55942,51177,6347657540,28,27,3189200
pg2204,20220218,20220218,133623000,13:36:23,5696,55945,51177,6347999280,3,0,341740
pg2204,20220218,20220218,133623500,13:36:23,5697,55950,51180,6348568940,5,3,569660
pg2204,20220218,20220218,133624000,13:36:24,5696,55951,51181,6348682860,1,1,113920
pg2204,20220218,20220218,133624500,13:36:24,5696,55951,51181,6348682860,0,0,0
pg2204,20220218,20220218,133625000,13:36:25,5695,55952,51181,6348796760,1,0,113900
pg2204,20220218,20220218,133625500,13:36:26,5695,55953,51182,6348910660,1,1,113900
pg2204,20220218,20220218,133626000,13:36:26,5695,55953,51182,6348910660,0,0,0
pg2204,20220218,20220218,133626500,13:36:27,5696,55954,51182,6349024580,1,0,113920
pg2204,20220218,20220218,133627000,13:36:28,5696,55960,51184,6349708100,6,2,683520
pg2204,20220218,20220218,133627500,13:36:28,5696,55961,51185,6349822020,1,1,113920
pg2204,20220218,20220218,133628000,13:36:28,5697,55964,51185,6350163820,3,0,341800
pg2204,20220218,20220218,133628500,13:36:29,5696,55965,51185,6350277740,1,0,113920
pg2204,20220218,20220218,133629000,13:36:30,5696,55971,51186,6350961360,6,1,683620
pg2204,20220218,20220218,133629500,13:36:30,5696,55971,51186,6350961360,0,0,0
pg2204,20220218,20220218,133630000,13:36:30,5696,55972,51186,6351075280,1,0,113920
pg2204,20220218,20220218,133630500,13:36:31,5696,55975,51185,6351417040,3,-1,341760
pg2204,20220218,20220218,133631000,13:36:31,5697,55976,51186,6351530980,1,1,113940
pg2204,20220218,20220218,133631500,13:36:31,5698,55999,51200,6354151920,23,14,2620940
pg2204,20220218,20220218,133632000,13:36:32,5699,56013,51205,6355747600,14,5,1595680
pg2204,20220218,20220218,133632500,13:36:33,5699,56045,51227,6359395520,32,22,3647920
pg2204,20220218,20220218,133633000,13:36:33,5701,56053,51234,6360307540,8,7,912020
pg2204,20220218,20220218,133633500,13:36:34,5700,56059,51235,6360991540,6,1,684000
pg2204,20220218,20220218,133634000,13:36:34,5701,56065,51236,6361675680,6,1,684140
pg2204,20220218,20220218,133634500,13:36:35,5702,56069,51234,6362131840,4,-2,456160
pg2204,20220218,20220218,133635000,13:36:36,5703,56079,51238,6363272460,10,4,1140620
pg2204,20220218,20220218,133635500,13:36:36,5703,56080,51239,6363386520,1,1,114060
pg2204,20220218,20220218,133636000,13:36:36,5703,56081,51240,6363500580,1,1,114060
pg2204,20220218,20220218,133636500,13:36:36,5703,56082,51240,6363614640,1,0,114060
pg2204,20220218,20220218,133637000,13:36:38,5705,56085,51243,6363956900,3,3,342260
pg2204,20220218,20220218,133637500,13:36:38,5705,56097,51253,6365326060,12,10,1369160
pg2204,20220218,20220218,133638000,13:36:38,5705,56097,51253,6365326060,0,0,0
pg2204,20220218,20220218,133638500,13:36:39,5705,56102,51258,6365896640,5,5,570580
pg2204,20220218,20220218,133639000,13:36:39,5707,56105,51260,6366239040,3,2,342400
pg2204,20220218,20220218,133639500,13:36:39,5707,56110,51265,6366809800,5,5,570760
pg2204,20220218,20220218,133640000,13:36:40,5706,56113,51268,6367152180,3,3,342380
pg2204,20220218,20220218,133640500,13:36:40,5707,56116,51269,6367494620,3,1,342440
pg2204,20220218,20220218,133641000,13:36:41,5708,56122,51273,6368179500,6,4,684880
pg2204,20220218,20220218,133641500,13:36:42,5707,56129,51270,6368978500,7,-3,799000
pg2204,20220218,20220218,133642000,13:36:42,5707,56133,51268,6369435060,4,-2,456560
pg2204,20220218,20220218,133642500,13:36:43,5707,56140,51270,6370234040,7,2,798980
pg2204,20220218,20220218,133643000,13:36:43,5706,56146,51273,6370918820,6,3,684780
pg2204,20220218,20220218,133643500,13:36:44,5706,56154,51271,6371831640,8,-2,912820
pg2204,20220218,20220218,133644000,13:36:44,5706,56155,51270,6371945760,1,-1,114120
pg2204,20220218,20220218,133644500,13:36:44,5706,56155,51270,6371945760,0,0,0
pg2204,20220218,20220218,133645000,13:36:45,5704,56161,51273,6372630300,6,3,684540
pg2204,20220218,20220218,133645500,13:36:46,5704,56162,51274,6372744380,1,1,114080
pg2204,20220218,20220218,133646000,13:36:46,5703,56165,51272,6373086560,3,-2,342180
pg2204,20220218,20220218,133646500,13:36:46,5703,56170,51273,6373656860,5,1,570300
pg2204,20220218,20220218,133647000,13:36:47,5704,56176,51273,6374341260,6,0,684400
pg2204,20220218,20220218,133647500,13:36:48,5704,56179,51273,6374683500,3,0,342240
pg2204,20220218,20220218,133648000,13:36:48,5702,56180,51272,6374797540,1,-1,114040
pg2204,20220218,20220218,133648500,13:36:48,5704,56185,51271,6375367860,5,-1,570320
pg2204,20220218,20220218,133649000,13:36:49,5703,56186,51272,6375481920,1,1,114060
pg2204,20220218,20220218,133649500,13:36:49,5704,56188,51273,6375710080,2,1,228160
pg2204,20220218,20220218,133650000,13:36:50,5703,56191,51275,6376052300,3,2,342220
pg2204,20220218,20220218,133650500,13:36:50,5702,56202,51274,6377306760,11,-1,1254460
pg2204,20220218,20220218,133651000,13:36:51,5702,56212,51271,6378447000,10,-3,1140240
pg2204,20220218,20220218,133651500,13:36:52,5702,56212,51271,6378447000,0,0,0
pg2204,20220218,20220218,133652000,13:36:52,5702,56212,51271,6378447000,0,0,0
pg2204,20220218,20220218,133652500,13:36:53,5700,56225,51269,6379929000,13,-2,1482000
pg2204,20220218,20220218,133653000,13:36:53,5699,56234,51262,6380954820,9,-7,1025820
pg2204,20220218,20220218,133653500,13:36:54,5700,56238,51261,6381410800,4,-1,455980
pg2204,20220218,20220218,133654000,13:36:54,5700,56249,51253,6382664780,11,-8,1253980
pg2204,20220218,20220218,133654500,13:36:54,5701,56250,51253,6382778800,1,0,114020
pg2204,20220218,20220218,133655000,13:36:55,5700,56251,51254,6382892800,1,1,114000
pg2204,20220218,20220218,133655500,13:36:56,5701,56253,51255,6383120840,2,1,228040
pg2204,20220218,20220218,133656000,13:36:56,5701,56255,51253,6383348880,2,-2,228040
pg2204,20220218,20220218,133656500,13:36:57,5700,56276,51258,6385742860,21,5,2393980
pg2204,20220218,20220218,133657000,13:36:58,5700,56277,51258,6385856860,1,0,114000
pg2204,20220218,20220218,133657500,13:36:58,5700,56277,51258,6385856860,0,0,0
pg2204,20220218,20220218,133658000,13:36:58,5700,56278,51259,6385970860,1,1,114000
pg2204,20220218,20220218,133659000,13:36:59,5700,56280,51261,6386198860,2,2,228000
pg2204,20220218,20220218,133659500,13:37:00,5700,56280,51261,6386198860,0,0,0
pg2204,20220218,20220218,133700000,13:37:00,5698,56281,51262,6386312820,1,1,113960
pg2204,20220218,20220218,133700500,13:37:00,5700,56283,51263,6386540780,2,1,227960
pg2204,20220218,20220218,133701000,13:37:01,5698,56288,51268,6387110620,5,5,569840
pg2204,20220218,20220218,133701500,13:37:02,5699,56291,51270,6387452520,3,2,341900
pg2204,20220218,20220218,133702500,13:37:03,5699,56292,51269,6387566500,1,-1,113980
pg2204,20220218,20220218,133703000,13:37:03,5699,56292,51269,6387566500,0,0,0
pg2204,20220218,20220218,133703500,13:37:03,5699,56296,51267,6388022380,4,-2,455880
pg2204,20220218,20220218,133704000,13:37:04,5698,56304,51273,6388934060,8,6,911680
pg2204,20220218,20220218,133704500,13:37:05,5698,56305,51272,6389048020,1,-1,113960
pg2204,20220218,20220218,133705000,13:37:05,5697,56309,51270,6389503840,4,-2,455820
pg2204,20220218,20220218,133705500,13:37:08,5697,56312,51269,6389845660,3,-1,341820
pg2204,20220218,20220218,133706000,13:37:08,5696,56318,51272,6390529200,6,3,683540
pg2204,20220218,20220218,133706500,13:37:08,5697,56320,51272,6390757060,2,0,227860
pg2204,20220218,20220218,133707500,13:37:08,5697,56320,51272,6390757060,0,0,0
pg2204,20220218,20220218,133708000,13:37:08,5698,56339,51264,6392922200,19,-8,2165140
pg2204,20220218,20220218,133708500,13:37:08,5699,56340,51263,6393036180,1,-1,113980
pg2204,20220218,20220218,133709000,13:37:09,5697,56375,51270,6397024240,35,7,3988060
pg2204,20220218,20220218,133709500,13:37:11,5696,56376,51270,6397138160,1,0,113920
pg2204,20220218,20220218,133710000,13:37:11,5696,56376,51270,6397138160,0,0,0
pg2204,20220218,20220218,133710500,13:37:11,5695,56380,51270,6397593760,4,0,455600
pg2204,20220218,20220218,133711000,13:37:12,5696,56383,51268,6397935520,3,-2,341760
pg2204,20220218,20220218,133711500,13:37:13,5696,56388,51267,6398505120,5,-1,569600
pg2204,20220218,20220218,133712000,13:37:13,5696,56394,51270,6399188640,6,3,683520
pg2204,20220218,20220218,133712500,13:37:13,5696,56394,51270,6399188640,0,0,0
pg2204,20220218,20220218,133713000,13:37:14,5696,56395,51270,6399302560,1,0,113920
pg2204,20220218,20220218,133713500,13:37:14,5696,56395,51270,6399302560,0,0,0
pg2204,20220218,20220218,133714000,13:37:14,5697,56397,51270,6399530440,2,0,227880
pg2204,20220218,20220218,133714500,13:37:15,5696,56456,51298,6406253000,59,28,6722560
pg2204,20220218,20220218,133715000,13:37:15,5697,56462,51301,6406936740,6,3,683740
pg2204,20220218,20220218,133715500,13:37:16,5699,56465,51298,6407278680,3,-3,341940
pg2204,20220218,20220218,133716000,13:37:16,5699,56465,51298,6407278680,0,0,0
pg2204,20220218,20220218,133717000,13:37:18,5699,56465,51298,6407278680,0,0,0
pg2204,20220218,20220218,133718000,13:37:19,5700,56466,51298,6407392680,1,0,114000
pg2204,20220218,20220218,133718500,13:37:19,5698,56468,51298,6407620600,2,0,227920
pg2204,20220218,20220218,133719000,13:37:19,5698,56468,51298,6407620600,0,0,0
pg2204,20220218,20220218,133719500,13:37:20,5698,56469,51298,6407734560,1,0,113960
pg2204,20220218,20220218,133720000,13:37:21,5700,56470,51299,6407848560,1,1,114000
pg2204,20220218,20220218,133720500,13:37:21,5700,56470,51299,6407848560,0,0,0
pg2204,20220218,20220218,133721000,13:37:21,5698,56472,51299,6408076480,2,0,227920
pg2204,20220218,20220218,133722000,13:37:22,5699,56473,51299,6408190460,1,0,113980
pg2204,20220218,20220218,133722500,13:37:22,5698,56477,51298,6408646300,4,-1,455840
pg2204,20220218,20220218,133723000,13:37:23,5698,56478,51298,6408760260,1,0,113960
pg2204,20220218,20220218,133723500,13:37:23,5698,56480,51299,6408988180,2,1,227920
pg2204,20220218,20220218,133724000,13:37:24,5699,56481,51300,6409102160,1,1,113980
pg2204,20220218,20220218,133724500,13:37:25,5699,56482,51300,6409216140,1,0,113980
pg2204,20220218,20220218,133725000,13:37:25,5699,56482,51300,6409216140,0,0,0
pg2204,20220218,20220218,133725500,13:37:26,5699,56482,51300,6409216140,0,0,0
pg2204,20220218,20220218,133726000,13:37:26,5699,56482,51300,6409216140,0,0,0
pg2204,20220218,20220218,133726500,13:37:27,5699,56482,51300,6409216140,0,0,0
pg2204,20220218,20220218,133727500,13:37:27,5699,56482,51300,6409216140,0,0,0
pg2204,20220218,20220218,133728000,13:37:28,5700,56484,51300,6409444140,2,0,228000
pg2204,20220218,20220218,133729000,13:37:29,5700,56491,51305,6410242140,7,5,798000
pg2204,20220218,20220218,133729500,13:37:30,5700,56502,51305,6411496140,11,0,1254000
pg2204,20220218,20220218,133730000,13:37:30,5701,56504,51305,6411724180,2,0,228040
pg2204,20220218,20220218,133730500,13:37:31,5700,56505,51306,6411838180,1,1,114000
pg2204,20220218,20220218,133731000,13:37:31,5699,56506,51307,6411952160,1,1,113980
pg2204,20220218,20220218,133731500,13:37:31,5702,56513,51310,6412750440,7,3,798280
pg2204,20220218,20220218,133732000,13:37:32,5703,56516,51311,6413092600,3,1,342160
pg2204,20220218,20220218,133732500,13:37:33,5703,56516,51311,6413092600,0,0,0
pg2204,20220218,20220218,133733000,13:37:33,5703,56516,51311,6413092600,0,0,0
pg2204,20220218,20220218,133733500,13:37:33,5702,56517,51312,6413206640,1,1,114040
pg2204,20220218,20220218,133734000,13:37:34,5705,56556,51312,6417656320,39,0,4449680
pg2204,20220218,20220218,133734500,13:37:34,5705,56557,51312,6417770420,1,0,114100
pg2204,20220218,20220218,133735000,13:37:35,5704,56560,51310,6418112740,3,-2,342320
pg2204,20220218,20220218,133735500,13:37:36,5706,56563,51311,6418455040,3,1,342300
pg2204,20220218,20220218,133736000,13:37:36,5706,56567,51312,6418911520,4,1,456480
pg2204,20220218,20220218,133736500,13:37:37,5706,56569,51312,6419139740,2,0,228220
pg2204,20220218,20220218,133737000,13:37:37,5706,56570,51313,6419253860,1,1,114120
pg2204,20220218,20220218,133737500,13:37:37,5706,56576,51314,6419938660,6,1,684800
pg2204,20220218,20220218,133738000,13:37:38,5706,56579,51317,6420281020,3,3,342360
pg2204,20220218,20220218,133738500,13:37:39,5707,56581,51315,6420509300,2,-2,228280
pg2204,20220218,20220218,133739000,13:37:39,5708,56589,51311,6421422560,8,-4,913260
pg2204,20220218,20220218,133739500,13:37:39,5709,56595,51310,6422107560,6,-1,685000
pg2204,20220218,20220218,133740000,13:37:40,5708,56598,51310,6422450080,3,0,342520
pg2204,20220218,20220218,133740500,13:37:40,5709,56601,51309,6422792620,3,-1,342540
pg2204,20220218,20220218,133741000,13:37:41,5710,56603,51308,6423021000,2,-1,228380
pg2204,20220218,20220218,133741500,13:37:42,5712,56650,51310,6428388780,47,2,5367780
pg2204,20220218,20220218,133742000,13:37:42,5711,56662,51304,6429759640,12,-6,1370860
pg2204,20220218,20220218,133742500,13:37:43,5712,56673,51304,6431016440,11,0,1256800
pg2204,20220218,20220218,133743000,13:37:44,5711,56675,51303,6431244900,2,-1,228460
pg2204,20220218,20220218,133743500,13:37:44,5712,56678,51305,6431587600,3,2,342700
pg2204,20220218,20220218,133744000,13:37:45,5711,56679,51305,6431701820,1,0,114220
pg2204,20220218,20220218,133744500,13:37:45,5711,56682,51306,6432044480,3,1,342660
pg2204,20220218,20220218,133745000,13:37:45,5712,56683,51306,6432158720,1,0,114240
pg2204,20220218,20220218,133745500,13:37:45,5712,56684,51306,6432272960,1,0,114240
pg2204,20220218,20220218,133746000,13:37:46,5711,56687,51306,6432615620,3,0,342660
pg2204,20220218,20220218,133746500,13:37:47,5710,56704,51298,6434557020,17,-8,1941400
pg2204,20220218,20220218,133747000,13:37:47,5709,56706,51297,6434785400,2,-1,228380
pg2204,20220218,20220218,133747500,13:37:48,5710,56707,51296,6434899600,1,-1,114200
pg2204,20220218,20220218,133748000,13:37:48,5709,56716,51295,6435927420,9,-1,1027820
pg2204,20220218,20220218,133748500,13:37:48,5709,56719,51295,6436269960,3,0,342540
pg2204,20220218,20220218,133749000,13:37:49,5709,56719,51295,6436269960,0,0,0
pg2204,20220218,20220218,133749500,13:37:49,5710,56722,51295,6436612520,3,0,342560
pg2204,20220218,20220218,133750000,13:37:50,5710,56724,51293,6436840920,2,-2,228400
pg2204,20220218,20220218,133750500,13:37:51,5708,56729,51290,6437411760,5,-3,570840
pg2204,20220218,20220218,133751000,13:37:51,5708,56732,51290,6437754240,3,0,342480
pg2204,20220218,20220218,133751500,13:37:53,5708,56732,51290,6437754240,0,0,0
pg2204,20220218,20220218,133752000,13:37:53,5708,56732,51290,6437754240,0,0,0
pg2204,20220218,20220218,133752500,13:37:54,5708,56734,51290,6437982560,2,0,228320
pg2204,20220218,20220218,133753000,13:37:54,5708,56734,51290,6437982560,0,0,0
pg2204,20220218,20220218,133753500,13:37:55,5707,56736,51291,6438210840,2,1,228280
pg2204,20220218,20220218,133754000,13:37:55,5707,56739,51293,6438553260,3,2,342420
pg2204,20220218,20220218,133754500,13:37:55,5707,56742,51291,6438895680,3,-2,342420
pg2204,20220218,20220218,133755000,13:37:55,5707,56744,51290,6439123960,2,-1,228280
pg2204,20220218,20220218,133755500,13:37:55,5707,56747,51287,6439466380,3,-3,342420
pg2204,20220218,20220218,133756000,13:37:56,5707,56747,51287,6439466380,0,0,0
pg2204,20220218,20220218,133756500,13:37:57,5707,56747,51287,6439466380,0,0,0
pg2204,20220218,20220218,133757000,13:37:57,5707,56748,51287,6439580520,1,0,114140
pg2204,20220218,20220218,133758000,13:37:58,5706,56749,51288,6439694640,1,1,114120
pg2204,20220218,20220218,133758500,13:37:59,5707,56754,51292,6440265340,5,4,570700
pg2204,20220218,20220218,133759000,13:38:00,5708,56757,51291,6440607780,3,-1,342440
pg2204,20220218,20220218,133800000,13:38:02,5708,56758,51291,6440721940,1,0,114160
pg2204,20220218,20220218,133800500,13:38:02,5708,56759,51291,6440836100,1,0,114160
pg2204,20220218,20220218,133801000,13:38:03,5708,56761,51289,6441064420,2,-2,228320
pg2204,20220218,20220218,133802000,13:38:04,5708,56761,51289,6441064420,0,0,0
pg2204,20220218,20220218,133802500,13:38:05,5709,56767,51290,6441749480,6,1,685060
pg2204,20220218,20220218,133803000,13:38:06,5710,56768,51291,6441863680,1,1,114200
pg2204,20220218,20220218,133805000,13:38:07,5710,56777,51294,6442891460,9,3,1027780
pg2204,20220218,20220218,133806000,13:38:09,5710,56779,51293,6443119860,2,-1,228400
pg2204,20220218,20220218,133806500,13:38:09,5710,56779,51293,6443119860,0,0,0
pg2204,20220218,20220218,133809000,13:38:09,5711,56818,51264,6447574420,39,-29,4454560
pg2204,20220218,20220218,133809500,13:38:10,5712,56825,51265,6448374020,7,1,799600
pg2204,20220218,20220218,133810000,13:38:10,5712,56825,51265,6448374020,0,0,0
pg2204,20220218,20220218,133810500,13:38:10,5711,56826,51264,6448488240,1,-1,114220
pg2204,20220218,20220218,133811500,13:38:14,5711,56827,51265,6448602460,1,1,114220
pg2204,20220218,20220218,133812000,13:38:14,5710,56832,51265,6449173460,5,0,571000
pg2204,20220218,20220218,133812500,13:38:14,5709,56837,51268,6449744400,5,3,570940
pg2204,20220218,20220218,133813500,13:38:15,5710,56840,51268,6450086960,3,0,342560
pg2204,20220218,20220218,133814000,13:38:17,5710,56841,51269,6450201160,1,1,114200
pg2204,20220218,20220218,133814500,13:38:17,5710,56842,51270,6450315360,1,1,114200
pg2204,20220218,20220218,133815000,13:38:17,5710,56842,51270,6450315360,0,0,0
pg2204,20220218,20220218,133817000,13:38:18,5710,56842,51270,6450315360,0,0,0
pg2204,20220218,20220218,133818000,13:38:18,5710,56842,51270,6450315360,0,0,0
pg2204,20220218,20220218,133818500,13:38:19,5710,56842,51270,6450315360,0,0,0
pg2204,20220218,20220218,133819000,13:38:19,5710,56842,51270,6450315360,0,0,0
pg2204,20220218,20220218,133819500,13:38:19,5710,56848,51271,6451000460,6,1,685100
pg2204,20220218,20220218,133820500,13:38:22,5710,56848,51271,6451000460,0,0,0
pg2204,20220218,20220218,133821000,13:38:22,5709,56850,51273,6451228820,2,2,228360
pg2204,20220218,20220218,133821500,13:38:23,5709,56851,51273,6451343000,1,0,114180
pg2204,20220218,20220218,133822000,13:38:23,5709,56851,51273,6451343000,0,0,0
pg2204,20220218,20220218,133822500,13:38:23,5709,56855,51277,6451799720,4,4,456720
pg2204,20220218,20220218,133823000,13:38:24,5709,56857,51279,6452028080,2,2,228360
pg2204,20220218,20220218,133823500,13:38:24,5709,56857,51279,6452028080,0,0,0
pg2204,20220218,20220218,133824000,13:38:24,5709,56857,51279,6452028080,0,0,0
pg2204,20220218,20220218,133825000,13:38:41,5709,56858,51280,6452142260,1,1,114180
pg2204,20220218,20220218,133825500,13:38:41,5708,56859,51281,6452256420,1,1,114160
pg2204,20220218,20220218,133840500,13:38:43,5708,56859,51281,6452256420,0,0,0
pg2204,20220218,20220218,133841000,13:38:43,5708,56859,51281,6452256420,0,0,0
pg2204,20220218,20220218,133843000,13:38:43,5706,56918,51277,6458992160,59,-4,6735740
pg2204,20220218,20220218,133843500,13:38:44,5706,56920,51277,6459220400,2,0,228240
pg2204,20220218,20220218,133844500,13:38:44,5706,56921,51278,6459334520,1,1,114120
pg2204,20220218,20220218,133845000,13:38:45,5706,56921,51278,6459334520,0,0,0
pg2204,20220218,20220218,133846000,13:38:46,5706,56922,51278,6459448640,1,0,114120
pg2204,20220218,20220218,133847500,13:38:47,5706,56922,51278,6459448640,0,0,0
pg2204,20220218,20220218,133850000,13:38:50,5707,56924,51278,6459676920,2,0,228280
pg2204,20220218,20220218,133851000,13:38:51,5707,56925,51278,6459791060,1,0,114140
pg2204,20220218,20220218,133853000,13:38:53,5707,56926,51279,6459905200,1,1,114140
pg2204,20220218,20220218,133856000,13:38:56,5707,56927,51279,6460019340,1,0,114140
pg2204,20220218,20220218,133856500,13:38:56,5707,56929,51280,6460247620,2,1,228280
pg2204,20220218,20220218,133859500,13:38:59,5708,56933,51284,6460704260,4,4,456640
pg2204,20220218,20220218,133901000,13:39:01,5708,56933,51284,6460704260,0,0,0
pg2204,20220218,20220218,133901500,13:39:01,5708,56934,51285,6460818420,1,1,114160
pg2204,20220218,20220218,133902000,13:39:02,5709,56936,51285,6461046780,2,0,228360
pg2204,20220218,20220218,133903500,13:39:03,5709,56936,51285,6461046780,0,0,0
pg2204,20220218,20220218,133907000,13:39:07,5709,56936,51285,6461046780,0,0,0
pg2204,20220218,20220218,133908500,13:39:08,5709,56936,51285,6461046780,0,0,0
pg2204,20220218,20220218,133909000,13:39:09,5709,56936,51285,6461046780,0,0,0
pg2204,20220218,20220218,133913000,13:39:13,5708,56937,51285,6461160940,1,0,114160
pg2204,20220218,20220218,133913500,13:39:13,5709,56940,51287,6461503480,3,2,342540
pg2204,20220218,20220218,133914000,13:39:15,5709,56946,51287,6462188580,6,0,685100
pg2204,20220218,20220218,133914500,13:39:16,5708,56980,51291,6466069440,34,4,3880860
pg2204,20220218,20220218,133918000,13:39:19,5708,57012,51299,6469722720,32,8,3653280
pg2204,20220218,20220218,133919000,13:39:19,5708,57013,51298,6469836880,1,-1,114160
pg2204,20220218,20220218,133919500,13:39:19,5709,57018,51297,6470407720,5,-1,570840
pg2204,20220218,20220218,133920500,13:39:20,5709,57023,51297,6470978620,5,0,570900
pg2204,20220218,20220218,133922000,13:39:22,5709,57039,51303,6472805440,16,6,1826820
pg2204,20220218,20220218,133923500,13:39:23,5709,57044,51306,6473376340,5,3,570900
pg2204,20220218,20220218,133924000,13:39:24,5706,57052,51310,6474289420,8,4,913080
pg2204,20220218,20220218,133925000,13:39:25,5709,57062,51316,6475430880,10,6,1141460
pg2204,20220218,20220218,133925500,13:39:26,5708,57074,51319,6476800960,12,3,1370080
pg2204,20220218,20220218,133927500,13:39:27,5707,57075,51319,6476915100,1,0,114140
pg2204,20220218,20220218,133928500,13:39:28,5708,57078,51319,6477257560,3,0,342460
pg2204,20220218,20220218,133930500,13:39:30,5708,57079,51319,6477371720,1,0,114160
pg2204,20220218,20220218,133935500,13:39:35,5707,57087,51324,6478284720,8,5,913000
pg2204,20220218,20220218,133936500,13:39:36,5707,57087,51324,6478284720,0,0,0
pg2204,20220218,20220218,133937500,13:39:37,5707,57087,51324,6478284720,0,0,0
pg2204,20220218,20220218,133938500,13:39:38,5706,57091,51323,6478741200,4,-1,456480
pg2204,20220218,20220218,133939500,13:39:39,5707,57093,51321,6478969480,2,-2,228280
pg2204,20220218,20220218,133940000,13:39:41,5707,57093,51321,6478969480,0,0,0
pg2204,20220218,20220218,133940500,13:39:41,5707,57093,51321,6478969480,0,0,0
pg2204,20220218,20220218,133943000,13:39:43,5707,57094,51321,6479083620,1,0,114140
pg2204,20220218,20220218,133944000,13:39:44,5706,57098,51320,6479540200,4,-1,456580
pg2204,20220218,20220218,133945000,13:39:45,5707,57111,51312,6481024020,13,-8,1483820
pg2204,20220218,20220218,133945500,13:39:46,5706,57126,51321,6482735960,15,9,1711940
pg2204,20220218,20220218,133946000,13:39:47,5706,57150,51329,6485474860,24,8,2738900
pg2204,20220218,20220218,133946500,13:39:47,5705,57151,51329,6485588960,1,0,114100
pg2204,20220218,20220218,133948500,13:39:48,5704,57182,51332,6489126040,31,3,3537080
pg2204,20220218,20220218,133949000,13:39:49,5705,57184,51332,6489354240,2,0,228200
pg2204,20220218,20220218,133949500,13:39:50,5704,57189,51331,6489924660,5,-1,570420
pg2204,20220218,20220218,133950000,13:39:50,5703,57193,51331,6490381020,4,0,456360
pg2204,20220218,20220218,133950500,13:39:50,5704,57195,51329,6490609180,2,-2,228160
pg2204,20220218,20220218,133951000,13:39:51,5704,57195,51329,6490609180,0,0,0
