pg2205,20220218,20220218,112003000,11:20:10,5383,9851,24156,1064166220,9851,407,1064166220
pg2205,20220218,20220218,112004500,11:20:10,5383,9851,24156,1064166220,0,0,0
pg2205,20220218,20220218,112007500,11:20:10,5383,9851,24156,1064166220,0,0,0
pg2205,20220218,20220218,112008500,11:20:10,5388,9852,24157,1064273980,1,1,107760
pg2205,20220218,20220218,112009000,11:20:10,5388,9852,24157,1064273980,0,0,0
pg2205,20220218,20220218,112009500,11:20:10,5388,9852,24157,1064273980,0,0,0
pg2205,20220218,20220218,112011000,11:20:11,5388,9853,24158,1064381740,1,1,107760
pg2205,20220218,20220218,112011500,11:20:12,5388,9853,24158,1064381740,0,0,0
pg2205,20220218,20220218,112012000,11:20:12,5388,9853,24158,1064381740,0,0,0
pg2205,20220218,20220218,112012500,11:20:12,5388,9853,24158,1064381740,0,0,0
pg2205,20220218,20220218,112013000,11:20:13,5388,9853,24158,1064381740,0,0,0
pg2205,20220218,20220218,112013500,11:20:13,5388,9853,24158,1064381740,0,0,0
pg2205,20220218,20220218,112014000,11:20:14,5388,9853,24158,1064381740,0,0,0
pg2205,20220218,20220218,112014500,11:20:14,5388,9853,24158,1064381740,0,0,0
pg2205,20220218,20220218,112015000,11:20:15,5388,9853,24158,1064381740,0,0,0
pg2205,20220218,20220218,112015500,11:20:16,5388,9853,24158,1064381740,0,0,0
pg2205,20220218,20220218,112016000,11:20:16,5388,9853,24158,1064381740,0,0,0
pg2205,20220218,20220218,112017000,11:20:17,5388,9853,24158,1064381740,0,0,0
pg2205,20220218,20220218,112017500,11:20:17,5388,9853,24158,1064381740,0,0,0
pg2205,20220218,20220218,112018000,11:20:18,5388,9853,24158,1064381740,0,0,0
pg2205,20220218,20220218,112018500,11:20:18,5388,9853,24158,1064381740,0,0,0
pg2205,20220218,20220218,112019000,11:20:19,5388,9853,24158,1064381740,0,0,0
pg2205,20220218,20220218,112019500,11:20:20,5388,9853,24158,1064381740,0,0,0
pg2205,20220218,20220218,112020000,11:20:20,5388,9853,24158,1064381740,0,0,0
pg2205,20220218,20220218,112020500,11:20:20,5388,9853,24158,1064381740,0,0,0
pg2205,20220218,20220218,112021000,11:20:21,5388,9853,24158,1064381740,0,0,0
pg2205,20220218,20220218,112021500,11:20:21,5388,9853,24158,1064381740,0,0,0
pg2205,20220218,20220218,112022000,11:20:22,5388,9853,24158,1064381740,0,0,0
pg2205,20220218,20220218,112022500,11:20:23,5388,9853,24158,1064381740,0,0,0
pg2205,20220218,20220218,112023000,11:20:23,5388,9853,24158,1064381740,0,0,0
pg2205,20220218,20220218,112023500,11:20:23,5388,9853,24158,1064381740,0,0,0
pg2205,20220218,20220218,112024000,11:20:24,5388,9853,24158,1064381740,0,0,0
pg2205,20220218,20220218,112025000,11:20:25,5388,9853,24158,1064381740,0,0,0
pg2205,20220218,20220218,112025500,11:20:25,5388,9853,24158,1064381740,0,0,0
pg2205,20220218,20220218,112026000,11:20:26,5388,9853,24158,1064381740,0,0,0
pg2205,20220218,20220218,112026500,11:20:26,5388,9853,24158,1064381740,0,0,0
pg2205,20220218,20220218,112028000,11:20:28,5388,9853,24158,1064381740,0,0,0
pg2205,20220218,20220218,112028500,11:20:28,5388,9853,24158,1064381740,0,0,0
pg2205,20220218,20220218,112029000,11:20:29,5388,9853,24158,1064381740,0,0,0
pg2205,20220218,20220218,112029500,11:20:30,5388,9853,24158,1064381740,0,0,0
pg2205,20220218,20220218,112030000,11:20:31,5388,9853,24158,1064381740,0,0,0
pg2205,20220218,20220218,112030500,11:20:31,5388,9853,24158,1064381740,0,0,0
pg2205,20220218,20220218,112031000,11:20:32,5388,9853,24158,1064381740,0,0,0
pg2205,20220218,20220218,112031500,11:20:32,5388,9853,24158,1064381740,0,0,0
pg2205,20220218,20220218,112032000,11:20:32,5388,9853,24158,1064381740,0,0,0
pg2205,20220218,20220218,112037000,11:20:37,5388,9853,24158,1064381740,0,0,0
pg2205,20220218,20220218,112037500,11:20:38,5388,9853,24158,1064381740,0,0,0
pg2205,20220218,20220218,112038000,11:20:38,5388,9853,24158,1064381740,0,0,0
pg2205,20220218,20220218,112038500,11:20:38,5388,9853,24158,1064381740,0,0,0
pg2205,20220218,20220218,112039000,11:20:39,5388,9853,24158,1064381740,0,0,0
pg2205,20220218,20220218,112039500,11:20:40,5388,9853,24158,1064381740,0,0,0
pg2205,20220218,20220218,112040000,11:20:40,5388,9853,24158,1064381740,0,0,0
pg2205,20220218,20220218,112040500,11:20:41,5388,9853,24158,1064381740,0,0,0
pg2205,20220218,20220218,112041000,11:20:41,5388,9853,24158,1064381740,0,0,0
pg2205,20220218,20220218,112041500,11:20:41,5388,9853,24158,1064381740,0,0,0
pg2205,20220218,20220218,112042000,11:20:42,5388,9853,24158,1064381740,0,0,0
pg2205,20220218,20220218,112046000,11:20:46,5388,9853,24158,1064381740,0,0,0
pg2205,20220218,20220218,112046500,11:20:46,5388,9853,24158,1064381740,0,0,0
pg2205,20220218,20220218,112047000,11:20:47,5388,9853,24158,1064381740,0,0,0
pg2205,20220218,20220218,112047500,11:20:48,5388,9853,24158,1064381740,0,0,0
pg2205,20220218,20220218,112048000,11:20:48,5388,9853,24158,1064381740,0,0,0
pg2205,20220218,20220218,112048500,11:20:50,5388,9853,24158,1064381740,0,0,0
pg2205,20220218,20220218,112049500,11:20:50,5388,9853,24158,1064381740,0,0,0
pg2205,20220218,20220218,112051500,11:20:51,5388,9853,24158,1064381740,0,0,0
pg2205,20220218,20220218,112052000,11:20:53,5390,9857,24159,1064812940,4,1,431200
pg2205,20220218,20220218,112052500,11:20:53,5390,9858,24158,1064920740,1,-1,107800
pg2205,20220218,20220218,112053000,11:20:53,5390,9858,24158,1064920740,0,0,0
pg2205,20220218,20220218,112053500,11:20:53,5392,9859,24158,1065028580,1,0,107840
pg2205,20220218,20220218,112054000,11:20:54,5392,9860,24157,1065136420,1,-1,107840
pg2205,20220218,20220218,112054500,11:20:55,5392,9860,24157,1065136420,0,0,0
pg2205,20220218,20220218,112055000,11:20:55,5392,9860,24157,1065136420,0,0,0
pg2205,20220218,20220218,112055500,11:20:56,5392,9860,24157,1065136420,0,0,0
pg2205,20220218,20220218,112056000,11:20:56,5392,9860,24157,1065136420,0,0,0
pg2205,20220218,20220218,112057500,11:20:58,5392,9860,24157,1065136420,0,0,0
pg2205,20220218,20220218,112058000,11:20:58,5392,9860,24157,1065136420,0,0,0
pg2205,20220218,20220218,112058500,11:20:59,5392,9860,24157,1065136420,0,0,0
pg2205,20220218,20220218,112059000,11:20:59,5393,9863,24159,1065460000,3,2,323580
pg2205,20220218,20220218,112059500,11:21:00,5393,9866,24157,1065783580,3,-2,323580
pg2205,20220218,20220218,112100000,11:21:00,5393,9866,24157,1065783580,0,0,0
pg2205,20220218,20220218,112100500,11:21:00,5393,9866,24157,1065783580,0,0,0
pg2205,20220218,20220218,112101000,11:21:01,5393,9868,24157,1065999300,2,0,215720
pg2205,20220218,20220218,112101500,11:21:02,5392,9875,24153,1066754180,7,-4,754880
pg2205,20220218,20220218,112102000,11:21:02,5392,9875,24153,1066754180,0,0,0
pg2205,20220218,20220218,112102500,11:21:03,5392,9875,24153,1066754180,0,0,0
pg2205,20220218,20220218,112103000,11:21:03,5392,9875,24153,1066754180,0,0,0
pg2205,20220218,20220218,112103500,11:21:04,5392,9875,24153,1066754180,0,0,0
pg2205,20220218,20220218,112104000,11:21:04,5392,9875,24153,1066754180,0,0,0
pg2205,20220218,20220218,112104500,11:21:05,5392,9875,24153,1066754180,0,0,0
pg2205,20220218,20220218,112105000,11:21:05,5392,9875,24153,1066754180,0,0,0
pg2205,20220218,20220218,112105500,11:21:06,5392,9875,24153,1066754180,0,0,0
pg2205,20220218,20220218,112106000,11:21:07,5392,9875,24153,1066754180,0,0,0
pg2205,20220218,20220218,112106500,11:21:07,5392,9875,24153,1066754180,0,0,0
pg2205,20220218,20220218,112108500,11:21:10,5392,9875,24153,1066754180,0,0,0
pg2205,20220218,20220218,112110000,11:21:11,5392,9875,24153,1066754180,0,0,0
pg2205,20220218,20220218,112110500,11:21:11,5392,9875,24153,1066754180,0,0,0
pg2205,20220218,20220218,112111000,11:21:11,5392,9875,24153,1066754180,0,0,0
pg2205,20220218,20220218,112111500,11:21:12,5392,9875,24153,1066754180,0,0,0
pg2205,20220218,20220218,112112000,11:21:12,5392,9875,24153,1066754180,0,0,0
pg2205,20220218,20220218,112112500,11:21:13,5392,9875,24153,1066754180,0,0,0
pg2205,20220218,20220218,112113000,11:21:13,5392,9875,24153,1066754180,0,0,0
pg2205,20220218,20220218,112113500,11:21:13,5392,9875,24153,1066754180,0,0,0
pg2205,20220218,20220218,112114500,11:21:14,5392,9875,24153,1066754180,0,0,0
pg2205,20220218,20220218,112115000,11:21:15,5392,9875,24153,1066754180,0,0,0
pg2205,20220218,20220218,112115500,11:21:15,5392,9875,24153,1066754180,0,0,0
pg2205,20220218,20220218,112116000,11:21:16,5392,9875,24153,1066754180,0,0,0
pg2205,20220218,20220218,112117500,11:21:18,5393,9876,24153,1066862040,1,0,107860
pg2205,20220218,20220218,112119500,11:21:19,5393,9876,24153,1066862040,0,0,0
pg2205,20220218,20220218,112120000,11:21:20,5393,9876,24153,1066862040,0,0,0
pg2205,20220218,20220218,112121000,11:21:22,5393,9876,24153,1066862040,0,0,0
pg2205,20220218,20220218,112122000,11:21:22,5393,9876,24153,1066862040,0,0,0
pg2205,20220218,20220218,112123000,11:21:23,5393,9876,24153,1066862040,0,0,0
pg2205,20220218,20220218,112124500,11:21:25,5393,9876,24153,1066862040,0,0,0
pg2205,20220218,20220218,112125000,11:21:29,5393,9876,24153,1066862040,0,0,0
pg2205,20220218,20220218,112125500,11:23:32,5393,9876,24153,1066862040,0,0,0
pg2205,20220218,20220218,112126000,11:23:33,5393,9876,24153,1066862040,0,0,0
pg2205,20220218,20220218,112126500,11:23:33,5393,9876,24153,1066862040,0,0,0
pg2205,20220218,20220218,112332500,11:23:33,5393,9876,24153,1066862040,0,0,0
pg2205,20220218,20220218,112333000,11:23:33,5393,9876,24153,1066862040,0,0,0
pg2205,20220218,20220218,112333500,11:23:33,5393,9876,24153,1066862040,0,0,0
pg2205,20220218,20220218,112334000,11:23:34,5393,9876,24153,1066862040,0,0,0
pg2205,20220218,20220218,112334500,11:23:34,5385,9893,24148,1068693540,17,-5,1831500
pg2205,20220218,20220218,112335000,11:23:35,5385,9893,24148,1068693540,0,0,0
pg2205,20220218,20220218,112335500,11:23:35,5385,9893,24148,1068693540,0,0,0
pg2205,20220218,20220218,112336000,11:23:36,5385,9893,24148,1068693540,0,0,0
pg2205,20220218,20220218,112337000,11:23:38,5385,9893,24148,1068693540,0,0,0
pg2205,20220218,20220218,112337500,11:23:38,5385,9893,24148,1068693540,0,0,0
pg2205,20220218,20220218,112338500,11:23:38,5385,9893,24148,1068693540,0,0,0
pg2205,20220218,20220218,112339000,11:23:39,5385,9893,24148,1068693540,0,0,0
pg2205,20220218,20220218,112339500,11:23:39,5385,9893,24148,1068693540,0,0,0
pg2205,20220218,20220218,112342000,11:23:42,5385,9893,24148,1068693540,0,0,0
pg2205,20220218,20220218,112342500,11:23:42,5385,9893,24148,1068693540,0,0,0
pg2205,20220218,20220218,112344000,11:23:45,5385,9893,24148,1068693540,0,0,0
pg2205,20220218,20220218,112344500,11:23:48,5385,9893,24148,1068693540,0,0,0
pg2205,20220218,20220218,112348000,11:23:48,5385,9893,24148,1068693540,0,0,0
pg2205,20220218,20220218,112348500,11:23:49,5385,9893,24148,1068693540,0,0,0
pg2205,20220218,20220218,112349000,11:23:49,5385,9893,24148,1068693540,0,0,0
pg2205,20220218,20220218,112350500,11:23:50,5385,9893,24148,1068693540,0,0,0
pg2205,20220218,20220218,112351000,11:23:51,5385,9893,24148,1068693540,0,0,0
pg2205,20220218,20220218,112354000,11:23:54,5385,9893,24148,1068693540,0,0,0
pg2205,20220218,20220218,112354500,11:23:55,5385,9893,24148,1068693540,0,0,0
pg2205,20220218,20220218,112358000,11:23:58,5385,9893,24148,1068693540,0,0,0
pg2205,20220218,20220218,112358500,11:23:58,5386,9894,24148,1068801260,1,0,107720
pg2205,20220218,20220218,112359000,11:23:59,5386,9894,24148,1068801260,0,0,0
pg2205,20220218,20220218,112359500,11:23:59,5386,9894,24148,1068801260,0,0,0
pg2205,20220218,20220218,112400000,11:24:00,5386,9894,24148,1068801260,0,0,0
pg2205,20220218,20220218,112402500,11:24:02,5386,9894,24148,1068801260,0,0,0
pg2205,20220218,20220218,112405500,11:24:05,5386,9894,24148,1068801260,0,0,0
pg2205,20220218,20220218,112406000,11:24:06,5386,9894,24148,1068801260,0,0,0
pg2205,20220218,20220218,112407000,11:24:07,5386,9894,24148,1068801260,0,0,0
pg2205,20220218,20220218,112408000,11:24:08,5387,9895,24148,1068909000,1,0,107740
pg2205,20220218,20220218,112408500,11:24:08,5387,9895,24148,1068909000,0,0,0
pg2205,20220218,20220218,112413000,11:24:13,5387,9895,24148,1068909000,0,0,0
pg2205,20220218,20220218,112417500,11:24:18,5387,9895,24148,1068909000,0,0,0
pg2205,20220218,20220218,112421500,11:24:22,5387,9895,24148,1068909000,0,0,0
pg2205,20220218,20220218,112422000,11:24:22,5387,9895,24148,1068909000,0,0,0
pg2205,20220218,20220218,112424500,11:24:24,5385,9896,24148,1069016700,1,0,107700
pg2205,20220218,20220218,112444000,11:24:44,5385,9896,24148,1069016700,0,0,0
pg2205,20220218,20220218,112444500,11:24:44,5385,9896,24148,1069016700,0,0,0
pg2205,20220218,20220218,112445000,11:24:45,5385,9896,24148,1069016700,0,0,0
pg2205,20220218,20220218,112445500,11:24:45,5385,9896,24148,1069016700,0,0,0
pg2205,20220218,20220218,112446000,11:24:46,5385,9896,24148,1069016700,0,0,0
pg2205,20220218,20220218,112446500,11:24:46,5385,9896,24148,1069016700,0,0,0
pg2205,20220218,20220218,112447000,11:24:47,5385,9896,24148,1069016700,0,0,0
pg2205,20220218,20220218,112448000,11:24:48,5385,9896,24148,1069016700,0,0,0
pg2205,20220218,20220218,112449000,11:24:49,5385,9896,24148,1069016700,0,0,0
pg2205,20220218,20220218,112450500,11:24:50,5385,9896,24148,1069016700,0,0,0
pg2205,20220218,20220218,112451000,11:24:51,5385,9896,24148,1069016700,0,0,0
pg2205,20220218,20220218,112453000,11:24:53,5385,9896,24148,1069016700,0,0,0
pg2205,20220218,20220218,112453500,11:24:53,5385,9896,24148,1069016700,0,0,0
pg2205,20220218,20220218,112454000,11:24:54,5385,9896,24148,1069016700,0,0,0
pg2205,20220218,20220218,112456000,11:24:56,5385,9896,24148,1069016700,0,0,0
pg2205,20220218,20220218,112456500,11:24:56,5385,9896,24148,1069016700,0,0,0
pg2205,20220218,20220218,112457000,11:24:57,5385,9896,24148,1069016700,0,0,0
pg2205,20220218,20220218,112459000,11:24:59,5385,9896,24148,1069016700,0,0,0
pg2205,20220218,20220218,112459500,11:24:59,5385,9896,24148,1069016700,0,0,0
pg2205,20220218,20220218,112502000,11:25:05,5385,9896,24148,1069016700,0,0,0
pg2205,20220218,20220218,112502500,11:25:06,5385,9896,24148,1069016700,0,0,0
pg2205,20220218,20220218,112503000,11:25:06,5385,9896,24148,1069016700,0,0,0
pg2205,20220218,20220218,112504500,11:25:06,5389,9910,24150,1070525340,14,2,1508640
pg2205,20220218,20220218,112505000,11:25:06,5390,9916,24152,1071172060,6,2,646720
pg2205,20220218,20220218,112505500,11:25:06,5390,9916,24152,1071172060,0,0,0
pg2205,20220218,20220218,112506000,11:25:06,5390,9916,24152,1071172060,0,0,0
pg2205,20220218,20220218,112506500,11:25:07,5390,9916,24152,1071172060,0,0,0
pg2205,20220218,20220218,112507000,11:25:07,5390,9916,24152,1071172060,0,0,0
pg2205,20220218,20220218,112507500,11:25:07,5390,9916,24152,1071172060,0,0,0
pg2205,20220218,20220218,112508000,11:25:08,5390,9916,24152,1071172060,0,0,0
pg2205,20220218,20220218,112508500,11:25:08,5390,9919,24152,1071495460,3,0,323400
pg2205,20220218,20220218,112509000,11:25:09,5390,9919,24152,1071495460,0,0,0
pg2205,20220218,20220218,112509500,11:25:09,5390,9919,24152,1071495460,0,0,0
pg2205,20220218,20220218,112510000,11:25:10,5390,9919,24152,1071495460,0,0,0
pg2205,20220218,20220218,112510500,11:25:10,5390,9919,24152,1071495460,0,0,0
pg2205,20220218,20220218,112511000,11:25:11,5390,9919,24152,1071495460,0,0,0
pg2205,20220218,20220218,112511500,11:25:11,5390,9919,24152,1071495460,0,0,0
pg2205,20220218,20220218,112512000,11:25:12,5390,9919,24152,1071495460,0,0,0
pg2205,20220218,20220218,112514000,11:25:15,5390,9919,24152,1071495460,0,0,0
pg2205,20220218,20220218,112514500,11:25:15,5390,9919,24152,1071495460,0,0,0
pg2205,20220218,20220218,112515500,11:25:16,5390,9919,24152,1071495460,0,0,0
pg2205,20220218,20220218,112516000,11:25:16,5390,9919,24152,1071495460,0,0,0
pg2205,20220218,20220218,112516500,11:25:16,5390,9919,24152,1071495460,0,0,0
pg2205,20220218,20220218,112517500,11:25:18,5390,9919,24152,1071495460,0,0,0
pg2205,20220218,20220218,112518000,11:25:18,5390,9919,24152,1071495460,0,0,0
pg2205,20220218,20220218,112518500,11:25:19,5390,9919,24152,1071495460,0,0,0
pg2205,20220218,20220218,112520000,11:25:20,5390,9919,24152,1071495460,0,0,0
pg2205,20220218,20220218,112520500,11:25:21,5389,9923,24150,1071926580,4,-2,431120
pg2205,20220218,20220218,112521000,11:25:21,5389,9923,24150,1071926580,0,0,0
pg2205,20220218,20220218,112521500,11:25:22,5389,9923,24150,1071926580,0,0,0
pg2205,20220218,20220218,112522000,11:25:22,5389,9923,24150,1071926580,0,0,0
pg2205,20220218,20220218,112523500,11:25:24,5389,9923,24150,1071926580,0,0,0
pg2205,20220218,20220218,112524000,11:25:25,5389,9923,24150,1071926580,0,0,0
pg2205,20220218,20220218,112524500,11:25:25,5389,9923,24150,1071926580,0,0,0
pg2205,20220218,20220218,112525000,11:25:25,5389,9923,24150,1071926580,0,0,0
pg2205,20220218,20220218,112525500,11:25:26,5389,9923,24150,1071926580,0,0,0
pg2205,20220218,20220218,112526000,11:25:26,5389,9923,24150,1071926580,0,0,0
pg2205,20220218,20220218,112526500,11:25:27,5389,9923,24150,1071926580,0,0,0
pg2205,20220218,20220218,112527000,11:25:27,5389,9923,24150,1071926580,0,0,0
pg2205,20220218,20220218,112528000,11:25:28,5389,9923,24150,1071926580,0,0,0
pg2205,20220218,20220218,112528500,11:25:28,5389,9923,24150,1071926580,0,0,0
pg2205,20220218,20220218,112529000,11:25:29,5389,9923,24150,1071926580,0,0,0
pg2205,20220218,20220218,112530000,11:25:30,5389,9923,24150,1071926580,0,0,0
pg2205,20220218,20220218,112530500,11:25:31,5389,9923,24150,1071926580,0,0,0
pg2205,20220218,20220218,112531000,11:25:31,5389,9923,24150,1071926580,0,0,0
pg2205,20220218,20220218,112531500,11:25:32,5389,9923,24150,1071926580,0,0,0
pg2205,20220218,20220218,112532000,11:25:32,5389,9924,24150,1072034360,1,0,107780
pg2205,20220218,20220218,112532500,11:25:33,5389,9924,24150,1072034360,0,0,0
pg2205,20220218,20220218,112533000,11:25:33,5389,9924,24150,1072034360,0,0,0
pg2205,20220218,20220218,112533500,11:25:33,5389,9924,24150,1072034360,0,0,0
pg2205,20220218,20220218,112534000,11:25:34,5389,9924,24150,1072034360,0,0,0
pg2205,20220218,20220218,112534500,11:25:34,5389,9924,24150,1072034360,0,0,0
pg2205,20220218,20220218,112535000,11:25:36,5389,9924,24150,1072034360,0,0,0
pg2205,20220218,20220218,112535500,11:25:37,5389,9924,24150,1072034360,0,0,0
pg2205,20220218,20220218,112536000,11:25:37,5389,9924,24150,1072034360,0,0,0
pg2205,20220218,20220218,112536500,11:25:37,5389,9924,24150,1072034360,0,0,0
pg2205,20220218,20220218,112537500,11:25:38,5389,9924,24150,1072034360,0,0,0
pg2205,20220218,20220218,112538000,11:25:38,5389,9924,24150,1072034360,0,0,0
pg2205,20220218,20220218,112538500,11:25:39,5389,9924,24150,1072034360,0,0,0
pg2205,20220218,20220218,112545000,11:25:45,5389,9924,24150,1072034360,0,0,0
pg2205,20220218,20220218,112545500,11:25:46,5389,9924,24150,1072034360,0,0,0
pg2205,20220218,20220218,112546000,11:25:47,5389,9924,24150,1072034360,0,0,0
pg2205,20220218,20220218,112546500,11:25:47,5389,9924,24150,1072034360,0,0,0
pg2205,20220218,20220218,112547000,11:25:48,5389,9924,24150,1072034360,0,0,0
pg2205,20220218,20220218,112547500,11:25:48,5389,9924,24150,1072034360,0,0,0
pg2205,20220218,20220218,112548000,11:25:48,5389,9924,24150,1072034360,0,0,0
pg2205,20220218,20220218,112552000,11:25:52,5389,9924,24150,1072034360,0,0,0
pg2205,20220218,20220218,112553500,11:25:54,5389,9924,24150,1072034360,0,0,0
pg2205,20220218,20220218,112556000,11:25:57,5389,9924,24150,1072034360,0,0,0
pg2205,20220218,20220218,112602500,11:26:03,5389,9924,24150,1072034360,0,0,0
pg2205,20220218,20220218,112603000,11:26:03,5389,9924,24150,1072034360,0,0,0
pg2205,20220218,20220218,112603500,11:26:03,5389,9924,24150,1072034360,0,0,0
pg2205,20220218,20220218,112604000,11:26:04,5389,9924,24150,1072034360,0,0,0
pg2205,20220218,20220218,112605500,11:26:05,5389,9924,24150,1072034360,0,0,0
pg2205,20220218,20220218,112606000,11:26:06,5389,9924,24150,1072034360,0,0,0
pg2205,20220218,20220218,112607000,11:26:09,5389,9924,24150,1072034360,0,0,0
pg2205,20220218,20220218,112607500,11:26:09,5389,9924,24150,1072034360,0,0,0
pg2205,20220218,20220218,112608000,11:26:09,5389,9924,24150,1072034360,0,0,0
pg2205,20220218,20220218,112609000,11:26:10,5389,9924,24150,1072034360,0,0,0
pg2205,20220218,20220218,112611500,11:26:13,5389,9924,24150,1072034360,0,0,0
pg2205,20220218,20220218,112612000,11:26:14,5389,9924,24150,1072034360,0,0,0
pg2205,20220218,20220218,112613000,11:26:15,5389,9924,24150,1072034360,0,0,0
pg2205,20220218,20220218,112614000,11:26:15,5389,9924,24150,1072034360,0,0,0
pg2205,20220218,20220218,112614500,11:26:15,5389,9924,24150,1072034360,0,0,0
pg2205,20220218,20220218,112615000,11:26:16,5389,9924,24150,1072034360,0,0,0
pg2205,20220218,20220218,112616000,11:26:16,5389,9924,24150,1072034360,0,0,0
pg2205,20220218,20220218,112617000,11:26:17,5389,9924,24150,1072034360,0,0,0
pg2205,20220218,20220218,112618000,11:26:18,5389,9924,24150,1072034360,0,0,0
pg2205,20220218,20220218,112618500,11:26:18,5389,9924,24150,1072034360,0,0,0
pg2205,20220218,20220218,112619500,11:26:20,5389,9924,24150,1072034360,0,0,0
pg2205,20220218,20220218,112620000,11:26:20,5389,9924,24150,1072034360,0,0,0
pg2205,20220218,20220218,112620500,11:26:20,5389,9924,24150,1072034360,0,0,0
pg2205,20220218,20220218,112621000,11:26:21,5389,9924,24150,1072034360,0,0,0
pg2205,20220218,20220218,112624500,11:26:24,5389,9924,24150,1072034360,0,0,0
pg2205,20220218,20220218,112625000,11:26:25,5389,9924,24150,1072034360,0,0,0
pg2205,20220218,20220218,112625500,11:26:25,5385,9926,24150,1072249760,2,0,215400
pg2205,20220218,20220218,112626000,11:26:26,5385,9926,24150,1072249760,0,0,0
pg2205,20220218,20220218,112626500,11:26:26,5385,9926,24150,1072249760,0,0,0
pg2205,20220218,20220218,112627000,11:26:27,5385,9926,24150,1072249760,0,0,0
pg2205,20220218,20220218,112627500,11:26:27,5385,9926,24150,1072249760,0,0,0
pg2205,20220218,20220218,112628000,11:26:28,5385,9926,24150,1072249760,0,0,0
pg2205,20220218,20220218,112628500,11:26:28,5385,9926,24150,1072249760,0,0,0
pg2205,20220218,20220218,112629000,11:26:29,5385,9926,24150,1072249760,0,0,0
pg2205,20220218,20220218,112629500,11:26:30,5385,9926,24150,1072249760,0,0,0
pg2205,20220218,20220218,112632000,11:26:32,5385,9926,24150,1072249760,0,0,0
pg2205,20220218,20220218,112635000,11:26:37,5385,9926,24150,1072249760,0,0,0
pg2205,20220218,20220218,112635500,11:26:38,5385,9926,24150,1072249760,0,0,0
pg2205,20220218,20220218,112636000,11:26:38,5385,9926,24150,1072249760,0,0,0
pg2205,20220218,20220218,112653500,11:27:11,5385,9926,24150,1072249760,0,0,0
pg2205,20220218,20220218,112654000,11:27:12,5385,9926,24150,1072249760,0,0,0
pg2205,20220218,20220218,112709500,11:27:12,5385,9926,24150,1072249760,0,0,0
pg2205,20220218,20220218,112710500,11:27:12,5385,9926,24150,1072249760,0,0,0
pg2205,20220218,20220218,112712000,11:27:13,5385,9926,24150,1072249760,0,0,0
pg2205,20220218,20220218,112712500,11:27:13,5385,9926,24150,1072249760,0,0,0
pg2205,20220218,20220218,112713000,11:27:14,5385,9926,24150,1072249760,0,0,0
pg2205,20220218,20220218,112713500,11:27:14,5385,9926,24150,1072249760,0,0,0
pg2205,20220218,20220218,112714500,11:27:15,5385,9926,24150,1072249760,0,0,0
pg2205,20220218,20220218,112716000,11:27:16,5385,9926,24150,1072249760,0,0,0
pg2205,20220218,20220218,112717000,11:27:17,5385,9926,24150,1072249760,0,0,0
pg2205,20220218,20220218,112720000,11:27:20,5385,9926,24150,1072249760,0,0,0
pg2205,20220218,20220218,112720500,11:27:21,5385,9926,24150,1072249760,0,0,0
pg2205,20220218,20220218,112723000,11:27:26,5385,9926,24150,1072249760,0,0,0
pg2205,20220218,20220218,112723500,11:27:27,5385,9926,24150,1072249760,0,0,0
pg2205,20220218,20220218,112726500,11:27:27,5385,9926,24150,1072249760,0,0,0
pg2205,20220218,20220218,112727000,11:27:27,5385,9926,24150,1072249760,0,0,0
pg2205,20220218,20220218,112728500,11:27:28,5385,9926,24150,1072249760,0,0,0
pg2205,20220218,20220218,112729000,11:27:29,5385,9926,24150,1072249760,0,0,0
pg2205,20220218,20220218,112735500,11:27:36,5385,9926,24150,1072249760,0,0,0
pg2205,20220218,20220218,112739000,11:27:39,5385,9926,24150,1072249760,0,0,0
pg2205,20220218,20220218,112739500,11:27:39,5383,9927,24149,1072357420,1,-1,107660
pg2205,20220218,20220218,112740000,11:27:40,5383,9927,24149,1072357420,0,0,0
pg2205,20220218,20220218,112745500,11:27:46,5383,9927,24149,1072357420,0,0,0
pg2205,20220218,20220218,112751500,11:27:54,5383,9927,24149,1072357420,0,0,0
pg2205,20220218,20220218,112759500,11:27:59,5385,9936,24140,1073326660,9,-9,969240
pg2205,20220218,20220218,112800000,11:28:00,5385,9936,24140,1073326660,0,0,0
pg2205,20220218,20220218,112800500,11:28:01,5387,9946,24142,1074403940,10,2,1077280
pg2205,20220218,20220218,112801000,11:28:01,5387,9946,24142,1074403940,0,0,0
pg2205,20220218,20220218,112801500,11:28:02,5387,9946,24142,1074403940,0,0,0
pg2205,20220218,20220218,112802000,11:28:03,5386,9950,24140,1074834820,4,-2,430880
pg2205,20220218,20220218,112802500,11:28:03,5386,9950,24140,1074834820,0,0,0
pg2205,20220218,20220218,112810000,11:28:11,5386,9950,24140,1074834820,0,0,0
pg2205,20220218,20220218,112812000,11:28:12,5385,9952,24138,1075050220,2,-2,215400
pg2205,20220218,20220218,112812500,11:28:13,5385,9952,24138,1075050220,0,0,0
pg2205,20220218,20220218,112813000,11:28:13,5385,9952,24138,1075050220,0,0,0
pg2205,20220218,20220218,112814500,11:28:14,5385,9952,24138,1075050220,0,0,0
pg2205,20220218,20220218,112815000,11:28:15,5385,9952,24138,1075050220,0,0,0
pg2205,20220218,20220218,112815500,11:28:15,5385,9952,24138,1075050220,0,0,0
pg2205,20220218,20220218,112816000,11:28:16,5385,9952,24138,1075050220,0,0,0
pg2205,20220218,20220218,112816500,11:28:16,5385,9952,24138,1075050220,0,0,0
pg2205,20220218,20220218,112817000,11:28:17,5385,9952,24138,1075050220,0,0,0
pg2205,20220218,20220218,112817500,11:28:17,5385,9952,24138,1075050220,0,0,0
pg2205,20220218,20220218,112818000,11:28:18,5385,9952,24138,1075050220,0,0,0
pg2205,20220218,20220218,112818500,11:28:18,5385,9952,24138,1075050220,0,0,0
pg2205,20220218,20220218,112819000,11:28:19,5385,9952,24138,1075050220,0,0,0
pg2205,20220218,20220218,112819500,11:28:19,5385,9952,24138,1075050220,0,0,0
pg2205,20220218,20220218,112820000,11:28:20,5385,9952,24138,1075050220,0,0,0
pg2205,20220218,20220218,112820500,11:28:20,5385,9952,24138,1075050220,0,0,0
pg2205,20220218,20220218,112821000,11:28:21,5385,9952,24138,1075050220,0,0,0
pg2205,20220218,20220218,112821500,11:28:22,5385,9952,24138,1075050220,0,0,0
pg2205,20220218,20220218,112822000,11:28:22,5385,9952,24138,1075050220,0,0,0
pg2205,20220218,20220218,112822500,11:28:22,5385,9952,24138,1075050220,0,0,0
pg2205,20220218,20220218,112826500,11:28:27,5385,9952,24138,1075050220,0,0,0
pg2205,20220218,20220218,112827000,11:28:27,5385,9952,24138,1075050220,0,0,0
pg2205,20220218,20220218,112827500,11:28:27,5383,9953,24138,1075157880,1,0,107660
pg2205,20220218,20220218,112828000,11:28:28,5383,9953,24138,1075157880,0,0,0
pg2205,20220218,20220218,112830500,11:28:31,5383,9953,24138,1075157880,0,0,0
pg2205,20220218,20220218,112832500,11:28:33,5383,9953,24138,1075157880,0,0,0
pg2205,20220218,20220218,112833000,11:28:33,5383,9953,24138,1075157880,0,0,0
pg2205,20220218,20220218,112833500,11:28:33,5383,9953,24138,1075157880,0,0,0
pg2205,20220218,20220218,112834000,11:28:34,5383,9953,24138,1075157880,0,0,0
pg2205,20220218,20220218,112834500,11:28:34,5383,9953,24138,1075157880,0,0,0
pg2205,20220218,20220218,112835000,11:28:35,5383,9953,24138,1075157880,0,0,0
pg2205,20220218,20220218,112835500,11:28:35,5383,9953,24138,1075157880,0,0,0
pg2205,20220218,20220218,112836000,11:28:37,5383,9953,24138,1075157880,0,0,0
pg2205,20220218,20220218,112838000,11:28:38,5383,9953,24138,1075157880,0,0,0
pg2205,20220218,20220218,112838500,11:28:38,5383,9953,24138,1075157880,0,0,0
pg2205,20220218,20220218,112839500,11:28:40,5383,9953,24138,1075157880,0,0,0
pg2205,20220218,20220218,112841000,11:28:41,5383,9953,24138,1075157880,0,0,0
pg2205,20220218,20220218,112842500,11:28:42,5383,9953,24138,1075157880,0,0,0
pg2205,20220218,20220218,112843000,11:28:43,5383,9953,24138,1075157880,0,0,0
pg2205,20220218,20220218,112844500,11:28:44,5383,9953,24138,1075157880,0,0,0
pg2205,20220218,20220218,112845000,11:28:45,5383,9953,24138,1075157880,0,0,0
pg2205,20220218,20220218,112847000,11:28:47,5383,9953,24138,1075157880,0,0,0
pg2205,20220218,20220218,112847500,11:28:48,5383,9953,24138,1075157880,0,0,0
pg2205,20220218,20220218,112853500,11:28:54,5383,9953,24138,1075157880,0,0,0
pg2205,20220218,20220218,112854500,11:28:54,5383,9953,24138,1075157880,0,0,0
pg2205,20220218,20220218,112856000,11:28:56,5383,9953,24138,1075157880,0,0,0
pg2205,20220218,20220218,112856500,11:28:56,5383,9953,24138,1075157880,0,0,0
pg2205,20220218,20220218,112857000,11:28:57,5383,9953,24138,1075157880,0,0,0
pg2205,20220218,20220218,112857500,11:28:58,5383,9953,24138,1075157880,0,0,0
pg2205,20220218,20220218,112858000,11:28:58,5383,9953,24138,1075157880,0,0,0
pg2205,20220218,20220218,112858500,11:28:59,5383,9953,24138,1075157880,0,0,0
pg2205,20220218,20220218,112902500,11:29:03,5383,9953,24138,1075157880,0,0,0
pg2205,20220218,20220218,112905000,11:29:05,5383,9953,24138,1075157880,0,0,0
pg2205,20220218,20220218,112905500,11:29:06,5383,9953,24138,1075157880,0,0,0
pg2205,20220218,20220218,112910000,11:29:10,5383,9953,24138,1075157880,0,0,0
pg2205,20220218,20220218,112911000,11:29:11,5383,9953,24138,1075157880,0,0,0
pg2205,20220218,20220218,112912500,11:29:12,5382,9955,24136,1075373160,2,-2,215280
pg2205,20220218,20220218,112915000,11:29:15,5382,9959,24133,1075803720,4,-3,430560
pg2205,20220218,20220218,112915500,11:29:16,5382,9959,24133,1075803720,0,0,0
pg2205,20220218,20220218,112916000,11:29:16,5382,9959,24133,1075803720,0,0,0
pg2205,20220218,20220218,112921000,11:29:22,5382,9960,24133,1075911360,1,0,107640
pg2205,20220218,20220218,112929500,11:29:29,5382,9960,24133,1075911360,0,0,0
pg2205,20220218,20220218,112931000,11:29:32,5382,9960,24133,1075911360,0,0,0
pg2205,20220218,20220218,112931500,11:29:32,5382,9960,24133,1075911360,0,0,0
pg2205,20220218,20220218,112932000,11:29:32,5382,9960,24133,1075911360,0,0,0
pg2205,20220218,20220218,112941000,11:29:41,5382,9960,24133,1075911360,0,0,0
pg2205,20220218,20220218,112942000,11:29:42,5382,9960,24133,1075911360,0,0,0
pg2205,20220218,20220218,112942500,11:29:44,5382,9960,24133,1075911360,0,0,0
pg2205,20220218,20220218,112943000,11:29:45,5382,9960,24133,1075911360,0,0,0
pg2205,20220218,20220218,112943500,11:29:45,5382,9960,24133,1075911360,0,0,0
pg2205,20220218,20220218,112944500,11:29:45,5382,9960,24133,1075911360,0,0,0
pg2205,20220218,20220218,112945000,11:29:46,5382,9960,24133,1075911360,0,0,0
pg2205,20220218,20220218,112948000,11:29:48,5382,9960,24133,1075911360,0,0,0
pg2205,20220218,20220218,112949000,11:29:50,5382,9960,24133,1075911360,0,0,0
pg2205,20220218,20220218,112949500,11:29:50,5382,9960,24133,1075911360,0,0,0
pg2205,20220218,20220218,112950000,11:29:51,5382,9960,24133,1075911360,0,0,0
pg2205,20220218,20220218,112950500,11:29:51,5382,9960,24133,1075911360,0,0,0
pg2205,20220218,20220218,112951500,11:29:52,5378,9961,24132,1076018920,1,-1,107560
pg2205,20220218,20220218,112952000,11:29:52,5378,9961,24132,1076018920,0,0,0
pg2205,20220218,20220218,112952500,11:29:53,5378,9963,24132,1076234040,2,0,215120
pg2205,20220218,20220218,112953500,11:29:54,5378,9963,24132,1076234040,0,0,0
pg2205,20220218,20220218,112954000,11:29:54,5378,9963,24132,1076234040,0,0,0
pg2205,20220218,20220218,112955500,11:29:56,5378,9964,24132,1076341600,1,0,107560
pg2205,20220218,20220218,112956000,11:29:56,5378,9964,24132,1076341600,0,0,0
pg2205,20220218,20220218,112959500,11:30:02,5378,9964,24132,1076341600,0,0,0
pg2205,20220218,20220218,113000000,11:30:03,5378,9964,24132,1076341600,0,0,0
pg2205,20220218,20220218,133001500,13:30:02,5378,9964,24132,1076341600,0,0,0
pg2205,20220218,20220218,133002000,13:30:08,5378,9964,24132,1076341600,0,0,0
pg2205,20220218,20220218,133002500,13:30:09,5378,9964,24132,1076341600,0,0,0
pg2205,20220218,20220218,133007000,13:30:10,5378,9964,24132,1076341600,0,0,0
pg2205,20220218,20220218,133011000,13:30:12,5369,9976,24131,1077631260,12,-1,1289660
pg2205,20220218,20220218,133014500,13:30:17,5373,9977,24131,1077738720,1,0,107460
pg2205,20220218,20220218,133016500,13:30:18,5373,9977,24131,1077738720,0,0,0
pg2205,20220218,20220218,133018000,13:30:19,5373,9977,24131,1077738720,0,0,0
pg2205,20220218,20220218,133020000,13:30:21,5373,9977,24131,1077738720,0,0,0
pg2205,20220218,20220218,133021000,13:30:21,5373,9977,24131,1077738720,0,0,0
pg2205,20220218,20220218,133022000,13:30:38,5373,9977,24131,1077738720,0,0,0
pg2205,20220218,20220218,133036500,13:30:41,5373,9977,24131,1077738720,0,0,0
pg2205,20220218,20220218,133039000,13:30:43,5373,9977,24131,1077738720,0,0,0
pg2205,20220218,20220218,133041000,13:30:43,5378,9980,24133,1078061300,3,2,322580
pg2205,20220218,20220218,133041500,13:30:44,5378,9980,24133,1078061300,0,0,0
pg2205,20220218,20220218,133045000,13:30:46,5378,9980,24133,1078061300,0,0,0
pg2205,20220218,20220218,133046000,13:30:47,5378,9980,24133,1078061300,0,0,0
pg2205,20220218,20220218,133050000,13:30:51,5378,9980,24133,1078061300,0,0,0
pg2205,20220218,20220218,133050500,13:30:51,5378,9980,24133,1078061300,0,0,0
pg2205,20220218,20220218,133051000,13:30:52,5378,9980,24133,1078061300,0,0,0
pg2205,20220218,20220218,133051500,13:30:52,5378,9980,24133,1078061300,0,0,0
pg2205,20220218,20220218,133052000,13:30:53,5378,9980,24133,1078061300,0,0,0
pg2205,20220218,20220218,133053000,13:30:54,5378,9980,24133,1078061300,0,0,0
pg2205,20220218,20220218,133053500,13:30:54,5378,9980,24133,1078061300,0,0,0
pg2205,20220218,20220218,133055000,13:30:55,5378,9980,24133,1078061300,0,0,0
pg2205,20220218,20220218,133055500,13:30:56,5378,9980,24133,1078061300,0,0,0
pg2205,20220218,20220218,133056000,13:30:57,5378,9980,24133,1078061300,0,0,0
pg2205,20220218,20220218,133056500,13:30:57,5378,9980,24133,1078061300,0,0,0
pg2205,20220218,20220218,133057000,13:30:58,5378,9980,24133,1078061300,0,0,0
pg2205,20220218,20220218,133057500,13:30:58,5370,9981,24132,1078168700,1,-1,107400
pg2205,20220218,20220218,133058000,13:30:58,5370,9981,24132,1078168700,0,0,0
pg2205,20220218,20220218,133058500,13:30:59,5370,9981,24132,1078168700,0,0,0
pg2205,20220218,20220218,133059500,13:31:00,5370,9981,24132,1078168700,0,0,0
pg2205,20220218,20220218,133102000,13:31:02,5370,9981,24132,1078168700,0,0,0
pg2205,20220218,20220218,133102500,13:31:03,5370,9981,24132,1078168700,0,0,0
pg2205,20220218,20220218,133103000,13:31:03,5373,9982,24131,1078276160,1,-1,107460
pg2205,20220218,20220218,133106000,13:31:08,5373,9983,24130,1078383620,1,-1,107460
pg2205,20220218,20220218,133108500,13:31:09,5373,9983,24130,1078383620,0,0,0
pg2205,20220218,20220218,133110000,13:31:11,5373,9983,24130,1078383620,0,0,0
pg2205,20220218,20220218,133110500,13:31:11,5373,9983,24130,1078383620,0,0,0
pg2205,20220218,20220218,133111000,13:31:11,5373,9983,24130,1078383620,0,0,0
pg2205,20220218,20220218,133111500,13:31:12,5373,9983,24130,1078383620,0,0,0
pg2205,20220218,20220218,133113000,13:31:13,5373,9983,24130,1078383620,0,0,0
pg2205,20220218,20220218,133113500,13:31:14,5373,9983,24130,1078383620,0,0,0
pg2205,20220218,20220218,133115500,13:31:16,5370,9984,24130,1078491020,1,0,107400
pg2205,20220218,20220218,133116000,13:31:16,5373,9991,24130,1079243240,7,0,752220
pg2205,20220218,20220218,133116500,13:31:17,5373,9991,24130,1079243240,0,0,0
pg2205,20220218,20220218,133118000,13:31:18,5373,9991,24130,1079243240,0,0,0
pg2205,20220218,20220218,133118500,13:31:19,5373,9991,24130,1079243240,0,0,0
pg2205,20220218,20220218,133119000,13:31:19,5373,9991,24130,1079243240,0,0,0
pg2205,20220218,20220218,133119500,13:31:20,5373,9991,24130,1079243240,0,0,0
pg2205,20220218,20220218,133120000,13:31:20,5373,9991,24130,1079243240,0,0,0
pg2205,20220218,20220218,133121000,13:31:21,5373,9991,24130,1079243240,0,0,0
pg2205,20220218,20220218,133121500,13:31:22,5373,9991,24130,1079243240,0,0,0
pg2205,20220218,20220218,133122500,13:31:23,5373,9991,24130,1079243240,0,0,0
pg2205,20220218,20220218,133123000,13:31:25,5370,9994,24127,1079565440,3,-3,322200
pg2205,20220218,20220218,133123500,13:31:25,5370,9994,24127,1079565440,0,0,0
pg2205,20220218,20220218,133124000,13:31:25,5370,9994,24127,1079565440,0,0,0
pg2205,20220218,20220218,133156000,13:31:56,5370,9994,24127,1079565440,0,0,0
pg2205,20220218,20220218,133159500,13:32:00,5370,9994,24127,1079565440,0,0,0
pg2205,20220218,20220218,133200500,13:32:01,5370,9994,24127,1079565440,0,0,0
pg2205,20220218,20220218,133201500,13:32:01,5370,9994,24127,1079565440,0,0,0
pg2205,20220218,20220218,133202000,13:32:03,5370,9994,24127,1079565440,0,0,0
pg2205,20220218,20220218,133202500,13:32:03,5370,9994,24127,1079565440,0,0,0
pg2205,20220218,20220218,133203000,13:32:04,5370,9994,24127,1079565440,0,0,0
pg2205,20220218,20220218,133205000,13:32:06,5369,10008,24126,1081069140,14,-1,1503700
pg2205,20220218,20220218,133206000,13:32:06,5369,10008,24126,1081069140,0,0,0
pg2205,20220218,20220218,133206500,13:32:07,5369,10008,24126,1081069140,0,0,0
pg2205,20220218,20220218,133207000,13:32:07,5369,10008,24126,1081069140,0,0,0
pg2205,20220218,20220218,133208000,13:32:09,5369,10008,24126,1081069140,0,0,0
pg2205,20220218,20220218,133208500,13:32:10,5369,10008,24126,1081069140,0,0,0
pg2205,20220218,20220218,133209000,13:32:10,5369,10008,24126,1081069140,0,0,0
pg2205,20220218,20220218,133209500,13:32:10,5369,10008,24126,1081069140,0,0,0
pg2205,20220218,20220218,133210000,13:32:10,5369,10008,24126,1081069140,0,0,0
pg2205,20220218,20220218,133210500,13:32:13,5369,10008,24126,1081069140,0,0,0
pg2205,20220218,20220218,133212500,13:32:15,5371,10009,24125,1081176560,1,-1,107420
pg2205,20220218,20220218,133214000,13:32:15,5371,10009,24125,1081176560,0,0,0
pg2205,20220218,20220218,133214500,13:32:16,5371,10009,24125,1081176560,0,0,0
pg2205,20220218,20220218,133215000,13:32:16,5371,10009,24125,1081176560,0,0,0
pg2205,20220218,20220218,133215500,13:32:16,5371,10009,24125,1081176560,0,0,0
pg2205,20220218,20220218,133216000,13:32:17,5371,10009,24125,1081176560,0,0,0
pg2205,20220218,20220218,133216500,13:32:17,5371,10009,24125,1081176560,0,0,0
pg2205,20220218,20220218,133217500,13:32:18,5373,10014,24120,1081713860,5,-5,537300
pg2205,20220218,20220218,133218000,13:32:18,5376,10023,24116,1082681340,9,-4,967480
pg2205,20220218,20220218,133218500,13:32:19,5376,10023,24116,1082681340,0,0,0
pg2205,20220218,20220218,133219000,13:32:20,5376,10023,24116,1082681340,0,0,0
pg2205,20220218,20220218,133220000,13:32:21,5376,10023,24116,1082681340,0,0,0
pg2205,20220218,20220218,133220500,13:32:21,5376,10023,24116,1082681340,0,0,0
pg2205,20220218,20220218,133221000,13:32:21,5376,10023,24116,1082681340,0,0,0
pg2205,20220218,20220218,133222000,13:32:22,5376,10023,24116,1082681340,0,0,0
pg2205,20220218,20220218,133222500,13:32:23,5374,10026,24116,1083003780,3,0,322440
pg2205,20220218,20220218,133223000,13:32:24,5374,10026,24116,1083003780,0,0,0
pg2205,20220218,20220218,133223500,13:32:24,5374,10026,24116,1083003780,0,0,0
pg2205,20220218,20220218,133224000,13:32:24,5374,10026,24116,1083003780,0,0,0
pg2205,20220218,20220218,133224500,13:32:24,5374,10026,24116,1083003780,0,0,0
pg2205,20220218,20220218,133225000,13:32:25,5374,10026,24116,1083003780,0,0,0
pg2205,20220218,20220218,133225500,13:32:25,5374,10026,24116,1083003780,0,0,0
pg2205,20220218,20220218,133229000,13:32:33,5374,10026,24116,1083003780,0,0,0
pg2205,20220218,20220218,133232500,13:32:35,5374,10026,24116,1083003780,0,0,0
pg2205,20220218,20220218,133234000,13:32:35,5374,10026,24116,1083003780,0,0,0
pg2205,20220218,20220218,133237000,13:32:37,5374,10026,24116,1083003780,0,0,0
pg2205,20220218,20220218,133237500,13:32:38,5374,10026,24116,1083003780,0,0,0
pg2205,20220218,20220218,133241000,13:32:41,5374,10026,24116,1083003780,0,0,0
pg2205,20220218,20220218,133241500,13:32:42,5374,10026,24116,1083003780,0,0,0
pg2205,20220218,20220218,133242000,13:32:42,5374,10026,24116,1083003780,0,0,0
pg2205,20220218,20220218,133242500,13:32:42,5374,10026,24116,1083003780,0,0,0
pg2205,20220218,20220218,133243000,13:32:43,5374,10026,24116,1083003780,0,0,0
pg2205,20220218,20220218,133246000,13:32:47,5374,10026,24116,1083003780,0,0,0
pg2205,20220218,20220218,133246500,13:32:47,5374,10026,24116,1083003780,0,0,0
pg2205,20220218,20220218,133247000,13:32:47,5374,10026,24116,1083003780,0,0,0
pg2205,20220218,20220218,133247500,13:32:48,5374,10026,24116,1083003780,0,0,0
pg2205,20220218,20220218,133248000,13:32:48,5374,10026,24116,1083003780,0,0,0
pg2205,20220218,20220218,133248500,13:32:49,5374,10026,24116,1083003780,0,0,0
pg2205,20220218,20220218,133251500,13:32:53,5374,10026,24116,1083003780,0,0,0
pg2205,20220218,20220218,133253000,13:32:53,5374,10026,24116,1083003780,0,0,0
pg2205,20220218,20220218,133253500,13:32:54,5374,10026,24116,1083003780,0,0,0
pg2205,20220218,20220218,133254000,13:32:54,5374,10026,24116,1083003780,0,0,0
pg2205,20220218,20220218,133259500,13:33:01,5374,10026,24116,1083003780,0,0,0
pg2205,20220218,20220218,133300000,13:33:01,5374,10026,24116,1083003780,0,0,0
pg2205,20220218,20220218,133302500,13:33:03,5376,10028,24118,1083218820,2,2,215040
pg2205,20220218,20220218,133303000,13:33:03,5376,10028,24118,1083218820,0,0,0
pg2205,20220218,20220218,133313500,13:33:15,5379,10044,24126,1084939760,16,8,1720940
pg2205,20220218,20220218,133314000,13:33:17,5380,10046,24128,1085154960,2,2,215200
pg2205,20220218,20220218,133314500,13:33:17,5380,10046,24128,1085154960,0,0,0
pg2205,20220218,20220218,133315000,13:33:18,5380,10046,24128,1085154960,0,0,0
pg2205,20220218,20220218,133315500,13:33:18,5380,10046,24128,1085154960,0,0,0
pg2205,20220218,20220218,133317000,13:33:19,5380,10046,24128,1085154960,0,0,0
pg2205,20220218,20220218,133317500,13:33:19,5384,10051,24128,1085693280,5,0,538320
pg2205,20220218,20220218,133318000,13:33:19,5384,10051,24128,1085693280,0,0,0
pg2205,20220218,20220218,133318500,13:33:19,5384,10051,24128,1085693280,0,0,0
pg2205,20220218,20220218,133319500,13:33:20,5384,10051,24128,1085693280,0,0,0
pg2205,20220218,20220218,133320000,13:33:21,5384,10051,24128,1085693280,0,0,0
pg2205,20220218,20220218,133320500,13:33:21,5384,10051,24128,1085693280,0,0,0
pg2205,20220218,20220218,133321000,13:33:22,5384,10051,24128,1085693280,0,0,0
pg2205,20220218,20220218,133321500,13:33:22,5384,10051,24128,1085693280,0,0,0
pg2205,20220218,20220218,133322000,13:33:22,5382,10052,24128,1085800920,1,0,107640
pg2205,20220218,20220218,133322500,13:33:22,5380,10053,24129,1085908520,1,1,107600
pg2205,20220218,20220218,133323000,13:33:23,5380,10053,24129,1085908520,0,0,0
pg2205,20220218,20220218,133323500,13:33:24,5380,10053,24129,1085908520,0,0,0
pg2205,20220218,20220218,133324000,13:33:24,5380,10053,24129,1085908520,0,0,0
pg2205,20220218,20220218,133324500,13:33:25,5380,10053,24129,1085908520,0,0,0
pg2205,20220218,20220218,133325000,13:33:26,5380,10053,24129,1085908520,0,0,0
pg2205,20220218,20220218,133325500,13:33:26,5380,10053,24129,1085908520,0,0,0
pg2205,20220218,20220218,133326000,13:33:28,5380,10053,24129,1085908520,0,0,0
pg2205,20220218,20220218,133326500,13:33:29,5380,10053,24129,1085908520,0,0,0
pg2205,20220218,20220218,133327000,13:33:29,5380,10053,24129,1085908520,0,0,0
pg2205,20220218,20220218,133327500,13:33:29,5380,10053,24129,1085908520,0,0,0
pg2205,20220218,20220218,133329000,13:33:30,5380,10053,24129,1085908520,0,0,0
pg2205,20220218,20220218,133329500,13:33:30,5380,10053,24129,1085908520,0,0,0
pg2205,20220218,20220218,133330000,13:33:30,5380,10053,24129,1085908520,0,0,0
pg2205,20220218,20220218,133330500,13:33:31,5380,10053,24129,1085908520,0,0,0
pg2205,20220218,20220218,133331000,13:33:32,5380,10053,24129,1085908520,0,0,0
pg2205,20220218,20220218,133331500,13:33:32,5380,10053,24129,1085908520,0,0,0
pg2205,20220218,20220218,133333000,13:33:33,5380,10053,24129,1085908520,0,0,0
pg2205,20220218,20220218,133337000,13:33:37,5380,10053,24129,1085908520,0,0,0
pg2205,20220218,20220218,133337500,13:33:37,5380,10053,24129,1085908520,0,0,0
pg2205,20220218,20220218,133338000,13:33:38,5380,10053,24129,1085908520,0,0,0
pg2205,20220218,20220218,133338500,13:33:39,5380,10053,24129,1085908520,0,0,0
pg2205,20220218,20220218,133339000,13:33:39,5380,10053,24129,1085908520,0,0,0
pg2205,20220218,20220218,133339500,13:33:40,5380,10053,24129,1085908520,0,0,0
pg2205,20220218,20220218,133340000,13:33:40,5380,10053,24129,1085908520,0,0,0
pg2205,20220218,20220218,133340500,13:33:41,5380,10053,24129,1085908520,0,0,0
pg2205,20220218,20220218,133341000,13:33:41,5380,10053,24129,1085908520,0,0,0
pg2205,20220218,20220218,133341500,13:33:42,5380,10053,24129,1085908520,0,0,0
pg2205,20220218,20220218,133342000,13:33:42,5380,10053,24129,1085908520,0,0,0
pg2205,20220218,20220218,133342500,13:33:42,5380,10053,24129,1085908520,0,0,0
pg2205,20220218,20220218,133343000,13:33:43,5380,10053,24129,1085908520,0,0,0
pg2205,20220218,20220218,133347000,13:33:48,5380,10053,24129,1085908520,0,0,0
pg2205,20220218,20220218,133347500,13:33:49,5380,10053,24129,1085908520,0,0,0
pg2205,20220218,20220218,133352500,13:33:52,5379,10059,24129,1086554020,6,0,645500
pg2205,20220218,20220218,133353000,13:33:53,5379,10059,24129,1086554020,0,0,0
pg2205,20220218,20220218,133354000,13:33:54,5379,10059,24129,1086554020,0,0,0
pg2205,20220218,20220218,133354500,13:33:54,5379,10059,24129,1086554020,0,0,0
pg2205,20220218,20220218,133356500,13:33:57,5379,10059,24129,1086554020,0,0,0
pg2205,20220218,20220218,133357000,13:33:57,5379,10059,24129,1086554020,0,0,0
pg2205,20220218,20220218,133357500,13:33:58,5379,10059,24129,1086554020,0,0,0
pg2205,20220218,20220218,133358000,13:33:58,5379,10059,24129,1086554020,0,0,0
pg2205,20220218,20220218,133358500,13:33:58,5379,10059,24129,1086554020,0,0,0
pg2205,20220218,20220218,133359000,13:33:59,5379,10060,24129,1086661600,1,0,107580
pg2205,20220218,20220218,133359500,13:33:59,5377,10066,24131,1087306940,6,2,645340
pg2205,20220218,20220218,133400000,13:34:00,5377,10067,24131,1087414480,1,0,107540
pg2205,20220218,20220218,133400500,13:34:00,5377,10067,24131,1087414480,0,0,0
pg2205,20220218,20220218,133401000,13:34:01,5377,10067,24131,1087414480,0,0,0
pg2205,20220218,20220218,133402000,13:34:02,5377,10067,24131,1087414480,0,0,0
pg2205,20220218,20220218,133402500,13:34:10,5377,10067,24131,1087414480,0,0,0
pg2205,20220218,20220218,133403000,13:34:10,5377,10067,24131,1087414480,0,0,0
pg2205,20220218,20220218,133403500,13:34:11,5377,10067,24131,1087414480,0,0,0
pg2205,20220218,20220218,133410000,13:34:12,5377,10067,24131,1087414480,0,0,0
pg2205,20220218,20220218,133410500,13:34:12,5377,10067,24131,1087414480,0,0,0
pg2205,20220218,20220218,133413000,13:34:13,5377,10067,24131,1087414480,0,0,0
pg2205,20220218,20220218,133415500,13:34:16,5377,10067,24131,1087414480,0,0,0
pg2205,20220218,20220218,133416000,13:34:16,5377,10067,24131,1087414480,0,0,0
pg2205,20220218,20220218,133417000,13:34:17,5377,10067,24131,1087414480,0,0,0
pg2205,20220218,20220218,133418500,13:34:19,5377,10067,24131,1087414480,0,0,0
pg2205,20220218,20220218,133419000,13:34:19,5377,10067,24131,1087414480,0,0,0
pg2205,20220218,20220218,133419500,13:34:20,5377,10067,24131,1087414480,0,0,0
pg2205,20220218,20220218,133420000,13:34:20,5377,10067,24131,1087414480,0,0,0
pg2205,20220218,20220218,133420500,13:34:21,5377,10067,24131,1087414480,0,0,0
pg2205,20220218,20220218,133421000,13:34:23,5377,10067,24131,1087414480,0,0,0
pg2205,20220218,20220218,133421500,13:34:23,5377,10067,24131,1087414480,0,0,0
pg2205,20220218,20220218,133423000,13:34:24,5377,10067,24131,1087414480,0,0,0
pg2205,20220218,20220218,133423500,13:34:24,5377,10067,24131,1087414480,0,0,0
pg2205,20220218,20220218,133424000,13:34:24,5377,10067,24131,1087414480,0,0,0
pg2205,20220218,20220218,133424500,13:34:24,5377,10067,24131,1087414480,0,0,0
pg2205,20220218,20220218,133425000,13:34:25,5377,10067,24131,1087414480,0,0,0
pg2205,20220218,20220218,133425500,13:34:25,5377,10067,24131,1087414480,0,0,0
pg2205,20220218,20220218,133426000,13:34:26,5377,10067,24131,1087414480,0,0,0
pg2205,20220218,20220218,133426500,13:34:26,5377,10067,24131,1087414480,0,0,0
pg2205,20220218,20220218,133427000,13:34:27,5377,10067,24131,1087414480,0,0,0
pg2205,20220218,20220218,133427500,13:34:27,5377,10067,24131,1087414480,0,0,0
pg2205,20220218,20220218,133428000,13:34:28,5377,10067,24131,1087414480,0,0,0
pg2205,20220218,20220218,133428500,13:34:29,5377,10067,24131,1087414480,0,0,0
pg2205,20220218,20220218,133429000,13:34:29,5377,10067,24131,1087414480,0,0,0
pg2205,20220218,20220218,133429500,13:34:29,5377,10067,24131,1087414480,0,0,0
pg2205,20220218,20220218,133430000,13:34:30,5377,10067,24131,1087414480,0,0,0
pg2205,20220218,20220218,133430500,13:34:30,5377,10067,24131,1087414480,0,0,0
pg2205,20220218,20220218,133431000,13:34:31,5377,10067,24131,1087414480,0,0,0
pg2205,20220218,20220218,133431500,13:34:31,5377,10067,24131,1087414480,0,0,0
pg2205,20220218,20220218,133432000,13:34:32,5377,10067,24131,1087414480,0,0,0
pg2205,20220218,20220218,133432500,13:34:32,5377,10067,24131,1087414480,0,0,0
pg2205,20220218,20220218,133433500,13:34:34,5377,10067,24131,1087414480,0,0,0
pg2205,20220218,20220218,133434000,13:34:34,5377,10067,24131,1087414480,0,0,0
pg2205,20220218,20220218,133434500,13:34:35,5377,10067,24131,1087414480,0,0,0
pg2205,20220218,20220218,133436000,13:34:36,5377,10067,24131,1087414480,0,0,0
pg2205,20220218,20220218,133440500,13:34:41,5380,10077,24126,1088490660,10,-5,1076180
pg2205,20220218,20220218,133441000,13:34:41,5380,10077,24126,1088490660,0,0,0
pg2205,20220218,20220218,133441500,13:34:42,5380,10077,24126,1088490660,0,0,0
pg2205,20220218,20220218,133443000,13:34:45,5380,10077,24126,1088490660,0,0,0
pg2205,20220218,20220218,133447500,13:34:47,5380,10077,24126,1088490660,0,0,0
pg2205,20220218,20220218,133448000,13:34:48,5380,10077,24126,1088490660,0,0,0
pg2205,20220218,20220218,133448500,13:34:49,5380,10077,24126,1088490660,0,0,0
pg2205,20220218,20220218,133449000,13:34:49,5380,10077,24126,1088490660,0,0,0
pg2205,20220218,20220218,133449500,13:34:49,5380,10077,24126,1088490660,0,0,0
pg2205,20220218,20220218,133450000,13:34:51,5380,10077,24126,1088490660,0,0,0
pg2205,20220218,20220218,133450500,13:34:51,5380,10077,24126,1088490660,0,0,0
pg2205,20220218,20220218,133451000,13:34:51,5380,10077,24126,1088490660,0,0,0
pg2205,20220218,20220218,133451500,13:34:51,5380,10077,24126,1088490660,0,0,0
pg2205,20220218,20220218,133452000,13:34:52,5380,10077,24126,1088490660,0,0,0
pg2205,20220218,20220218,133452500,13:34:53,5380,10077,24126,1088490660,0,0,0
pg2205,20220218,20220218,133453000,13:34:53,5380,10077,24126,1088490660,0,0,0
pg2205,20220218,20220218,133458000,13:34:58,5380,10077,24126,1088490660,0,0,0
pg2205,20220218,20220218,133458500,13:34:59,5380,10077,24126,1088490660,0,0,0
pg2205,20220218,20220218,133459500,13:35:00,5380,10077,24126,1088490660,0,0,0
pg2205,20220218,20220218,133500000,13:35:00,5380,10077,24126,1088490660,0,0,0
pg2205,20220218,20220218,133500500,13:35:00,5380,10077,24126,1088490660,0,0,0
pg2205,20220218,20220218,133501000,13:35:04,5380,10077,24126,1088490660,0,0,0
pg2205,20220218,20220218,133501500,13:35:04,5380,10077,24126,1088490660,0,0,0
pg2205,20220218,20220218,133502000,13:35:10,5380,10077,24126,1088490660,0,0,0
pg2205,20220218,20220218,133504000,13:35:10,5380,10077,24126,1088490660,0,0,0
pg2205,20220218,20220218,133510000,13:35:11,5380,10077,24126,1088490660,0,0,0
pg2205,20220218,20220218,133510500,13:35:11,5380,10077,24126,1088490660,0,0,0
pg2205,20220218,20220218,133511000,13:35:11,5380,10077,24126,1088490660,0,0,0
pg2205,20220218,20220218,133511500,13:35:12,5380,10077,24126,1088490660,0,0,0
pg2205,20220218,20220218,133512000,13:35:12,5380,10077,24126,1088490660,0,0,0
pg2205,20220218,20220218,133512500,13:35:13,5380,10077,24126,1088490660,0,0,0
pg2205,20220218,20220218,133513000,13:35:13,5380,10077,24126,1088490660,0,0,0
pg2205,20220218,20220218,133513500,13:35:14,5380,10077,24126,1088490660,0,0,0
pg2205,20220218,20220218,133514000,13:35:14,5380,10077,24126,1088490660,0,0,0
pg2205,20220218,20220218,133514500,13:35:15,5380,10077,24126,1088490660,0,0,0
pg2205,20220218,20220218,133515000,13:35:15,5380,10077,24126,1088490660,0,0,0
pg2205,20220218,20220218,133515500,13:35:16,5385,10086,24124,1089459360,9,-2,968700
pg2205,20220218,20220218,133516000,13:35:16,5385,10086,24124,1089459360,0,0,0
pg2205,20220218,20220218,133518000,13:35:18,5386,10087,24125,1089567080,1,1,107720
pg2205,20220218,20220218,133518500,13:35:19,5386,10087,24125,1089567080,0,0,0
pg2205,20220218,20220218,133519000,13:35:19,5386,10087,24125,1089567080,0,0,0
pg2205,20220218,20220218,133519500,13:35:20,5388,10089,24123,1089782600,2,-2,215520
pg2205,20220218,20220218,133520000,13:35:20,5388,10089,24123,1089782600,0,0,0
pg2205,20220218,20220218,133520500,13:35:21,5388,10089,24123,1089782600,0,0,0
pg2205,20220218,20220218,133521000,13:35:21,5388,10089,24123,1089782600,0,0,0
pg2205,20220218,20220218,133521500,13:35:22,5388,10089,24123,1089782600,0,0,0
pg2205,20220218,20220218,133522000,13:35:22,5388,10089,24123,1089782600,0,0,0
pg2205,20220218,20220218,133522500,13:35:23,5388,10089,24123,1089782600,0,0,0
pg2205,20220218,20220218,133523000,13:35:23,5388,10089,24123,1089782600,0,0,0
pg2205,20220218,20220218,133523500,13:35:23,5387,10090,24124,1089890340,1,1,107740
pg2205,20220218,20220218,133524000,13:35:25,5387,10090,24124,1089890340,0,0,0
pg2205,20220218,20220218,133525500,13:35:26,5387,10090,24124,1089890340,0,0,0
pg2205,20220218,20220218,133526000,13:35:26,5387,10090,24124,1089890340,0,0,0
pg2205,20220218,20220218,133526500,13:35:27,5387,10090,24124,1089890340,0,0,0
pg2205,20220218,20220218,133527000,13:35:27,5387,10090,24124,1089890340,0,0,0
pg2205,20220218,20220218,133527500,13:35:31,5387,10090,24124,1089890340,0,0,0
pg2205,20220218,20220218,133531000,13:35:33,5387,10090,24124,1089890340,0,0,0
pg2205,20220218,20220218,133531500,13:35:41,5387,10090,24124,1089890340,0,0,0
pg2205,20220218,20220218,133532000,13:35:42,5387,10090,24124,1089890340,0,0,0
pg2205,20220218,20220218,133532500,13:35:42,5387,10090,24124,1089890340,0,0,0
pg2205,20220218,20220218,133540500,13:35:43,5399,10120,24130,1093127200,30,6,3236860
pg2205,20220218,20220218,133542000,13:35:44,5399,10120,24130,1093127200,0,0,0
pg2205,20220218,20220218,133542500,13:35:44,5399,10120,24130,1093127200,0,0,0
pg2205,20220218,20220218,133543500,13:35:44,5399,10120,24130,1093127200,0,0,0
pg2205,20220218,20220218,133544500,13:35:45,5398,10126,24128,1093775000,6,-2,647800
pg2205,20220218,20220218,133545000,13:35:46,5398,10128,24129,1093990940,2,1,215940
pg2205,20220218,20220218,133545500,13:35:46,5398,10128,24129,1093990940,0,0,0
pg2205,20220218,20220218,133546000,13:35:46,5397,10137,24130,1094962440,9,1,971500
pg2205,20220218,20220218,133546500,13:35:46,5397,10137,24130,1094962440,0,0,0
pg2205,20220218,20220218,133547000,13:35:47,5397,10137,24130,1094962440,0,0,0
pg2205,20220218,20220218,133547500,13:35:48,5397,10137,24130,1094962440,0,0,0
pg2205,20220218,20220218,133548000,13:35:48,5397,10137,24130,1094962440,0,0,0
pg2205,20220218,20220218,133548500,13:35:48,5397,10137,24130,1094962440,0,0,0
pg2205,20220218,20220218,133549000,13:35:49,5397,10137,24130,1094962440,0,0,0
pg2205,20220218,20220218,133549500,13:35:49,5397,10137,24130,1094962440,0,0,0
pg2205,20220218,20220218,133550000,13:35:50,5397,10137,24130,1094962440,0,0,0
pg2205,20220218,20220218,133550500,13:35:50,5397,10137,24130,1094962440,0,0,0
pg2205,20220218,20220218,133551000,13:35:51,5397,10137,24130,1094962440,0,0,0
pg2205,20220218,20220218,133551500,13:35:51,5400,10138,24131,1095070440,1,1,108000
pg2205,20220218,20220218,133552000,13:35:52,5400,10157,24145,1097122440,19,14,2052000
pg2205,20220218,20220218,133552500,13:35:52,5400,10157,24145,1097122440,0,0,0
pg2205,20220218,20220218,133553000,13:35:53,5400,10159,24147,1097338440,2,2,216000
pg2205,20220218,20220218,133553500,13:35:55,5400,10160,24148,1097446440,1,1,108000
pg2205,20220218,20220218,133554000,13:35:55,5400,10164,24152,1097878440,4,4,432000
pg2205,20220218,20220218,133554500,13:35:56,5401,10173,24156,1098850560,9,4,972120
pg2205,20220218,20220218,133555000,13:35:56,5401,10177,24160,1099282640,4,4,432080
pg2205,20220218,20220218,133555500,13:35:56,5401,10177,24160,1099282640,0,0,0
pg2205,20220218,20220218,133556000,13:35:56,5399,10179,24162,1099498600,2,2,215960
pg2205,20220218,20220218,133556500,13:35:57,5399,10179,24162,1099498600,0,0,0
pg2205,20220218,20220218,133557000,13:35:59,5399,10179,24162,1099498600,0,0,0
pg2205,20220218,20220218,133557500,13:35:59,5399,10179,24162,1099498600,0,0,0
pg2205,20220218,20220218,133558000,13:36:01,5399,10179,24162,1099498600,0,0,0
pg2205,20220218,20220218,133558500,13:36:03,5399,10179,24162,1099498600,0,0,0
pg2205,20220218,20220218,133559500,13:36:03,5399,10179,24162,1099498600,0,0,0
pg2205,20220218,20220218,133600000,13:36:03,5403,10182,24165,1099822780,3,3,324180
pg2205,20220218,20220218,133601500,13:36:03,5403,10182,24165,1099822780,0,0,0
pg2205,20220218,20220218,133602500,13:36:04,5405,10185,24167,1100147080,3,2,324300
pg2205,20220218,20220218,133603000,13:36:05,5403,10200,24182,1101768160,15,15,1621080
pg2205,20220218,20220218,133603500,13:36:05,5403,10200,24182,1101768160,0,0,0
pg2205,20220218,20220218,133604500,13:36:06,5403,10200,24182,1101768160,0,0,0
pg2205,20220218,20220218,133605500,13:36:07,5403,10200,24182,1101768160,0,0,0
pg2205,20220218,20220218,133606500,13:36:07,5403,10200,24182,1101768160,0,0,0
pg2205,20220218,20220218,133607000,13:36:07,5403,10200,24182,1101768160,0,0,0
pg2205,20220218,20220218,133607500,13:36:08,5406,10201,24183,1101876280,1,1,108120
pg2205,20220218,20220218,133608000,13:36:08,5406,10201,24183,1101876280,0,0,0
pg2205,20220218,20220218,133608500,13:36:08,5406,10201,24183,1101876280,0,0,0
pg2205,20220218,20220218,133609000,13:36:09,5405,10202,24183,1101984380,1,0,108100
pg2205,20220218,20220218,133609500,13:36:10,5405,10202,24183,1101984380,0,0,0
pg2205,20220218,20220218,133610000,13:36:10,5406,10203,24184,1102092500,1,1,108120
pg2205,20220218,20220218,133610500,13:36:11,5406,10203,24184,1102092500,0,0,0
pg2205,20220218,20220218,133611000,13:36:11,5406,10203,24184,1102092500,0,0,0
pg2205,20220218,20220218,133611500,13:36:12,5410,10206,24183,1102417080,3,-1,324580
pg2205,20220218,20220218,133612000,13:36:12,5407,10209,24182,1102741560,3,-1,324480
pg2205,20220218,20220218,133612500,13:36:12,5410,10210,24182,1102849760,1,0,108200
pg2205,20220218,20220218,133613000,13:36:13,5410,10210,24182,1102849760,0,0,0
pg2205,20220218,20220218,133613500,13:36:14,5412,10221,24188,1104040180,11,6,1190420
pg2205,20220218,20220218,133614000,13:36:14,5414,10231,24182,1105122820,10,-6,1082640
pg2205,20220218,20220218,133614500,13:36:14,5414,10231,24182,1105122820,0,0,0
pg2205,20220218,20220218,133615000,13:36:15,5414,10231,24182,1105122820,0,0,0
pg2205,20220218,20220218,133615500,13:36:15,5414,10231,24182,1105122820,0,0,0
pg2205,20220218,20220218,133616000,13:36:16,5414,10231,24182,1105122820,0,0,0
pg2205,20220218,20220218,133616500,13:36:17,5414,10231,24182,1105122820,0,0,0
pg2205,20220218,20220218,133617000,13:36:17,5414,10231,24182,1105122820,0,0,0
pg2205,20220218,20220218,133617500,13:36:19,5414,10231,24182,1105122820,0,0,0
pg2205,20220218,20220218,133618000,13:36:19,5414,10231,24182,1105122820,0,0,0
pg2205,20220218,20220218,133618500,13:36:19,5414,10231,24182,1105122820,0,0,0
pg2205,20220218,20220218,133619000,13:36:19,5414,10231,24182,1105122820,0,0,0
pg2205,20220218,20220218,133619500,13:36:19,5414,10231,24182,1105122820,0,0,0
pg2205,20220218,20220218,133620000,13:36:20,5414,10231,24182,1105122820,0,0,0
pg2205,20220218,20220218,133620500,13:36:20,5412,10234,24183,1105447540,3,1,324720
pg2205,20220218,20220218,133621000,13:36:21,5412,10234,24183,1105447540,0,0,0
pg2205,20220218,20220218,133621500,13:36:21,5412,10234,24183,1105447540,0,0,0
pg2205,20220218,20220218,133622000,13:36:22,5410,10235,24183,1105555740,1,0,108200
pg2205,20220218,20220218,133622500,13:36:22,5410,10235,24183,1105555740,0,0,0
pg2205,20220218,20220218,133623000,13:36:23,5410,10235,24183,1105555740,0,0,0
pg2205,20220218,20220218,133623500,13:36:23,5412,10236,24184,1105663980,1,1,108240
pg2205,20220218,20220218,133624000,13:36:24,5412,10236,24184,1105663980,0,0,0
pg2205,20220218,20220218,133624500,13:36:24,5412,10236,24184,1105663980,0,0,0
pg2205,20220218,20220218,133625000,13:36:25,5412,10236,24184,1105663980,0,0,0
pg2205,20220218,20220218,133625500,13:36:26,5412,10236,24184,1105663980,0,0,0
pg2205,20220218,20220218,133626000,13:36:26,5412,10236,24184,1105663980,0,0,0
pg2205,20220218,20220218,133626500,13:36:27,5413,10237,24184,1105772240,1,0,108260
pg2205,20220218,20220218,133627000,13:36:28,5413,10237,24184,1105772240,0,0,0
pg2205,20220218,20220218,133627500,13:36:28,5413,10237,24184,1105772240,0,0,0
pg2205,20220218,20220218,133628000,13:36:28,5414,10240,24185,1106097080,3,1,324840
pg2205,20220218,20220218,133628500,13:36:29,5414,10240,24185,1106097080,0,0,0
pg2205,20220218,20220218,133629000,13:36:29,5414,10240,24185,1106097080,0,0,0
pg2205,20220218,20220218,133630500,13:36:31,5414,10240,24185,1106097080,0,0,0
pg2205,20220218,20220218,133631000,13:36:31,5414,10240,24185,1106097080,0,0,0
pg2205,20220218,20220218,133631500,13:36:31,5414,10242,24187,1106313640,2,2,216560
pg2205,20220218,20220218,133632000,13:36:32,5415,10247,24189,1106855140,5,2,541500
pg2205,20220218,20220218,133632500,13:36:32,5415,10249,24191,1107071740,2,2,216600
pg2205,20220218,20220218,133633000,13:36:33,5416,10250,24191,1107180060,1,0,108320
pg2205,20220218,20220218,133633500,13:36:33,5416,10250,24191,1107180060,0,0,0
pg2205,20220218,20220218,133634000,13:36:34,5416,10251,24191,1107288380,1,0,108320
pg2205,20220218,20220218,133634500,13:36:35,5418,10252,24191,1107396740,1,0,108360
pg2205,20220218,20220218,133635000,13:36:35,5420,10256,24187,1107830300,4,-4,433560
pg2205,20220218,20220218,133635500,13:36:36,5418,10257,24188,1107938660,1,1,108360
pg2205,20220218,20220218,133636000,13:36:36,5418,10257,24188,1107938660,0,0,0
pg2205,20220218,20220218,133636500,13:36:36,5418,10257,24188,1107938660,0,0,0
pg2205,20220218,20220218,133637000,13:36:38,5418,10257,24188,1107938660,0,0,0
pg2205,20220218,20220218,133637500,13:36:38,5420,10258,24188,1108047060,1,0,108400
pg2205,20220218,20220218,133638000,13:36:38,5420,10258,24188,1108047060,0,0,0
pg2205,20220218,20220218,133638500,13:36:39,5421,10260,24190,1108263900,2,2,216840
pg2205,20220218,20220218,133639000,13:36:39,5421,10260,24190,1108263900,0,0,0
pg2205,20220218,20220218,133639500,13:36:39,5424,10263,24190,1108589320,3,0,325420
pg2205,20220218,20220218,133640000,13:36:40,5421,10264,24190,1108697740,1,0,108420
pg2205,20220218,20220218,133640500,13:36:40,5421,10264,24190,1108697740,0,0,0
pg2205,20220218,20220218,133641000,13:36:41,5421,10267,24193,1109023000,3,3,325260
pg2205,20220218,20220218,133641500,13:36:41,5421,10267,24193,1109023000,0,0,0
pg2205,20220218,20220218,133642000,13:36:42,5421,10267,24193,1109023000,0,0,0
pg2205,20220218,20220218,133642500,13:36:42,5421,10267,24193,1109023000,0,0,0
pg2205,20220218,20220218,133643000,13:36:43,5421,10267,24193,1109023000,0,0,0
pg2205,20220218,20220218,133643500,13:36:44,5421,10268,24194,1109131420,1,1,108420
pg2205,20220218,20220218,133644000,13:36:44,5421,10268,24194,1109131420,0,0,0
pg2205,20220218,20220218,133644500,13:36:44,5421,10268,24194,1109131420,0,0,0
pg2205,20220218,20220218,133645000,13:36:45,5421,10269,24194,1109239840,1,0,108420
pg2205,20220218,20220218,133645500,13:36:46,5421,10269,24194,1109239840,0,0,0
pg2205,20220218,20220218,133646000,13:36:46,5421,10269,24194,1109239840,0,0,0
pg2205,20220218,20220218,133646500,13:36:46,5421,10269,24194,1109239840,0,0,0
pg2205,20220218,20220218,133647000,13:36:47,5421,10269,24194,1109239840,0,0,0
pg2205,20220218,20220218,133647500,13:36:48,5421,10269,24194,1109239840,0,0,0
pg2205,20220218,20220218,133648000,13:36:48,5421,10269,24194,1109239840,0,0,0
pg2205,20220218,20220218,133648500,13:36:48,5421,10269,24194,1109239840,0,0,0
pg2205,20220218,20220218,133649000,13:36:49,5421,10269,24194,1109239840,0,0,0
pg2205,20220218,20220218,133649500,13:36:49,5421,10269,24194,1109239840,0,0,0
pg2205,20220218,20220218,133650000,13:36:50,5421,10269,24194,1109239840,0,0,0
pg2205,20220218,20220218,133650500,13:36:50,5421,10269,24194,1109239840,0,0,0
pg2205,20220218,20220218,133651000,13:36:51,5417,10271,24192,1109456520,2,-2,216680
pg2205,20220218,20220218,133651500,13:36:51,5417,10271,24192,1109456520,0,0,0
pg2205,20220218,20220218,133652000,13:36:52,5417,10271,24192,1109456520,0,0,0
pg2205,20220218,20220218,133652500,13:36:53,5417,10271,24192,1109456520,0,0,0
pg2205,20220218,20220218,133653000,13:36:53,5415,10274,24189,1109781420,3,-3,324900
pg2205,20220218,20220218,133653500,13:36:54,5415,10281,24191,1110539520,7,2,758100
pg2205,20220218,20220218,133654000,13:36:54,5415,10281,24191,1110539520,0,0,0
pg2205,20220218,20220218,133654500,13:36:54,5415,10281,24191,1110539520,0,0,0
pg2205,20220218,20220218,133655000,13:36:55,5415,10281,24191,1110539520,0,0,0
pg2205,20220218,20220218,133655500,13:36:56,5415,10281,24191,1110539520,0,0,0
pg2205,20220218,20220218,133656000,13:36:56,5415,10281,24191,1110539520,0,0,0
pg2205,20220218,20220218,133656500,13:36:57,5415,10281,24191,1110539520,0,0,0
pg2205,20220218,20220218,133657000,13:36:58,5415,10281,24191,1110539520,0,0,0
pg2205,20220218,20220218,133657500,13:36:58,5415,10281,24191,1110539520,0,0,0
pg2205,20220218,20220218,133658000,13:36:58,5415,10281,24191,1110539520,0,0,0
pg2205,20220218,20220218,133659500,13:36:59,5415,10281,24191,1110539520,0,0,0
pg2205,20220218,20220218,133700000,13:37:00,5414,10283,24191,1110756080,2,0,216560
pg2205,20220218,20220218,133700500,13:37:00,5414,10283,24191,1110756080,0,0,0
pg2205,20220218,20220218,133701000,13:37:01,5413,10292,24190,1111730420,9,-1,974340
pg2205,20220218,20220218,133701500,13:37:02,5413,10292,24190,1111730420,0,0,0
pg2205,20220218,20220218,133702000,13:37:02,5413,10292,24190,1111730420,0,0,0
pg2205,20220218,20220218,133702500,13:37:03,5413,10292,24190,1111730420,0,0,0
pg2205,20220218,20220218,133703000,13:37:03,5413,10292,24190,1111730420,0,0,0
pg2205,20220218,20220218,133703500,13:37:03,5415,10293,24190,1111838720,1,0,108300
pg2205,20220218,20220218,133704000,13:37:04,5415,10293,24190,1111838720,0,0,0
pg2205,20220218,20220218,133704500,13:37:05,5415,10293,24190,1111838720,0,0,0
pg2205,20220218,20220218,133705000,13:37:05,5415,10293,24190,1111838720,0,0,0
pg2205,20220218,20220218,133705500,13:37:07,5415,10293,24190,1111838720,0,0,0
pg2205,20220218,20220218,133706000,13:37:08,5415,10293,24190,1111838720,0,0,0
pg2205,20220218,20220218,133706500,13:37:08,5415,10293,24190,1111838720,0,0,0
pg2205,20220218,20220218,133707000,13:37:08,5415,10293,24190,1111838720,0,0,0
pg2205,20220218,20220218,133707500,13:37:08,5415,10293,24190,1111838720,0,0,0
pg2205,20220218,20220218,133708000,13:37:08,5414,10294,24191,1111947000,1,1,108280
pg2205,20220218,20220218,133708500,13:37:08,5414,10294,24191,1111947000,0,0,0
pg2205,20220218,20220218,133709000,13:37:09,5414,10294,24191,1111947000,0,0,0
pg2205,20220218,20220218,133709500,13:37:10,5414,10294,24191,1111947000,0,0,0
pg2205,20220218,20220218,133710000,13:37:11,5414,10294,24191,1111947000,0,0,0
pg2205,20220218,20220218,133710500,13:37:11,5414,10294,24191,1111947000,0,0,0
pg2205,20220218,20220218,133711000,13:37:11,5414,10294,24191,1111947000,0,0,0
pg2205,20220218,20220218,133711500,13:37:13,5414,10294,24191,1111947000,0,0,0
pg2205,20220218,20220218,133712000,13:37:13,5414,10294,24191,1111947000,0,0,0
pg2205,20220218,20220218,133712500,13:37:13,5414,10294,24191,1111947000,0,0,0
pg2205,20220218,20220218,133713000,13:37:14,5414,10294,24191,1111947000,0,0,0
pg2205,20220218,20220218,133713500,13:37:14,5414,10294,24191,1111947000,0,0,0
pg2205,20220218,20220218,133714500,13:37:15,5414,10294,24191,1111947000,0,0,0
pg2205,20220218,20220218,133715000,13:37:15,5414,10294,24191,1111947000,0,0,0
pg2205,20220218,20220218,133715500,13:37:16,5414,10294,24191,1111947000,0,0,0
pg2205,20220218,20220218,133716000,13:37:16,5414,10294,24191,1111947000,0,0,0
pg2205,20220218,20220218,133716500,13:37:17,5414,10294,24191,1111947000,0,0,0
pg2205,20220218,20220218,133717000,13:37:17,5414,10294,24191,1111947000,0,0,0
pg2205,20220218,20220218,133718000,13:37:18,5414,10294,24191,1111947000,0,0,0
pg2205,20220218,20220218,133718500,13:37:19,5415,10295,24192,1112055300,1,1,108300
pg2205,20220218,20220218,133722000,13:37:22,5415,10295,24192,1112055300,0,0,0
pg2205,20220218,20220218,133722500,13:37:22,5415,10295,24192,1112055300,0,0,0
pg2205,20220218,20220218,133723000,13:37:23,5415,10295,24192,1112055300,0,0,0
pg2205,20220218,20220218,133723500,13:37:23,5415,10295,24192,1112055300,0,0,0
pg2205,20220218,20220218,133724000,13:37:24,5415,10295,24192,1112055300,0,0,0
pg2205,20220218,20220218,133724500,13:37:25,5415,10295,24192,1112055300,0,0,0
pg2205,20220218,20220218,133725000,13:37:25,5415,10295,24192,1112055300,0,0,0
pg2205,20220218,20220218,133726500,13:37:27,5415,10295,24192,1112055300,0,0,0
pg2205,20220218,20220218,133727000,13:37:27,5415,10295,24192,1112055300,0,0,0
pg2205,20220218,20220218,133728000,13:37:28,5415,10295,24192,1112055300,0,0,0
pg2205,20220218,20220218,133729500,13:37:30,5415,10304,24198,1113030000,9,6,974700
pg2205,20220218,20220218,133730000,13:37:30,5415,10306,24200,1113246600,2,2,216600
pg2205,20220218,20220218,133730500,13:37:31,5415,10306,24200,1113246600,0,0,0
pg2205,20220218,20220218,133731000,13:37:31,5415,10306,24200,1113246600,0,0,0
pg2205,20220218,20220218,133731500,13:37:31,5415,10306,24200,1113246600,0,0,0
pg2205,20220218,20220218,133732000,13:37:32,5415,10307,24200,1113354900,1,0,108300
pg2205,20220218,20220218,133732500,13:37:33,5415,10307,24200,1113354900,0,0,0
pg2205,20220218,20220218,133733000,13:37:33,5415,10307,24200,1113354900,0,0,0
pg2205,20220218,20220218,133733500,13:37:33,5415,10307,24200,1113354900,0,0,0
pg2205,20220218,20220218,133734000,13:37:34,5420,10312,24200,1113896900,5,0,542000
pg2205,20220218,20220218,133734500,13:37:34,5420,10312,24200,1113896900,0,0,0
pg2205,20220218,20220218,133735000,13:37:35,5420,10312,24200,1113896900,0,0,0
pg2205,20220218,20220218,133735500,13:37:36,5420,10312,24200,1113896900,0,0,0
pg2205,20220218,20220218,133736000,13:37:36,5420,10312,24200,1113896900,0,0,0
pg2205,20220218,20220218,133736500,13:37:37,5420,10312,24200,1113896900,0,0,0
pg2205,20220218,20220218,133737000,13:37:37,5420,10312,24200,1113896900,0,0,0
pg2205,20220218,20220218,133737500,13:37:37,5420,10312,24200,1113896900,0,0,0
pg2205,20220218,20220218,133738000,13:37:38,5420,10312,24200,1113896900,0,0,0
pg2205,20220218,20220218,133738500,13:37:39,5420,10312,24200,1113896900,0,0,0
pg2205,20220218,20220218,133739000,13:37:39,5425,10313,24201,1114005400,1,1,108500
pg2205,20220218,20220218,133740000,13:37:40,5425,10313,24201,1114005400,0,0,0
pg2205,20220218,20220218,133740500,13:37:40,5425,10313,24201,1114005400,0,0,0
pg2205,20220218,20220218,133741000,13:37:41,5425,10313,24201,1114005400,0,0,0
pg2205,20220218,20220218,133741500,13:37:41,5427,10329,24212,1115741580,16,11,1736180
pg2205,20220218,20220218,133742000,13:37:42,5428,10332,24214,1116067220,3,2,325640
pg2205,20220218,20220218,133742500,13:37:43,5429,10333,24215,1116175800,1,1,108580
pg2205,20220218,20220218,133743000,13:37:43,5429,10333,24215,1116175800,0,0,0
pg2205,20220218,20220218,133743500,13:37:44,5429,10333,24215,1116175800,0,0,0
pg2205,20220218,20220218,133744000,13:37:44,5429,10333,24215,1116175800,0,0,0
pg2205,20220218,20220218,133744500,13:37:45,5429,10333,24215,1116175800,0,0,0
pg2205,20220218,20220218,133745000,13:37:45,5429,10333,24215,1116175800,0,0,0
pg2205,20220218,20220218,133745500,13:37:45,5429,10333,24215,1116175800,0,0,0
pg2205,20220218,20220218,133746000,13:37:46,5429,10333,24215,1116175800,0,0,0
pg2205,20220218,20220218,133746500,13:37:47,5429,10333,24215,1116175800,0,0,0
pg2205,20220218,20220218,133747000,13:37:47,5426,10335,24213,1116392840,2,-2,217040
pg2205,20220218,20220218,133747500,13:37:48,5426,10335,24213,1116392840,0,0,0
pg2205,20220218,20220218,133748000,13:37:48,5426,10335,24213,1116392840,0,0,0
pg2205,20220218,20220218,133748500,13:37:48,5426,10335,24213,1116392840,0,0,0
pg2205,20220218,20220218,133749000,13:37:49,5426,10335,24213,1116392840,0,0,0
pg2205,20220218,20220218,133749500,13:37:49,5426,10335,24213,1116392840,0,0,0
pg2205,20220218,20220218,133750000,13:37:50,5426,10335,24213,1116392840,0,0,0
pg2205,20220218,20220218,133750500,13:37:51,5426,10335,24213,1116392840,0,0,0
pg2205,20220218,20220218,133751000,13:37:51,5426,10335,24213,1116392840,0,0,0
pg2205,20220218,20220218,133751500,13:37:53,5426,10335,24213,1116392840,0,0,0
pg2205,20220218,20220218,133752500,13:37:53,5426,10335,24213,1116392840,0,0,0
pg2205,20220218,20220218,133753000,13:37:54,5426,10335,24213,1116392840,0,0,0
pg2205,20220218,20220218,133753500,13:37:55,5424,10336,24213,1116501320,1,0,108480
pg2205,20220218,20220218,133754000,13:37:55,5424,10336,24213,1116501320,0,0,0
pg2205,20220218,20220218,133754500,13:37:55,5424,10336,24213,1116501320,0,0,0
pg2205,20220218,20220218,133755000,13:37:55,5424,10336,24213,1116501320,0,0,0
pg2205,20220218,20220218,133755500,13:37:55,5424,10336,24213,1116501320,0,0,0
pg2205,20220218,20220218,133756000,13:37:56,5424,10336,24213,1116501320,0,0,0
pg2205,20220218,20220218,133757500,13:37:58,5424,10336,24213,1116501320,0,0,0
pg2205,20220218,20220218,133758000,13:37:58,5424,10336,24213,1116501320,0,0,0
pg2205,20220218,20220218,133758500,13:37:59,5424,10336,24213,1116501320,0,0,0
pg2205,20220218,20220218,133759000,13:37:59,5424,10336,24213,1116501320,0,0,0
pg2205,20220218,20220218,133800500,13:38:02,5424,10336,24213,1116501320,0,0,0
pg2205,20220218,20220218,133801000,13:38:02,5424,10336,24213,1116501320,0,0,0
pg2205,20220218,20220218,133801500,13:38:03,5424,10336,24213,1116501320,0,0,0
pg2205,20220218,20220218,133802500,13:38:05,5424,10338,24214,1116718280,2,1,216960
pg2205,20220218,20220218,133803000,13:38:06,5424,10338,24214,1116718280,0,0,0
pg2205,20220218,20220218,133803500,13:38:06,5424,10338,24214,1116718280,0,0,0
pg2205,20220218,20220218,133804500,13:38:07,5424,10338,24214,1116718280,0,0,0
pg2205,20220218,20220218,133806500,13:38:09,5426,10341,24217,1117043840,3,3,325560
pg2205,20220218,20220218,133807000,13:38:09,5426,10341,24217,1117043840,0,0,0
pg2205,20220218,20220218,133809000,13:38:09,5426,10341,24217,1117043840,0,0,0
pg2205,20220218,20220218,133809500,13:38:10,5426,10342,24217,1117152360,1,0,108520
pg2205,20220218,20220218,133810000,13:38:10,5426,10342,24217,1117152360,0,0,0
pg2205,20220218,20220218,133810500,13:38:10,5426,10342,24217,1117152360,0,0,0
pg2205,20220218,20220218,133811000,13:38:11,5426,10342,24217,1117152360,0,0,0
pg2205,20220218,20220218,133811500,13:38:14,5426,10342,24217,1117152360,0,0,0
pg2205,20220218,20220218,133812000,13:38:14,5426,10342,24217,1117152360,0,0,0
pg2205,20220218,20220218,133812500,13:38:14,5426,10342,24217,1117152360,0,0,0
pg2205,20220218,20220218,133813500,13:38:15,5426,10342,24217,1117152360,0,0,0
pg2205,20220218,20220218,133814000,13:38:15,5426,10342,24217,1117152360,0,0,0
pg2205,20220218,20220218,133814500,13:38:17,5426,10342,24217,1117152360,0,0,0
pg2205,20220218,20220218,133817000,13:38:18,5426,10342,24217,1117152360,0,0,0
pg2205,20220218,20220218,133817500,13:38:18,5426,10342,24217,1117152360,0,0,0
pg2205,20220218,20220218,133818000,13:38:18,5426,10342,24217,1117152360,0,0,0
pg2205,20220218,20220218,133818500,13:38:19,5426,10342,24217,1117152360,0,0,0
pg2205,20220218,20220218,133819000,13:38:19,5426,10342,24217,1117152360,0,0,0
pg2205,20220218,20220218,133819500,13:38:19,5426,10342,24217,1117152360,0,0,0
pg2205,20220218,20220218,133820000,13:38:20,5426,10342,24217,1117152360,0,0,0
pg2205,20220218,20220218,133820500,13:38:22,5426,10342,24217,1117152360,0,0,0
pg2205,20220218,20220218,133821000,13:38:22,5426,10342,24217,1117152360,0,0,0
pg2205,20220218,20220218,133821500,13:38:23,5426,10342,24217,1117152360,0,0,0
pg2205,20220218,20220218,133822000,13:38:23,5426,10342,24217,1117152360,0,0,0
pg2205,20220218,20220218,133822500,13:38:23,5426,10342,24217,1117152360,0,0,0
pg2205,20220218,20220218,133823000,13:38:24,5425,10343,24218,1117260860,1,1,108500
pg2205,20220218,20220218,133824500,13:38:40,5425,10344,24218,1117369360,1,0,108500
pg2205,20220218,20220218,133825000,13:38:41,5425,10344,24218,1117369360,0,0,0
pg2205,20220218,20220218,133825500,13:38:41,5425,10344,24218,1117369360,0,0,0
pg2205,20220218,20220218,133840500,13:38:43,5425,10344,24218,1117369360,0,0,0
pg2205,20220218,20220218,133841000,13:38:43,5425,10344,24218,1117369360,0,0,0
pg2205,20220218,20220218,133842000,13:38:43,5425,10344,24218,1117369360,0,0,0
pg2205,20220218,20220218,133842500,13:38:43,5425,10344,24218,1117369360,0,0,0
pg2205,20220218,20220218,133844000,13:38:44,5425,10344,24218,1117369360,0,0,0
pg2205,20220218,20220218,133844500,13:38:44,5425,10344,24218,1117369360,0,0,0
pg2205,20220218,20220218,133845000,13:38:45,5425,10344,24218,1117369360,0,0,0
pg2205,20220218,20220218,133847500,13:38:47,5425,10344,24218,1117369360,0,0,0
pg2205,20220218,20220218,133850000,13:38:50,5425,10344,24218,1117369360,0,0,0
pg2205,20220218,20220218,133851000,13:38:51,5425,10344,24218,1117369360,0,0,0
pg2205,20220218,20220218,133853000,13:38:53,5425,10344,24218,1117369360,0,0,0
pg2205,20220218,20220218,133859500,13:38:59,5425,10344,24218,1117369360,0,0,0
pg2205,20220218,20220218,133901000,13:39:01,5425,10344,24218,1117369360,0,0,0
pg2205,20220218,20220218,133913500,13:39:13,5425,10344,24218,1117369360,0,0,0
pg2205,20220218,20220218,133914000,13:39:15,5427,10370,24214,1120190380,26,-4,2821020
pg2205,20220218,20220218,133914500,13:39:16,5427,10370,24214,1120190380,0,0,0
pg2205,20220218,20220218,133916000,13:39:19,5423,10378,24213,1121058060,8,-1,867680
pg2205,20220218,20220218,133918000,13:39:19,5423,10378,24213,1121058060,0,0,0
pg2205,20220218,20220218,133919000,13:39:19,5423,10378,24213,1121058060,0,0,0
pg2205,20220218,20220218,133919500,13:39:19,5425,10406,24195,1124094900,28,-18,3036840
pg2205,20220218,20220218,133920500,13:39:20,5425,10406,24195,1124094900,0,0,0
pg2205,20220218,20220218,133922000,13:39:22,5425,10406,24195,1124094900,0,0,0
pg2205,20220218,20220218,133923500,13:39:23,5425,10406,24195,1124094900,0,0,0
pg2205,20220218,20220218,133924000,13:39:24,5422,10414,24195,1124962400,8,0,867500
pg2205,20220218,20220218,133925000,13:39:25,5422,10420,24197,1125613120,6,2,650720
pg2205,20220218,20220218,133925500,13:39:26,5423,10426,24197,1126263880,6,0,650760
pg2205,20220218,20220218,133927500,13:39:27,5423,10426,24197,1126263880,0,0,0
pg2205,20220218,20220218,133929000,13:39:29,5422,10427,24197,1126372320,1,0,108440
pg2205,20220218,20220218,133930500,13:39:30,5421,10429,24197,1126589160,2,0,216840
pg2205,20220218,20220218,133932000,13:39:32,5421,10429,24197,1126589160,0,0,0
pg2205,20220218,20220218,133933000,13:39:33,5421,10429,24197,1126589160,0,0,0
pg2205,20220218,20220218,133934000,13:39:34,5421,10441,24197,1127890200,12,0,1301040
pg2205,20220218,20220218,133935500,13:39:35,5421,10448,24197,1128649140,7,0,758940
pg2205,20220218,20220218,133936500,13:39:36,5421,10448,24197,1128649140,0,0,0
pg2205,20220218,20220218,133937500,13:39:37,5421,10448,24197,1128649140,0,0,0
pg2205,20220218,20220218,133938500,13:39:38,5421,10448,24197,1128649140,0,0,0
pg2205,20220218,20220218,133939500,13:39:39,5421,10448,24197,1128649140,0,0,0
pg2205,20220218,20220218,133940000,13:39:40,5421,10448,24197,1128649140,0,0,0
pg2205,20220218,20220218,133940500,13:39:41,5421,10449,24197,1128757560,1,0,108420
pg2205,20220218,20220218,133943000,13:39:43,5421,10449,24197,1128757560,0,0,0
pg2205,20220218,20220218,133944000,13:39:44,5421,10449,24197,1128757560,0,0,0
pg2205,20220218,20220218,133945000,13:39:45,5421,10449,24197,1128757560,0,0,0
pg2205,20220218,20220218,133945500,13:39:46,5421,10463,24199,1130275440,14,2,1517880
pg2205,20220218,20220218,133946000,13:39:47,5421,10470,24199,1131034380,7,0,758940
pg2205,20220218,20220218,133946500,13:39:47,5421,10470,24199,1131034380,0,0,0
pg2205,20220218,20220218,133947000,13:39:47,5421,10470,24199,1131034380,0,0,0
pg2205,20220218,20220218,133947500,13:39:47,5421,10470,24199,1131034380,0,0,0
pg2205,20220218,20220218,133948000,13:39:48,5421,10470,24199,1131034380,0,0,0
pg2205,20220218,20220218,133948500,13:39:48,5420,10484,24200,1132551980,14,1,1517600
pg2205,20220218,20220218,133949000,13:39:49,5420,10486,24200,1132768780,2,0,216800
pg2205,20220218,20220218,133949500,13:39:50,5420,10486,24200,1132768780,0,0,0
pg2205,20220218,20220218,133950500,13:39:50,5420,10486,24200,1132768780,0,0,0
pg2205,20220218,20220218,133951500,13:39:51,5420,10486,24200,1132768780,0,0,0
pg2205,20220218,20220218,133952500,13:39:53,5420,10486,24200,1132768780,0,0,0
pg2205,20220218,20220218,133953000,13:39:54,5419,10487,24200,1132877160,1,0,108380
pg2205,20220218,20220218,133953500,13:39:54,5418,10488,24201,1132985520,1,1,108360
pg2205,20220218,20220218,133954000,13:39:55,5418,10488,24201,1132985520,0,0,0
pg2205,20220218,20220218,133954500,13:39:55,5418,10488,24201,1132985520,0,0,0
pg2205,20220218,20220218,133955000,13:39:55,5418,10488,24201,1132985520,0,0,0
pg2205,20220218,20220218,133955500,13:39:55,5418,10488,24201,1132985520,0,0,0
pg2205,20220218,20220218,133956000,13:39:56,5418,10488,24201,1132985520,0,0,0
pg2205,20220218,20220218,133956500,13:39:57,5418,10488,24201,1132985520,0,0,0
pg2205,20220218,20220218,133957000,13:39:57,5418,10488,24201,1132985520,0,0,0
pg2205,20220218,20220218,133957500,13:40:13,5418,10488,24201,1132985520,0,0,0
pg2205,20220218,20220218,133958000,13:40:13,5417,10489,24201,1133093860,1,0,108340
pg2205,20220218,20220218,133958500,13:40:13,5416,10491,24199,1133310500,2,-2,216640
pg2205,20220218,20220218,134012500,13:40:13,5416,10491,24199,1133310500,0,0,0
pg2205,20220218,20220218,134013000,13:40:13,5416,10491,24199,1133310500,0,0,0
pg2205,20220218,20220218,134013500,13:40:13,5416,10491,24199,1133310500,0,0,0
pg2205,20220218,20220218,134014000,13:40:14,5416,10491,24199,1133310500,0,0,0
pg2205,20220218,20220218,134014500,13:40:15,5416,10491,24199,1133310500,0,0,0
pg2205,20220218,20220218,134015000,13:40:16,5416,10491,24199,1133310500,0,0,0
pg2205,20220218,20220218,134015500,13:40:16,5416,10491,24199,1133310500,0,0,0
pg2205,20220218,20220218,134016000,13:40:16,5416,10491,24199,1133310500,0,0,0
pg2205,20220218,20220218,134016500,13:40:16,5416,10491,24199,1133310500,0,0,0
pg2205,20220218,20220218,134017000,13:40:17,5416,10491,24199,1133310500,0,0,0
pg2205,20220218,20220218,134017500,13:40:18,5416,10491,24199,1133310500,0,0,0
pg2205,20220218,20220218,134018000,13:40:19,5416,10491,24199,1133310500,0,0,0
pg2205,20220218,20220218,134018500,13:40:19,5412,10506,24195,1134935560,15,-4,1625060
pg2205,20220218,20220218,134019000,13:40:19,5412,10506,24195,1134935560,0,0,0
pg2205,20220218,20220218,134020500,13:40:21,5412,10506,24195,1134935560,0,0,0
pg2205,20220218,20220218,134021000,13:40:21,5413,10507,24195,1135043820,1,0,108260
pg2205,20220218,20220218,134021500,13:40:22,5413,10507,24195,1135043820,0,0,0
pg2205,20220218,20220218,134022000,13:40:22,5413,10507,24195,1135043820,0,0,0
pg2205,20220218,20220218,134022500,13:40:22,5413,10507,24195,1135043820,0,0,0
pg2205,20220218,20220218,134023000,13:40:23,5413,10507,24195,1135043820,0,0,0
pg2205,20220218,20220218,134023500,13:40:24,5413,10507,24195,1135043820,0,0,0
pg2205,20220218,20220218,134024000,13:40:24,5413,10507,24195,1135043820,0,0,0
pg2205,20220218,20220218,134024500,13:40:25,5413,10507,24195,1135043820,0,0,0
pg2205,20220218,20220218,134025500,13:40:26,5413,10507,24195,1135043820,0,0,0
pg2205,20220218,20220218,134026000,13:40:26,5413,10509,24195,1135260340,2,0,216520
pg2205,20220218,20220218,134026500,13:40:27,5413,10509,24195,1135260340,0,0,0
pg2205,20220218,20220218,134027000,13:40:27,5413,10509,24195,1135260340,0,0,0
pg2205,20220218,20220218,134027500,13:40:27,5413,10509,24195,1135260340,0,0,0
pg2205,20220218,20220218,134028000,13:40:28,5413,10509,24195,1135260340,0,0,0
pg2205,20220218,20220218,134028500,13:40:29,5413,10509,24195,1135260340,0,0,0
pg2205,20220218,20220218,134029000,13:40:30,5413,10509,24195,1135260340,0,0,0
pg2205,20220218,20220218,134029500,13:40:30,5413,10509,24195,1135260340,0,0,0
pg2205,20220218,20220218,134030000,13:40:30,5413,10509,24195,1135260340,0,0,0
pg2205,20220218,20220218,134031000,13:40:31,5413,10509,24195,1135260340,0,0,0
pg2205,20220218,20220218,134031500,13:40:32,5413,10509,24195,1135260340,0,0,0
pg2205,20220218,20220218,134032000,13:40:32,5413,10509,24195,1135260340,0,0,0
pg2205,20220218,20220218,134032500,13:40:32,5413,10509,24195,1135260340,0,0,0
pg2205,20220218,20220218,134033000,13:40:33,5413,10509,24195,1135260340,0,0,0
pg2205,20220218,20220218,134033500,13:40:34,5413,10509,24195,1135260340,0,0,0
pg2205,20220218,20220218,134034000,13:40:34,5413,10509,24195,1135260340,0,0,0
pg2205,20220218,20220218,134034500,13:40:35,5413,10509,24195,1135260340,0,0,0
pg2205,20220218,20220218,134035000,13:40:35,5413,10509,24195,1135260340,0,0,0
pg2205,20220218,20220218,134035500,13:40:36,5413,10509,24195,1135260340,0,0,0
pg2205,20220218,20220218,134036000,13:40:36,5413,10509,24195,1135260340,0,0,0
pg2205,20220218,20220218,134036500,13:40:36,5413,10509,24195,1135260340,0,0,0
pg2205,20220218,20220218,134037000,13:40:37,5413,10509,24195,1135260340,0,0,0
pg2205,20220218,20220218,134037500,13:40:37,5413,10509,24195,1135260340,0,0,0
pg2205,20220218,20220218,134038000,13:40:38,5413,10509,24195,1135260340,0,0,0
pg2205,20220218,20220218,134038500,13:40:39,5413,10509,24195,1135260340,0,0,0
pg2205,20220218,20220218,134039000,13:40:39,5413,10509,24195,1135260340,0,0,0
pg2205,20220218,20220218,134039500,13:40:40,5413,10509,24195,1135260340,0,0,0
pg2205,20220218,20220218,134040000,13:40:41,5413,10509,24195,1135260340,0,0,0
pg2205,20220218,20220218,134040500,13:40:41,5416,10510,24196,1135368660,1,1,108320
pg2205,20220218,20220218,134041000,13:40:42,5416,10510,24196,1135368660,0,0,0
pg2205,20220218,20220218,134041500,13:40:42,5416,10511,24197,1135476980,1,1,108320
pg2205,20220218,20220218,134042000,13:40:42,5416,10511,24197,1135476980,0,0,0
pg2205,20220218,20220218,134042500,13:40:42,5416,10511,24197,1135476980,0,0,0
pg2205,20220218,20220218,134043000,13:40:43,5416,10511,24197,1135476980,0,0,0
pg2205,20220218,20220218,134043500,13:40:44,5416,10512,24198,1135585300,1,1,108320
pg2205,20220218,20220218,134044000,13:40:44,5416,10512,24198,1135585300,0,0,0
pg2205,20220218,20220218,134044500,13:40:44,5416,10512,24198,1135585300,0,0,0
pg2205,20220218,20220218,134045000,13:40:45,5416,10512,24198,1135585300,0,0,0
pg2205,20220218,20220218,134045500,13:40:45,5416,10512,24198,1135585300,0,0,0
pg2205,20220218,20220218,134046000,13:40:46,5416,10512,24198,1135585300,0,0,0
pg2205,20220218,20220218,134046500,13:40:46,5416,10512,24198,1135585300,0,0,0
pg2205,20220218,20220218,134047000,13:40:47,5416,10513,24199,1135693620,1,1,108320
pg2205,20220218,20220218,134047500,13:40:47,5416,10513,24199,1135693620,0,0,0
pg2205,20220218,20220218,134048000,13:40:48,5416,10513,24199,1135693620,0,0,0
pg2205,20220218,20220218,134048500,13:40:48,5416,10513,24199,1135693620,0,0,0
pg2205,20220218,20220218,134049000,13:40:49,5416,10513,24199,1135693620,0,0,0
pg2205,20220218,20220218,134049500,13:40:49,5416,10513,24199,1135693620,0,0,0
pg2205,20220218,20220218,134050000,13:40:50,5416,10513,24199,1135693620,0,0,0
pg2205,20220218,20220218,134050500,13:40:50,5416,10513,24199,1135693620,0,0,0
pg2205,20220218,20220218,134051000,13:40:51,5416,10513,24199,1135693620,0,0,0
pg2205,20220218,20220218,134052000,13:40:55,5416,10513,24199,1135693620,0,0,0
pg2205,20220218,20220218,134052500,13:40:55,5421,10514,24199,1135802040,1,0,108420
pg2205,20220218,20220218,134055000,13:40:55,5421,10514,24199,1135802040,0,0,0
pg2205,20220218,20220218,134056500,13:40:58,5421,10514,24199,1135802040,0,0,0
pg2205,20220218,20220218,134057500,13:40:58,5419,10518,24203,1136235640,4,4,433600
pg2205,20220218,20220218,134058000,13:40:58,5419,10518,24203,1136235640,0,0,0
pg2205,20220218,20220218,134058500,13:40:59,5419,10518,24203,1136235640,0,0,0
pg2205,20220218,20220218,134059000,13:40:59,5419,10518,24203,1136235640,0,0,0
pg2205,20220218,20220218,134100000,13:41:00,5420,10520,24203,1136452440,2,0,216800
pg2205,20220218,20220218,134100500,13:41:00,5420,10520,24203,1136452440,0,0,0
pg2205,20220218,20220218,134101000,13:41:01,5420,10520,24203,1136452440,0,0,0
pg2205,20220218,20220218,134101500,13:41:01,5420,10520,24203,1136452440,0,0,0
pg2205,20220218,20220218,134102000,13:41:02,5420,10520,24203,1136452440,0,0,0
pg2205,20220218,20220218,134102500,13:41:02,5420,10520,24203,1136452440,0,0,0
pg2205,20220218,20220218,134103000,13:41:05,5420,10520,24203,1136452440,0,0,0
pg2205,20220218,20220218,134103500,13:41:05,5420,10520,24203,1136452440,0,0,0
pg2205,20220218,20220218,134104000,13:41:05,5420,10520,24203,1136452440,0,0,0
pg2205,20220218,20220218,134105500,13:41:06,5420,10520,24203,1136452440,0,0,0
pg2205,20220218,20220218,134106000,13:41:07,5420,10520,24203,1136452440,0,0,0
pg2205,20220218,20220218,134106500,13:41:07,5420,10520,24203,1136452440,0,0,0
pg2205,20220218,20220218,134107000,13:41:07,5420,10522,24203,1136669240,2,0,216800
pg2205,20220218,20220218,134107500,13:41:09,5420,10522,24203,1136669240,0,0,0
pg2205,20220218,20220218,134108000,13:41:09,5420,10522,24203,1136669240,0,0,0
pg2205,20220218,20220218,134108500,13:41:10,5420,10522,24203,1136669240,0,0,0
pg2205,20220218,20220218,134109000,13:41:10,5417,10523,24203,1136777580,1,0,108340
pg2205,20220218,20220218,134110000,13:41:10,5417,10523,24203,1136777580,0,0,0
pg2205,20220218,20220218,134111000,13:41:11,5417,10523,24203,1136777580,0,0,0
pg2205,20220218,20220218,134111500,13:41:11,5417,10523,24203,1136777580,0,0,0
pg2205,20220218,20220218,134112000,13:41:12,5417,10523,24203,1136777580,0,0,0
pg2205,20220218,20220218,134112500,13:41:12,5417,10523,24203,1136777580,0,0,0
pg2205,20220218,20220218,134113000,13:41:13,5417,10523,24203,1136777580,0,0,0
pg2205,20220218,20220218,134113500,13:41:13,5417,10523,24203,1136777580,0,0,0
pg2205,20220218,20220218,134114000,13:41:14,5417,10523,24203,1136777580,0,0,0
pg2205,20220218,20220218,134115000,13:41:16,5417,10523,24203,1136777580,0,0,0
pg2205,20220218,20220218,134116000,13:41:17,5417,10523,24203,1136777580,0,0,0
pg2205,20220218,20220218,134116500,13:41:17,5417,10523,24203,1136777580,0,0,0
pg2205,20220218,20220218,134117000,13:41:17,5417,10523,24203,1136777580,0,0,0
pg2205,20220218,20220218,134117500,13:41:18,5417,10523,24203,1136777580,0,0,0
pg2205,20220218,20220218,134118000,13:41:19,5417,10523,24203,1136777580,0,0,0
pg2205,20220218,20220218,134118500,13:41:19,5417,10523,24203,1136777580,0,0,0
pg2205,20220218,20220218,134119000,13:41:19,5417,10523,24203,1136777580,0,0,0
pg2205,20220218,20220218,134119500,13:41:20,5417,10523,24203,1136777580,0,0,0
pg2205,20220218,20220218,134120000,13:41:20,5417,10523,24203,1136777580,0,0,0
pg2205,20220218,20220218,134120500,13:41:23,5417,10523,24203,1136777580,0,0,0
pg2205,20220218,20220218,134121500,13:41:23,5417,10523,24203,1136777580,0,0,0
pg2205,20220218,20220218,134122000,13:41:24,5417,10523,24203,1136777580,0,0,0
pg2205,20220218,20220218,134123000,13:41:24,5417,10523,24203,1136777580,0,0,0
pg2205,20220218,20220218,134123500,13:41:24,5417,10523,24203,1136777580,0,0,0
pg2205,20220218,20220218,134124000,13:41:25,5417,10523,24203,1136777580,0,0,0
pg2205,20220218,20220218,134124500,13:41:26,5417,10523,24203,1136777580,0,0,0
pg2205,20220218,20220218,134125000,13:41:26,5417,10523,24203,1136777580,0,0,0
pg2205,20220218,20220218,134125500,13:41:27,5417,10523,24203,1136777580,0,0,0
pg2205,20220218,20220218,134126500,13:41:27,5417,10523,24203,1136777580,0,0,0
pg2205,20220218,20220218,134127000,13:41:27,5417,10523,24203,1136777580,0,0,0
pg2205,20220218,20220218,134127500,13:41:27,5417,10524,24203,1136885920,1,0,108340
pg2205,20220218,20220218,134128000,13:41:28,5417,10524,24203,1136885920,0,0,0
pg2205,20220218,20220218,134129000,13:41:29,5417,10524,24203,1136885920,0,0,0
pg2205,20220218,20220218,134129500,13:41:30,5414,10525,24203,1136994200,1,0,108280
pg2205,20220218,20220218,134130000,13:41:30,5414,10525,24203,1136994200,0,0,0
pg2205,20220218,20220218,134130500,13:41:31,5414,10525,24203,1136994200,0,0,0
pg2205,20220218,20220218,134131000,13:41:31,5414,10525,24203,1136994200,0,0,0
pg2205,20220218,20220218,134131500,13:41:32,5414,10525,24203,1136994200,0,0,0
pg2205,20220218,20220218,134132000,13:41:32,5414,10525,24203,1136994200,0,0,0
pg2205,20220218,20220218,134132500,13:41:33,5414,10525,24203,1136994200,0,0,0
pg2205,20220218,20220218,134133000,13:41:33,5414,10525,24203,1136994200,0,0,0
pg2205,20220218,20220218,134133500,13:41:34,5414,10525,24203,1136994200,0,0,0
pg2205,20220218,20220218,134134000,13:41:34,5414,10525,24203,1136994200,0,0,0
pg2205,20220218,20220218,134134500,13:41:34,5414,10525,24203,1136994200,0,0,0
pg2205,20220218,20220218,134135500,13:41:35,5414,10525,24203,1136994200,0,0,0
pg2205,20220218,20220218,134136500,13:41:39,5414,10525,24203,1136994200,0,0,0
pg2205,20220218,20220218,134137000,13:41:40,5414,10525,24203,1136994200,0,0,0
pg2205,20220218,20220218,134139500,13:41:42,5414,10525,24203,1136994200,0,0,0
pg2205,20220218,20220218,134140000,13:41:42,5414,10525,24203,1136994200,0,0,0
pg2205,20220218,20220218,134140500,13:41:42,5417,10534,24202,1137969260,9,-1,975060
pg2205,20220218,20220218,134141000,13:41:42,5417,10534,24202,1137969260,0,0,0
pg2205,20220218,20220218,134142000,13:41:42,5417,10534,24202,1137969260,0,0,0
pg2205,20220218,20220218,134142500,13:41:42,5417,10534,24202,1137969260,0,0,0
pg2205,20220218,20220218,134143000,13:41:43,5417,10534,24202,1137969260,0,0,0
pg2205,20220218,20220218,134143500,13:41:44,5417,10534,24202,1137969260,0,0,0
pg2205,20220218,20220218,134144000,13:41:44,5417,10534,24202,1137969260,0,0,0
pg2205,20220218,20220218,134144500,13:41:44,5417,10534,24202,1137969260,0,0,0
pg2205,20220218,20220218,134145000,13:41:45,5417,10534,24202,1137969260,0,0,0
pg2205,20220218,20220218,134146500,13:41:47,5417,10534,24202,1137969260,0,0,0
pg2205,20220218,20220218,134147000,13:41:47,5417,10534,24202,1137969260,0,0,0
pg2205,20220218,20220218,134147500,13:41:48,5417,10534,24202,1137969260,0,0,0
pg2205,20220218,20220218,134148000,13:41:48,5417,10534,24202,1137969260,0,0,0
pg2205,20220218,20220218,134149500,13:41:50,5416,10535,24203,1138077580,1,1,108320
pg2205,20220218,20220218,134150000,13:41:50,5416,10535,24203,1138077580,0,0,0
pg2205,20220218,20220218,134151000,13:41:51,5416,10535,24203,1138077580,0,0,0
pg2205,20220218,20220218,134151500,13:41:52,5416,10535,24203,1138077580,0,0,0
pg2205,20220218,20220218,134152000,13:41:52,5416,10535,24203,1138077580,0,0,0
pg2205,20220218,20220218,134152500,13:41:53,5416,10535,24203,1138077580,0,0,0
pg2205,20220218,20220218,134153000,13:41:53,5416,10535,24203,1138077580,0,0,0
pg2205,20220218,20220218,134153500,13:41:54,5416,10535,24203,1138077580,0,0,0
pg2205,20220218,20220218,134154000,13:42:02,5416,10535,24203,1138077580,0,0,0
pg2205,20220218,20220218,134154500,13:42:02,5416,10535,24203,1138077580,0,0,0
pg2205,20220218,20220218,134155000,13:42:04,5416,10535,24203,1138077580,0,0,0
pg2205,20220218,20220218,134202000,13:42:11,5416,10535,24203,1138077580,0,0,0
pg2205,20220218,20220218,134202500,13:42:11,5416,10535,24203,1138077580,0,0,0
pg2205,20220218,20220218,134210000,13:42:12,5416,10535,24203,1138077580,0,0,0
pg2205,20220218,20220218,134210500,13:42:12,5416,10537,24203,1138294220,2,0,216640
pg2205,20220218,20220218,134211000,13:42:12,5416,10537,24203,1138294220,0,0,0
pg2205,20220218,20220218,134213500,13:42:14,5416,10537,24203,1138294220,0,0,0
pg2205,20220218,20220218,134216500,13:42:17,5413,10538,24203,1138402480,1,0,108260
pg2205,20220218,20220218,134217000,13:42:19,5413,10538,24203,1138402480,0,0,0
pg2205,20220218,20220218,134217500,13:42:19,5413,10538,24203,1138402480,0,0,0
pg2205,20220218,20220218,134218500,13:42:20,5413,10538,24203,1138402480,0,0,0
pg2205,20220218,20220218,134221000,13:42:21,5413,10538,24203,1138402480,0,0,0
pg2205,20220218,20220218,134221500,13:42:21,5413,10538,24203,1138402480,0,0,0
pg2205,20220218,20220218,134222000,13:42:22,5413,10538,24203,1138402480,0,0,0
pg2205,20220218,20220218,134224000,13:42:25,5413,10538,24203,1138402480,0,0,0
pg2205,20220218,20220218,134224500,13:42:25,5413,10538,24203,1138402480,0,0,0
pg2205,20220218,20220218,134225000,13:42:25,5413,10538,24203,1138402480,0,0,0
pg2205,20220218,20220218,134225500,13:42:25,5413,10539,24202,1138510740,1,-1,108260
pg2205,20220218,20220218,134226500,13:42:27,5412,10542,24199,1138835460,3,-3,324720
pg2205,20220218,20220218,134227000,13:42:28,5412,10542,24199,1138835460,0,0,0
pg2205,20220218,20220218,134227500,13:42:29,5412,10542,24199,1138835460,0,0,0
pg2205,20220218,20220218,134228000,13:42:29,5412,10542,24199,1138835460,0,0,0
pg2205,20220218,20220218,134228500,13:42:29,5412,10542,24199,1138835460,0,0,0
pg2205,20220218,20220218,134229000,13:42:29,5412,10542,24199,1138835460,0,0,0
pg2205,20220218,20220218,134239500,13:42:39,5412,10542,24199,1138835460,0,0,0
pg2205,20220218,20220218,134244000,13:42:44,5412,10542,24199,1138835460,0,0,0
pg2205,20220218,20220218,134255000,13:42:55,5412,10542,24199,1138835460,0,0,0
pg2205,20220218,20220218,134255500,13:42:55,5412,10542,24199,1138835460,0,0,0
pg2205,20220218,20220218,134256000,13:42:56,5411,10545,24198,1139160120,3,-1,324660
pg2205,20220218,20220218,134256500,13:42:57,5411,10545,24198,1139160120,0,0,0
pg2205,20220218,20220218,134257000,13:42:59,5412,10556,24198,1140350960,11,0,1190840
pg2205,20220218,20220218,134257500,13:42:59,5412,10556,24198,1140350960,0,0,0
pg2205,20220218,20220218,134258000,13:42:59,5412,10556,24198,1140350960,0,0,0
pg2205,20220218,20220218,134259000,13:42:59,5412,10556,24198,1140350960,0,0,0
pg2205,20220218,20220218,134259500,13:43:01,5412,10556,24198,1140350960,0,0,0
pg2205,20220218,20220218,134300000,13:43:01,5412,10556,24198,1140350960,0,0,0
pg2205,20220218,20220218,134300500,13:43:02,5412,10556,24198,1140350960,0,0,0
pg2205,20220218,20220218,134301000,13:43:02,5412,10556,24198,1140350960,0,0,0
pg2205,20220218,20220218,134301500,13:43:02,5412,10556,24198,1140350960,0,0,0
pg2205,20220218,20220218,134302500,13:43:03,5412,10556,24198,1140350960,0,0,0
pg2205,20220218,20220218,134303000,13:43:05,5412,10556,24198,1140350960,0,0,0
pg2205,20220218,20220218,134303500,13:43:11,5412,10557,24198,1140459200,1,0,108240
pg2205,20220218,20220218,134304000,13:43:11,5412,10557,24198,1140459200,0,0,0
pg2205,20220218,20220218,134305000,13:43:12,5412,10557,24198,1140459200,0,0,0
pg2205,20220218,20220218,134310500,13:43:12,5412,10557,24198,1140459200,0,0,0
pg2205,20220218,20220218,134312000,13:43:14,5412,10557,24198,1140459200,0,0,0
pg2205,20220218,20220218,134314500,13:43:15,5412,10557,24198,1140459200,0,0,0
pg2205,20220218,20220218,134315000,13:43:15,5412,10557,24198,1140459200,0,0,0
pg2205,20220218,20220218,134315500,13:43:15,5412,10557,24198,1140459200,0,0,0
pg2205,20220218,20220218,134316000,13:43:16,5412,10557,24198,1140459200,0,0,0
pg2205,20220218,20220218,134316500,13:43:16,5412,10557,24198,1140459200,0,0,0
pg2205,20220218,20220218,134317500,13:43:17,5412,10557,24198,1140459200,0,0,0
pg2205,20220218,20220218,134318000,13:43:18,5412,10557,24198,1140459200,0,0,0
pg2205,20220218,20220218,134321000,13:43:21,5412,10557,24198,1140459200,0,0,0
pg2205,20220218,20220218,134321500,13:43:21,5412,10557,24198,1140459200,0,0,0
pg2205,20220218,20220218,134323000,13:43:23,5412,10557,24198,1140459200,0,0,0
pg2205,20220218,20220218,134324000,13:43:24,5412,10557,24198,1140459200,0,0,0
pg2205,20220218,20220218,134325000,13:43:25,5412,10557,24198,1140459200,0,0,0
pg2205,20220218,20220218,134325500,13:43:26,5412,10557,24198,1140459200,0,0,0
pg2205,20220218,20220218,134326000,13:43:26,5412,10557,24198,1140459200,0,0,0
pg2205,20220218,20220218,134326500,13:43:27,5412,10565,24194,1141325240,8,-4,866040
pg2205,20220218,20220218,134327000,13:43:27,5412,10565,24194,1141325240,0,0,0
pg2205,20220218,20220218,134327500,13:43:27,5412,10565,24194,1141325240,0,0,0
pg2205,20220218,20220218,134328000,13:43:29,5412,10565,24194,1141325240,0,0,0
pg2205,20220218,20220218,134329000,13:43:29,5412,10565,24194,1141325240,0,0,0
pg2205,20220218,20220218,134329500,13:43:30,5412,10565,24194,1141325240,0,0,0
pg2205,20220218,20220218,134330000,13:43:30,5412,10565,24194,1141325240,0,0,0
pg2205,20220218,20220218,134330500,13:43:30,5412,10565,24194,1141325240,0,0,0
pg2205,20220218,20220218,134331000,13:43:31,5412,10565,24194,1141325240,0,0,0
pg2205,20220218,20220218,134331500,13:43:31,5412,10565,24194,1141325240,0,0,0
