pg2203,20220218,20220218,112003000,11:20:08,4977,105795,33788,10583424960,105795,-4854,10583424960
pg2203,20220218,20220218,112004500,11:20:10,4979,105805,33795,10584420620,10,7,995660
pg2203,20220218,20220218,112005500,11:20:10,4979,105805,33795,10584420620,0,0,0
pg2203,20220218,20220218,112007000,11:20:10,4979,105805,33795,10584420620,0,0,0
pg2203,20220218,20220218,112011500,11:20:12,4979,105806,33796,10584520200,1,1,99580
pg2203,20220218,20220218,112012000,11:20:12,4979,105806,33796,10584520200,0,0,0
pg2203,20220218,20220218,112012500,11:20:12,4979,105808,33795,10584719360,2,-1,199160
pg2203,20220218,20220218,112013000,11:20:13,4980,105810,33796,10584918560,2,1,199200
pg2203,20220218,20220218,112013500,11:20:13,4980,105810,33796,10584918560,0,0,0
pg2203,20220218,20220218,112014000,11:20:14,4980,105811,33797,10585018160,1,1,99600
pg2203,20220218,20220218,112014500,11:20:14,4980,105813,33797,10585217360,2,0,199200
pg2203,20220218,20220218,112015000,11:20:15,4980,105813,33797,10585217360,0,0,0
pg2203,20220218,20220218,112016500,11:20:16,4980,105814,33798,10585316960,1,1,99600
pg2203,20220218,20220218,112017500,11:20:17,4980,105814,33798,10585316960,0,0,0
pg2203,20220218,20220218,112018000,11:20:18,4980,105814,33798,10585316960,0,0,0
pg2203,20220218,20220218,112018500,11:20:18,4979,105825,33802,10586412340,11,4,1095380
pg2203,20220218,20220218,112019000,11:20:19,4979,105825,33802,10586412340,0,0,0
pg2203,20220218,20220218,112019500,11:20:20,4979,105825,33802,10586412340,0,0,0
pg2203,20220218,20220218,112020500,11:20:21,4979,105830,33804,10586910240,5,2,497900
pg2203,20220218,20220218,112021000,11:20:21,4979,105830,33804,10586910240,0,0,0
pg2203,20220218,20220218,112022000,11:20:22,4980,105833,33803,10587209000,3,-1,298760
pg2203,20220218,20220218,112022500,11:20:23,4980,105833,33803,10587209000,0,0,0
pg2203,20220218,20220218,112024000,11:20:24,4979,105834,33802,10587308580,1,-1,99580
pg2203,20220218,20220218,112024500,11:20:24,4979,105834,33802,10587308580,0,0,0
pg2203,20220218,20220218,112025000,11:20:25,4979,105835,33801,10587408160,1,-1,99580
pg2203,20220218,20220218,112027500,11:20:28,4980,105837,33801,10587607360,2,0,199200
pg2203,20220218,20220218,112029000,11:20:29,4979,105838,33801,10587706940,1,0,99580
pg2203,20220218,20220218,112029500,11:20:31,4979,105838,33801,10587706940,0,0,0
pg2203,20220218,20220218,112030000,11:20:31,4979,105867,33784,10590594780,29,-17,2887840
pg2203,20220218,20220218,112030500,11:20:31,4978,105874,33782,10591291700,7,-2,696920
pg2203,20220218,20220218,112031000,11:20:32,4978,105874,33782,10591291700,0,0,0
pg2203,20220218,20220218,112031500,11:20:32,4978,105874,33782,10591291700,0,0,0
pg2203,20220218,20220218,112032000,11:20:32,4978,105875,33782,10591391260,1,0,99560
pg2203,20220218,20220218,112035000,11:20:35,4978,105875,33782,10591391260,0,0,0
pg2203,20220218,20220218,112035500,11:20:35,4978,105876,33783,10591490820,1,1,99560
pg2203,20220218,20220218,112036000,11:20:36,4978,105877,33783,10591590380,1,0,99560
pg2203,20220218,20220218,112036500,11:20:37,4978,105877,33783,10591590380,0,0,0
pg2203,20220218,20220218,112037000,11:20:37,4978,105877,33783,10591590380,0,0,0
pg2203,20220218,20220218,112037500,11:20:38,4979,105878,33783,10591689960,1,0,99580
pg2203,20220218,20220218,112038000,11:20:38,4979,105878,33783,10591689960,0,0,0
pg2203,20220218,20220218,112038500,11:20:38,4980,105890,33779,10592885160,12,-4,1195200
pg2203,20220218,20220218,112039000,11:20:39,4980,105890,33779,10592885160,0,0,0
pg2203,20220218,20220218,112039500,11:20:40,4980,105897,33772,10593582360,7,-7,697200
pg2203,20220218,20220218,112040000,11:20:40,4980,105899,33773,10593781560,2,1,199200
pg2203,20220218,20220218,112040500,11:20:41,4980,105900,33773,10593881160,1,0,99600
pg2203,20220218,20220218,112041000,11:20:41,4980,105900,33773,10593881160,0,0,0
pg2203,20220218,20220218,112041500,11:20:41,4980,105901,33773,10593980760,1,0,99600
pg2203,20220218,20220218,112042000,11:20:42,4980,105901,33773,10593980760,0,0,0
pg2203,20220218,20220218,112044000,11:20:44,4980,105904,33773,10594279560,3,0,298800
pg2203,20220218,20220218,112044500,11:20:45,4980,105905,33773,10594379160,1,0,99600
pg2203,20220218,20220218,112045000,11:20:45,4980,105905,33773,10594379160,0,0,0
pg2203,20220218,20220218,112045500,11:20:46,4980,105906,33773,10594478760,1,0,99600
pg2203,20220218,20220218,112046500,11:20:46,4981,105907,33774,10594578380,1,1,99620
pg2203,20220218,20220218,112047000,11:20:48,4980,105923,33784,10596171980,16,10,1593600
pg2203,20220218,20220218,112047500,11:20:48,4980,105926,33784,10596470780,3,0,298800
pg2203,20220218,20220218,112048000,11:20:48,4980,105927,33785,10596570380,1,1,99600
pg2203,20220218,20220218,112049000,11:20:50,4980,105929,33785,10596769580,2,0,199200
pg2203,20220218,20220218,112049500,11:20:50,4981,105930,33784,10596869200,1,-1,99620
pg2203,20220218,20220218,112051000,11:20:51,4981,105935,33783,10597367300,5,-1,498100
pg2203,20220218,20220218,112051500,11:20:52,4981,105937,33782,10597566540,2,-1,199240
pg2203,20220218,20220218,112052000,11:20:53,4981,105937,33782,10597566540,0,0,0
pg2203,20220218,20220218,112052500,11:20:53,4982,105939,33782,10597765820,2,0,199280
pg2203,20220218,20220218,112053000,11:20:53,4982,105940,33782,10597865460,1,0,99640
pg2203,20220218,20220218,112053500,11:20:53,4981,105941,33782,10597965080,1,0,99620
pg2203,20220218,20220218,112054000,11:20:54,4981,105942,33783,10598064700,1,1,99620
pg2203,20220218,20220218,112054500,11:20:55,4982,105944,33783,10598263980,2,0,199280
pg2203,20220218,20220218,112055000,11:20:55,4982,105944,33783,10598263980,0,0,0
pg2203,20220218,20220218,112055500,11:20:56,4981,105945,33783,10598363600,1,0,99620
pg2203,20220218,20220218,112057000,11:20:58,4982,105950,33787,10598861800,5,4,498200
pg2203,20220218,20220218,112057500,11:20:58,4982,105962,33783,10600057480,12,-4,1195680
pg2203,20220218,20220218,112058000,11:20:59,4983,105981,33790,10601951020,19,7,1893540
pg2203,20220218,20220218,112058500,11:20:59,4985,105994,33784,10603246940,13,-6,1295920
pg2203,20220218,20220218,112059000,11:21:00,4985,106020,33779,10605839040,26,-5,2592100
pg2203,20220218,20220218,112059500,11:21:00,4985,106024,33780,10606237840,4,1,398800
pg2203,20220218,20220218,112100000,11:21:00,4985,106027,33781,10606536940,3,1,299100
pg2203,20220218,20220218,112100500,11:21:01,4985,106028,33780,10606636640,1,-1,99700
pg2203,20220218,20220218,112101000,11:21:01,4984,106044,33792,10608231540,16,12,1594900
pg2203,20220218,20220218,112101500,11:21:02,4982,106066,33799,10610423900,22,7,2192360
pg2203,20220218,20220218,112102000,11:21:03,4982,106073,33803,10611121380,7,4,697480
pg2203,20220218,20220218,112103000,11:21:03,4982,106073,33803,10611121380,0,0,0
pg2203,20220218,20220218,112103500,11:21:04,4983,106074,33803,10611221040,1,0,99660
pg2203,20220218,20220218,112104000,11:21:04,4983,106074,33803,10611221040,0,0,0
pg2203,20220218,20220218,112105000,11:21:06,4983,106074,33803,10611221040,0,0,0
pg2203,20220218,20220218,112105500,11:21:07,4983,106084,33802,10612217640,10,-1,996600
pg2203,20220218,20220218,112106000,11:21:07,4983,106084,33802,10612217640,0,0,0
pg2203,20220218,20220218,112106500,11:21:09,4983,106084,33802,10612217640,0,0,0
pg2203,20220218,20220218,112107000,11:21:09,4983,106092,33801,10613014880,8,-1,797240
pg2203,20220218,20220218,112107500,11:21:10,4982,106093,33802,10613114520,1,1,99640
pg2203,20220218,20220218,112108000,11:21:10,4982,106093,33802,10613114520,0,0,0
pg2203,20220218,20220218,112110000,11:21:10,4981,106104,33801,10614210440,11,-1,1095920
pg2203,20220218,20220218,112110500,11:21:11,4981,106107,33803,10614509300,3,2,298860
pg2203,20220218,20220218,112111000,11:21:11,4980,106108,33803,10614608900,1,0,99600
pg2203,20220218,20220218,112111500,11:21:12,4982,106109,33803,10614708540,1,0,99640
pg2203,20220218,20220218,112112000,11:21:12,4982,106109,33803,10614708540,0,0,0
pg2203,20220218,20220218,112112500,11:21:13,4982,106109,33803,10614708540,0,0,0
pg2203,20220218,20220218,112113000,11:21:13,4982,106109,33803,10614708540,0,0,0
pg2203,20220218,20220218,112114000,11:21:14,4981,106111,33802,10614907780,2,-1,199240
pg2203,20220218,20220218,112115000,11:21:15,4981,106111,33802,10614907780,0,0,0
pg2203,20220218,20220218,112115500,11:21:15,4981,106112,33802,10615007400,1,0,99620
pg2203,20220218,20220218,112117000,11:21:17,4981,106112,33802,10615007400,0,0,0
pg2203,20220218,20220218,112117500,11:21:18,4981,106114,33803,10615206640,2,1,199240
pg2203,20220218,20220218,112118500,11:21:18,4981,106116,33803,10615405880,2,0,199240
pg2203,20220218,20220218,112119000,11:21:19,4981,106116,33803,10615405880,0,0,0
pg2203,20220218,20220218,112119500,11:21:20,4980,106121,33806,10615903880,5,3,498000
pg2203,20220218,20220218,112120500,11:21:22,4980,106121,33806,10615903880,0,0,0
pg2203,20220218,20220218,112121000,11:21:22,4980,106121,33806,10615903880,0,0,0
pg2203,20220218,20220218,112122000,11:21:22,4980,106122,33805,10616003480,1,-1,99600
pg2203,20220218,20220218,112122500,11:21:22,4980,106122,33805,10616003480,0,0,0
pg2203,20220218,20220218,112124500,11:21:25,4980,106122,33805,10616003480,0,0,0
pg2203,20220218,20220218,112125000,11:22:28,4981,106123,33805,10616103100,1,0,99620
pg2203,20220218,20220218,112125500,11:23:32,4981,106125,33805,10616302320,2,0,199220
pg2203,20220218,20220218,112126000,11:23:33,4981,106126,33805,10616401940,1,0,99620
pg2203,20220218,20220218,112332000,11:23:33,4981,106126,33805,10616401940,0,0,0
pg2203,20220218,20220218,112333000,11:23:33,4981,106126,33805,10616401940,0,0,0
pg2203,20220218,20220218,112333500,11:23:33,4981,106126,33805,10616401940,0,0,0
pg2203,20220218,20220218,112334000,11:23:34,4977,106356,33748,10639293480,230,-57,22891540
pg2203,20220218,20220218,112334500,11:23:34,4976,106366,33755,10640288860,10,7,995380
pg2203,20220218,20220218,112335000,11:23:35,4976,106366,33755,10640288860,0,0,0
pg2203,20220218,20220218,112336500,11:23:38,4977,106367,33756,10640388400,1,1,99540
pg2203,20220218,20220218,112337000,11:23:38,4977,106367,33756,10640388400,0,0,0
pg2203,20220218,20220218,112337500,11:23:38,4977,106367,33756,10640388400,0,0,0
pg2203,20220218,20220218,112338000,11:23:38,4977,106367,33756,10640388400,0,0,0
pg2203,20220218,20220218,112338500,11:23:38,4977,106367,33756,10640388400,0,0,0
pg2203,20220218,20220218,112339000,11:23:39,4977,106368,33756,10640487940,1,0,99540
pg2203,20220218,20220218,112339500,11:23:39,4977,106368,33756,10640487940,0,0,0
pg2203,20220218,20220218,112340000,11:23:40,4977,106368,33756,10640487940,0,0,0
pg2203,20220218,20220218,112341000,11:23:41,4978,106369,33757,10640587500,1,1,99560
pg2203,20220218,20220218,112342500,11:23:43,4978,106369,33757,10640587500,0,0,0
pg2203,20220218,20220218,112343500,11:23:43,4978,106373,33760,10640985680,4,3,398180
pg2203,20220218,20220218,112344000,11:23:48,4978,106385,33766,10642180400,12,6,1194720
pg2203,20220218,20220218,112344500,11:23:48,4978,106386,33766,10642279960,1,0,99560
pg2203,20220218,20220218,112345000,11:23:48,4978,106386,33766,10642279960,0,0,0
pg2203,20220218,20220218,112348000,11:23:48,4978,106391,33764,10642777760,5,-2,497800
pg2203,20220218,20220218,112348500,11:23:49,4978,106391,33764,10642777760,0,0,0
pg2203,20220218,20220218,112350000,11:23:50,4978,106393,33764,10642976880,2,0,199120
pg2203,20220218,20220218,112350500,11:23:50,4978,106394,33764,10643076440,1,0,99560
pg2203,20220218,20220218,112351000,11:23:51,4978,106394,33764,10643076440,0,0,0
pg2203,20220218,20220218,112352000,11:23:52,4978,106394,33764,10643076440,0,0,0
pg2203,20220218,20220218,112352500,11:23:53,4978,106398,33760,10643474680,4,-4,398240
pg2203,20220218,20220218,112353000,11:23:53,4978,106398,33760,10643474680,0,0,0
pg2203,20220218,20220218,112355000,11:23:55,4979,106399,33761,10643574260,1,1,99580
pg2203,20220218,20220218,112355500,11:23:55,4979,106399,33761,10643574260,0,0,0
pg2203,20220218,20220218,112358000,11:23:58,4978,106400,33761,10643673820,1,0,99560
pg2203,20220218,20220218,112358500,11:23:58,4978,106400,33761,10643673820,0,0,0
pg2203,20220218,20220218,112359000,11:23:59,4978,106400,33761,10643673820,0,0,0
pg2203,20220218,20220218,112400500,11:24:00,4979,106401,33761,10643773400,1,0,99580
pg2203,20220218,20220218,112401000,11:24:01,4979,106401,33761,10643773400,0,0,0
pg2203,20220218,20220218,112402000,11:24:02,4978,106402,33761,10643872960,1,0,99560
pg2203,20220218,20220218,112402500,11:24:02,4978,106402,33761,10643872960,0,0,0
pg2203,20220218,20220218,112404500,11:24:04,4978,106402,33761,10643872960,0,0,0
pg2203,20220218,20220218,112405000,11:24:05,4978,106402,33761,10643872960,0,0,0
pg2203,20220218,20220218,112406000,11:24:06,4978,106402,33761,10643872960,0,0,0
pg2203,20220218,20220218,112406500,11:24:06,4978,106402,33761,10643872960,0,0,0
pg2203,20220218,20220218,112407000,11:24:07,4978,106402,33761,10643872960,0,0,0
pg2203,20220218,20220218,112407500,11:24:08,4979,106412,33759,10644868760,10,-2,995800
pg2203,20220218,20220218,112408000,11:24:08,4979,106413,33760,10644968340,1,1,99580
pg2203,20220218,20220218,112408500,11:24:08,4979,106415,33759,10645167500,2,-1,199160
pg2203,20220218,20220218,112409000,11:24:11,4979,106416,33759,10645267080,1,0,99580
pg2203,20220218,20220218,112410000,11:24:12,4979,106417,33758,10645366660,1,-1,99580
pg2203,20220218,20220218,112411500,11:24:12,4978,106419,33757,10645565780,2,-1,199120
pg2203,20220218,20220218,112412000,11:24:12,4978,106421,33757,10645764900,2,0,199120
pg2203,20220218,20220218,112412500,11:24:13,4977,106422,33756,10645864440,1,-1,99540
pg2203,20220218,20220218,112413000,11:24:13,4979,106436,33748,10647258540,14,-8,1394100
pg2203,20220218,20220218,112414000,11:24:14,4979,106436,33748,10647258540,0,0,0
pg2203,20220218,20220218,112416500,11:24:17,4979,106439,33747,10647557280,3,-1,298740
pg2203,20220218,20220218,112417000,11:24:17,4979,106439,33747,10647557280,0,0,0
pg2203,20220218,20220218,112417500,11:24:18,4979,106439,33747,10647557280,0,0,0
pg2203,20220218,20220218,112418000,11:24:18,4978,106441,33748,10647756400,2,1,199120
pg2203,20220218,20220218,112418500,11:24:19,4978,106441,33748,10647756400,0,0,0
pg2203,20220218,20220218,112419000,11:24:19,4978,106441,33748,10647756400,0,0,0
pg2203,20220218,20220218,112420500,11:24:20,4978,106441,33748,10647756400,0,0,0
pg2203,20220218,20220218,112421500,11:24:22,4979,106444,33749,10648055140,3,1,298740
pg2203,20220218,20220218,112422000,11:24:22,4979,106446,33750,10648254300,2,1,199160
pg2203,20220218,20220218,112422500,11:24:23,4979,106447,33750,10648353880,1,0,99580
pg2203,20220218,20220218,112423500,11:24:23,4979,106447,33750,10648353880,0,0,0
pg2203,20220218,20220218,112424500,11:24:24,4978,106449,33749,10648552980,2,-1,199100
pg2203,20220218,20220218,112427000,11:24:27,4978,106449,33749,10648552980,0,0,0
pg2203,20220218,20220218,112427500,11:24:28,4978,106449,33749,10648552980,0,0,0
pg2203,20220218,20220218,112428500,11:24:28,4978,106449,33749,10648552980,0,0,0
pg2203,20220218,20220218,112429000,11:24:29,4978,106449,33749,10648552980,0,0,0
pg2203,20220218,20220218,112430000,11:24:30,4978,106449,33749,10648552980,0,0,0
pg2203,20220218,20220218,112434000,11:24:34,4978,106449,33749,10648552980,0,0,0
pg2203,20220218,20220218,112434500,11:24:34,4978,106450,33749,10648652540,1,0,99560
pg2203,20220218,20220218,112436000,11:24:36,4977,106452,33747,10648851620,2,-2,199080
pg2203,20220218,20220218,112438000,11:24:39,4977,106453,33747,10648951160,1,0,99540
pg2203,20220218,20220218,112438500,11:24:40,4977,106453,33747,10648951160,0,0,0
pg2203,20220218,20220218,112439000,11:24:40,4977,106453,33747,10648951160,0,0,0
pg2203,20220218,20220218,112440500,11:24:40,4977,106454,33747,10649050700,1,0,99540
pg2203,20220218,20220218,112441500,11:24:41,4977,106454,33747,10649050700,0,0,0
pg2203,20220218,20220218,112444500,11:24:44,4977,106455,33747,10649150240,1,0,99540
pg2203,20220218,20220218,112446000,11:24:46,4977,106464,33744,10650046100,9,-3,895860
pg2203,20220218,20220218,112447000,11:24:47,4977,106464,33744,10650046100,0,0,0
pg2203,20220218,20220218,112447500,11:24:47,4977,106464,33744,10650046100,0,0,0
pg2203,20220218,20220218,112448000,11:24:48,4977,106465,33743,10650145640,1,-1,99540
pg2203,20220218,20220218,112448500,11:24:49,4977,106465,33743,10650145640,0,0,0
pg2203,20220218,20220218,112450500,11:24:50,4976,106466,33742,10650245160,1,-1,99520
pg2203,20220218,20220218,112451000,11:24:51,4976,106466,33742,10650245160,0,0,0
pg2203,20220218,20220218,112453000,11:24:53,4976,106466,33742,10650245160,0,0,0
pg2203,20220218,20220218,112453500,11:24:53,4976,106466,33742,10650245160,0,0,0
pg2203,20220218,20220218,112454000,11:24:54,4978,106467,33742,10650344720,1,0,99560
pg2203,20220218,20220218,112455000,11:24:55,4978,106467,33742,10650344720,0,0,0
pg2203,20220218,20220218,112455500,11:24:56,4977,106468,33741,10650444260,1,-1,99540
pg2203,20220218,20220218,112456000,11:24:56,4977,106468,33741,10650444260,0,0,0
pg2203,20220218,20220218,112456500,11:24:56,4977,106468,33741,10650444260,0,0,0
pg2203,20220218,20220218,112458000,11:24:58,4977,106468,33741,10650444260,0,0,0
pg2203,20220218,20220218,112459000,11:24:59,4977,106472,33740,10650842420,4,-1,398160
pg2203,20220218,20220218,112459500,11:24:59,4977,106475,33740,10651141040,3,0,298620
pg2203,20220218,20220218,112500000,11:25:00,4977,106476,33740,10651240580,1,0,99540
pg2203,20220218,20220218,112501000,11:25:02,4978,106477,33741,10651340140,1,1,99560
pg2203,20220218,20220218,112501500,11:25:05,4978,106477,33741,10651340140,0,0,0
pg2203,20220218,20220218,112502000,11:25:05,4978,106477,33741,10651340140,0,0,0
pg2203,20220218,20220218,112502500,11:25:06,4977,106478,33740,10651439680,1,-1,99540
pg2203,20220218,20220218,112504500,11:25:06,4980,106523,33740,10655920840,45,0,4481160
pg2203,20220218,20220218,112505500,11:25:06,4980,106532,33740,10656817240,9,0,896400
pg2203,20220218,20220218,112506500,11:25:07,4980,106533,33741,10656916840,1,1,99600
pg2203,20220218,20220218,112507000,11:25:07,4981,106535,33743,10657116080,2,2,199240
pg2203,20220218,20220218,112507500,11:25:07,4981,106538,33743,10657414940,3,0,298860
pg2203,20220218,20220218,112508000,11:25:08,4981,106538,33743,10657414940,0,0,0
pg2203,20220218,20220218,112508500,11:25:08,4981,106538,33743,10657414940,0,0,0
pg2203,20220218,20220218,112509000,11:25:09,4981,106540,33743,10657614180,2,0,199240
pg2203,20220218,20220218,112509500,11:25:09,4980,106543,33743,10657913020,3,0,298840
pg2203,20220218,20220218,112510000,11:25:10,4981,106544,33742,10658012640,1,-1,99620
pg2203,20220218,20220218,112510500,11:25:10,4981,106547,33741,10658311540,3,-1,298900
pg2203,20220218,20220218,112511000,11:25:11,4982,106554,33739,10659008980,7,-2,697440
pg2203,20220218,20220218,112511500,11:25:11,4982,106555,33738,10659108620,1,-1,99640
pg2203,20220218,20220218,112512000,11:25:12,4982,106555,33738,10659108620,0,0,0
pg2203,20220218,20220218,112512500,11:25:12,4982,106556,33737,10659208260,1,-1,99640
pg2203,20220218,20220218,112513500,11:25:15,4982,106558,33736,10659407540,2,-1,199280
pg2203,20220218,20220218,112514000,11:25:15,4982,106559,33735,10659507180,1,-1,99640
pg2203,20220218,20220218,112514500,11:25:16,4983,106560,33735,10659606840,1,0,99660
pg2203,20220218,20220218,112515000,11:25:16,4982,106565,33730,10660105040,5,-5,498200
pg2203,20220218,20220218,112515500,11:25:16,4983,106569,33727,10660503640,4,-3,398600
pg2203,20220218,20220218,112516000,11:25:16,4983,106569,33727,10660503640,0,0,0
pg2203,20220218,20220218,112516500,11:25:16,4983,106571,33728,10660702940,2,1,199300
pg2203,20220218,20220218,112517500,11:25:18,4983,106571,33728,10660702940,0,0,0
pg2203,20220218,20220218,112518000,11:25:19,4982,106585,33717,10662097900,14,-11,1394960
pg2203,20220218,20220218,112518500,11:25:19,4981,106588,33716,10662396760,3,-1,298860
pg2203,20220218,20220218,112519000,11:25:19,4981,106589,33715,10662496380,1,-1,99620
pg2203,20220218,20220218,112520000,11:25:20,4981,106598,33707,10663392960,9,-8,896580
pg2203,20220218,20220218,112520500,11:25:21,4981,106598,33707,10663392960,0,0,0
pg2203,20220218,20220218,112521500,11:25:22,4981,106603,33703,10663891060,5,-4,498100
pg2203,20220218,20220218,112522000,11:25:22,4981,106603,33703,10663891060,0,0,0
pg2203,20220218,20220218,112522500,11:25:23,4981,106603,33703,10663891060,0,0,0
pg2203,20220218,20220218,112523000,11:25:23,4981,106606,33703,10664189920,3,0,298860
pg2203,20220218,20220218,112523500,11:25:24,4981,106609,33704,10664488780,3,1,298860
pg2203,20220218,20220218,112524000,11:25:25,4981,106609,33704,10664488780,0,0,0
pg2203,20220218,20220218,112525000,11:25:25,4981,106609,33704,10664488780,0,0,0
pg2203,20220218,20220218,112525500,11:25:26,4981,106610,33703,10664588400,1,-1,99620
pg2203,20220218,20220218,112526000,11:25:26,4981,106610,33703,10664588400,0,0,0
pg2203,20220218,20220218,112527000,11:25:28,4982,106611,33703,10664688040,1,0,99640
pg2203,20220218,20220218,112527500,11:25:28,4982,106611,33703,10664688040,0,0,0
pg2203,20220218,20220218,112528000,11:25:28,4980,106612,33704,10664787640,1,1,99600
pg2203,20220218,20220218,112528500,11:25:28,4980,106615,33702,10665086440,3,-2,298800
pg2203,20220218,20220218,112529000,11:25:29,4980,106615,33702,10665086440,0,0,0
pg2203,20220218,20220218,112530000,11:25:31,4980,106615,33702,10665086440,0,0,0
pg2203,20220218,20220218,112530500,11:25:31,4979,106623,33704,10665883100,8,2,796660
pg2203,20220218,20220218,112531000,11:25:31,4980,106626,33703,10666181880,3,-1,298780
pg2203,20220218,20220218,112531500,11:25:32,4980,106626,33703,10666181880,0,0,0
pg2203,20220218,20220218,112533500,11:25:33,4978,106635,33696,10667078020,9,-7,896140
pg2203,20220218,20220218,112534000,11:25:34,4978,106635,33696,10667078020,0,0,0
pg2203,20220218,20220218,112534500,11:25:36,4978,106635,33696,10667078020,0,0,0
pg2203,20220218,20220218,112535000,11:25:36,4980,106636,33696,10667177620,1,0,99600
pg2203,20220218,20220218,112535500,11:25:37,4979,106637,33696,10667277200,1,0,99580
pg2203,20220218,20220218,112536000,11:25:37,4979,106638,33696,10667376780,1,0,99580
pg2203,20220218,20220218,112537500,11:25:38,4979,106638,33696,10667376780,0,0,0
pg2203,20220218,20220218,112538000,11:25:38,4979,106638,33696,10667376780,0,0,0
pg2203,20220218,20220218,112538500,11:25:39,4979,106638,33696,10667376780,0,0,0
pg2203,20220218,20220218,112539000,11:25:39,4979,106638,33696,10667376780,0,0,0
pg2203,20220218,20220218,112542000,11:25:42,4979,106641,33693,10667675520,3,-3,298740
pg2203,20220218,20220218,112542500,11:25:43,4979,106641,33693,10667675520,0,0,0
pg2203,20220218,20220218,112543500,11:25:43,4979,106641,33693,10667675520,0,0,0
pg2203,20220218,20220218,112544500,11:25:44,4978,106642,33693,10667775080,1,0,99560
pg2203,20220218,20220218,112545000,11:25:45,4978,106650,33691,10668571560,8,-2,796480
pg2203,20220218,20220218,112545500,11:25:46,4978,106651,33690,10668671120,1,-1,99560
pg2203,20220218,20220218,112546000,11:25:47,4978,106651,33690,10668671120,0,0,0
pg2203,20220218,20220218,112546500,11:25:47,4977,106652,33689,10668770660,1,-1,99540
pg2203,20220218,20220218,112547000,11:25:48,4977,106653,33689,10668870200,1,0,99540
pg2203,20220218,20220218,112547500,11:25:48,4977,106653,33689,10668870200,0,0,0
pg2203,20220218,20220218,112548500,11:25:48,4977,106653,33689,10668870200,0,0,0
pg2203,20220218,20220218,112549000,11:25:49,4978,106654,33688,10668969760,1,-1,99560
pg2203,20220218,20220218,112549500,11:25:49,4978,106654,33688,10668969760,0,0,0
pg2203,20220218,20220218,112550000,11:25:50,4978,106654,33688,10668969760,0,0,0
pg2203,20220218,20220218,112550500,11:25:51,4978,106654,33688,10668969760,0,0,0
pg2203,20220218,20220218,112552000,11:25:52,4978,106655,33688,10669069320,1,0,99560
pg2203,20220218,20220218,112553500,11:25:54,4978,106655,33688,10669069320,0,0,0
pg2203,20220218,20220218,112554000,11:25:54,4978,106656,33687,10669168880,1,-1,99560
pg2203,20220218,20220218,112556000,11:25:57,4978,106656,33687,10669168880,0,0,0
pg2203,20220218,20220218,112556500,11:25:57,4978,106656,33687,10669168880,0,0,0
pg2203,20220218,20220218,112557500,11:25:57,4978,106657,33687,10669268440,1,0,99560
pg2203,20220218,20220218,112559000,11:26:00,4978,106659,33687,10669467540,2,0,199100
pg2203,20220218,20220218,112600000,11:26:00,4978,106659,33687,10669467540,0,0,0
pg2203,20220218,20220218,112601000,11:26:01,4978,106659,33687,10669467540,0,0,0
pg2203,20220218,20220218,112602000,11:26:03,4978,106659,33687,10669467540,0,0,0
pg2203,20220218,20220218,112602500,11:26:03,4978,106659,33687,10669467540,0,0,0
pg2203,20220218,20220218,112603000,11:26:03,4978,106659,33687,10669467540,0,0,0
pg2203,20220218,20220218,112603500,11:26:04,4978,106659,33687,10669467540,0,0,0
pg2203,20220218,20220218,112604000,11:26:05,4978,106659,33687,10669467540,0,0,0
pg2203,20220218,20220218,112604500,11:26:05,4977,106661,33686,10669666620,2,-1,199080
pg2203,20220218,20220218,112605500,11:26:06,4978,106662,33687,10669766180,1,1,99560
pg2203,20220218,20220218,112606000,11:26:06,4978,106662,33687,10669766180,0,0,0
pg2203,20220218,20220218,112606500,11:26:07,4979,106666,33684,10670164440,4,-3,398260
pg2203,20220218,20220218,112607000,11:26:09,4978,106667,33683,10670264000,1,-1,99560
pg2203,20220218,20220218,112609000,11:26:10,4978,106667,33683,10670264000,0,0,0
pg2203,20220218,20220218,112610000,11:26:10,4978,106667,33683,10670264000,0,0,0
pg2203,20220218,20220218,112610500,11:26:11,4977,106668,33682,10670363540,1,-1,99540
pg2203,20220218,20220218,112611000,11:26:11,4977,106668,33682,10670363540,0,0,0
pg2203,20220218,20220218,112611500,11:26:13,4977,106668,33682,10670363540,0,0,0
pg2203,20220218,20220218,112612000,11:26:14,4977,106668,33682,10670363540,0,0,0
pg2203,20220218,20220218,112612500,11:26:15,4977,106668,33682,10670363540,0,0,0
pg2203,20220218,20220218,112613500,11:26:15,4977,106668,33682,10670363540,0,0,0
pg2203,20220218,20220218,112614000,11:26:15,4977,106668,33682,10670363540,0,0,0
pg2203,20220218,20220218,112614500,11:26:16,4978,106669,33682,10670463100,1,0,99560
pg2203,20220218,20220218,112616000,11:26:16,4978,106669,33682,10670463100,0,0,0
pg2203,20220218,20220218,112618500,11:26:19,4978,106669,33682,10670463100,0,0,0
pg2203,20220218,20220218,112619000,11:26:19,4978,106670,33682,10670562660,1,0,99560
pg2203,20220218,20220218,112619500,11:26:20,4978,106687,33671,10672254860,17,-11,1692200
pg2203,20220218,20220218,112620000,11:26:20,4978,106688,33670,10672354420,1,-1,99560
pg2203,20220218,20220218,112620500,11:26:20,4978,106688,33670,10672354420,0,0,0
pg2203,20220218,20220218,112623500,11:26:23,4978,106688,33670,10672354420,0,0,0
pg2203,20220218,20220218,112624000,11:26:24,4978,106689,33670,10672453980,1,0,99560
pg2203,20220218,20220218,112624500,11:26:24,4976,106690,33670,10672553500,1,0,99520
pg2203,20220218,20220218,112625000,11:26:25,4976,106694,33669,10672951580,4,-1,398080
pg2203,20220218,20220218,112625500,11:26:26,4976,106694,33669,10672951580,0,0,0
pg2203,20220218,20220218,112626500,11:26:27,4976,106695,33669,10673051100,1,0,99520
pg2203,20220218,20220218,112628500,11:26:28,4976,106695,33669,10673051100,0,0,0
pg2203,20220218,20220218,112633000,11:26:33,4976,106696,33668,10673150620,1,-1,99520
pg2203,20220218,20220218,112633500,11:26:34,4977,106698,33668,10673349700,2,0,199080
pg2203,20220218,20220218,112634000,11:26:36,4976,106699,33667,10673449220,1,-1,99520
pg2203,20220218,20220218,112634500,11:26:37,4976,106700,33666,10673548740,1,-1,99520
pg2203,20220218,20220218,112635000,11:26:37,4976,106702,33665,10673747780,2,-1,199040
pg2203,20220218,20220218,112637000,11:26:54,4976,106702,33665,10673747780,0,0,0
pg2203,20220218,20220218,112637500,11:26:54,4976,106702,33665,10673747780,0,0,0
pg2203,20220218,20220218,112638000,11:27:10,4976,106702,33665,10673747780,0,0,0
pg2203,20220218,20220218,112653500,11:27:11,4976,106702,33665,10673747780,0,0,0
pg2203,20220218,20220218,112709500,11:27:12,4976,106702,33665,10673747780,0,0,0
pg2203,20220218,20220218,112710500,11:27:12,4976,106702,33665,10673747780,0,0,0
pg2203,20220218,20220218,112712000,11:27:13,4976,106702,33665,10673747780,0,0,0
pg2203,20220218,20220218,112713000,11:27:14,4976,106702,33665,10673747780,0,0,0
pg2203,20220218,20220218,112714000,11:27:15,4974,106798,33661,10683299680,96,-4,9551900
pg2203,20220218,20220218,112714500,11:27:15,4974,106798,33661,10683299680,0,0,0
pg2203,20220218,20220218,112718000,11:27:18,4975,106799,33662,10683399180,1,1,99500
pg2203,20220218,20220218,112718500,11:27:19,4974,106807,33668,10684195160,8,6,795980
pg2203,20220218,20220218,112719000,11:27:19,4974,106807,33668,10684195160,0,0,0
pg2203,20220218,20220218,112719500,11:27:20,4974,106807,33668,10684195160,0,0,0
pg2203,20220218,20220218,112720500,11:27:21,4974,106808,33667,10684294640,1,-1,99480
pg2203,20220218,20220218,112721000,11:27:21,4974,106808,33667,10684294640,0,0,0
pg2203,20220218,20220218,112721500,11:27:22,4974,106808,33667,10684294640,0,0,0
pg2203,20220218,20220218,112722000,11:27:22,4975,106809,33667,10684394140,1,0,99500
pg2203,20220218,20220218,112722500,11:27:23,4975,106809,33667,10684394140,0,0,0
pg2203,20220218,20220218,112723000,11:27:26,4975,106809,33667,10684394140,0,0,0
pg2203,20220218,20220218,112726500,11:27:27,4975,106809,33667,10684394140,0,0,0
pg2203,20220218,20220218,112728500,11:27:28,4975,106809,33667,10684394140,0,0,0
pg2203,20220218,20220218,112729000,11:27:29,4975,106809,33667,10684394140,0,0,0
pg2203,20220218,20220218,112730000,11:27:30,4975,106809,33667,10684394140,0,0,0
pg2203,20220218,20220218,112730500,11:27:31,4974,106815,33662,10684991020,6,-5,596880
pg2203,20220218,20220218,112731000,11:27:33,4973,106818,33661,10685289400,3,-1,298380
pg2203,20220218,20220218,112731500,11:27:35,4973,106820,33660,10685488320,2,-1,198920
pg2203,20220218,20220218,112735500,11:27:36,4973,106821,33659,10685587780,1,-1,99460
pg2203,20220218,20220218,112736000,11:27:37,4973,106822,33660,10685687240,1,1,99460
pg2203,20220218,20220218,112736500,11:27:38,4973,106822,33660,10685687240,0,0,0
pg2203,20220218,20220218,112737500,11:27:38,4973,106824,33659,10685886160,2,-1,198920
pg2203,20220218,20220218,112738500,11:27:39,4973,106824,33659,10685886160,0,0,0
pg2203,20220218,20220218,112739500,11:27:39,4975,106829,33662,10686383660,5,3,497500
pg2203,20220218,20220218,112740000,11:27:40,4975,106829,33662,10686383660,0,0,0
pg2203,20220218,20220218,112740500,11:27:40,4974,106830,33662,10686483140,1,0,99480
pg2203,20220218,20220218,112741000,11:27:41,4974,106830,33662,10686483140,0,0,0
pg2203,20220218,20220218,112741500,11:27:42,4974,106831,33663,10686582620,1,1,99480
pg2203,20220218,20220218,112743000,11:27:43,4974,106832,33663,10686682100,1,0,99480
pg2203,20220218,20220218,112743500,11:27:43,4975,106833,33664,10686781600,1,1,99500
pg2203,20220218,20220218,112745000,11:27:46,4975,106834,33665,10686881100,1,1,99500
pg2203,20220218,20220218,112745500,11:27:46,4975,106835,33664,10686980600,1,-1,99500
pg2203,20220218,20220218,112747000,11:27:47,4976,106836,33663,10687080120,1,-1,99520
pg2203,20220218,20220218,112748000,11:27:53,4976,106836,33663,10687080120,0,0,0
pg2203,20220218,20220218,112749000,11:27:54,4976,106836,33663,10687080120,0,0,0
pg2203,20220218,20220218,112752000,11:27:54,4975,106837,33662,10687179620,1,-1,99500
pg2203,20220218,20220218,112755500,11:27:55,4975,106837,33662,10687179620,0,0,0
pg2203,20220218,20220218,112759500,11:27:59,4975,106837,33662,10687179620,0,0,0
pg2203,20220218,20220218,112800000,11:28:01,4976,106852,33664,10688672420,15,2,1492800
pg2203,20220218,20220218,112800500,11:28:01,4977,106863,33659,10689767360,11,-5,1094940
pg2203,20220218,20220218,112801000,11:28:01,4978,106865,33659,10689966480,2,0,199120
pg2203,20220218,20220218,112801500,11:28:02,4978,106865,33659,10689966480,0,0,0
pg2203,20220218,20220218,112802000,11:28:03,4978,106879,33664,10691359980,14,5,1393500
pg2203,20220218,20220218,112802500,11:28:03,4976,106882,33666,10691658580,3,2,298600
pg2203,20220218,20220218,112803000,11:28:04,4976,106882,33666,10691658580,0,0,0
pg2203,20220218,20220218,112803500,11:28:04,4976,106882,33666,10691658580,0,0,0
pg2203,20220218,20220218,112804500,11:28:06,4976,106882,33666,10691658580,0,0,0
pg2203,20220218,20220218,112807000,11:28:10,4976,106882,33666,10691658580,0,0,0
pg2203,20220218,20220218,112810000,11:28:11,4976,106895,33668,10692952360,13,2,1293780
pg2203,20220218,20220218,112813500,11:28:14,4976,106895,33668,10692952360,0,0,0
pg2203,20220218,20220218,112814500,11:28:14,4976,106895,33668,10692952360,0,0,0
pg2203,20220218,20220218,112818000,11:28:18,4976,106897,33666,10693151400,2,-2,199040
pg2203,20220218,20220218,112820500,11:28:20,4976,106897,33666,10693151400,0,0,0
pg2203,20220218,20220218,112821500,11:28:22,4976,106898,33666,10693250920,1,0,99520
pg2203,20220218,20220218,112823500,11:28:24,4976,106898,33666,10693250920,0,0,0
pg2203,20220218,20220218,112824000,11:28:24,4976,106898,33666,10693250920,0,0,0
pg2203,20220218,20220218,112824500,11:28:25,4976,106898,33666,10693250920,0,0,0
pg2203,20220218,20220218,112826500,11:28:27,4975,106902,33663,10693648920,4,-3,398000
pg2203,20220218,20220218,112827000,11:28:27,4974,106909,33661,10694345280,7,-2,696360
pg2203,20220218,20220218,112827500,11:28:27,4974,106910,33660,10694444760,1,-1,99480
pg2203,20220218,20220218,112828000,11:28:28,4974,106911,33661,10694544240,1,1,99480
pg2203,20220218,20220218,112831500,11:28:32,4974,106911,33661,10694544240,0,0,0
pg2203,20220218,20220218,112832500,11:28:33,4973,106913,33661,10694743180,2,0,198940
pg2203,20220218,20220218,112833000,11:28:33,4973,106913,33661,10694743180,0,0,0
pg2203,20220218,20220218,112834500,11:28:34,4973,106913,33661,10694743180,0,0,0
pg2203,20220218,20220218,112835000,11:28:35,4974,106916,33659,10695041620,3,-2,298440
pg2203,20220218,20220218,112835500,11:28:36,4974,106916,33659,10695041620,0,0,0
pg2203,20220218,20220218,112836000,11:28:37,4974,106916,33659,10695041620,0,0,0
pg2203,20220218,20220218,112837000,11:28:37,4974,106916,33659,10695041620,0,0,0
pg2203,20220218,20220218,112838000,11:28:38,4974,106918,33657,10695240580,2,-2,198960
pg2203,20220218,20220218,112838500,11:28:38,4973,106920,33657,10695439500,2,0,198920
pg2203,20220218,20220218,112840000,11:28:40,4973,106920,33657,10695439500,0,0,0
pg2203,20220218,20220218,112840500,11:28:40,4974,106934,33643,10696832220,14,-14,1392720
pg2203,20220218,20220218,112841000,11:28:41,4974,106937,33644,10697130660,3,1,298440
pg2203,20220218,20220218,112841500,11:28:41,4974,106940,33642,10697429100,3,-2,298440
pg2203,20220218,20220218,112842500,11:28:43,4974,106945,33637,10697926500,5,-5,497400
pg2203,20220218,20220218,112843000,11:28:43,4974,106945,33637,10697926500,0,0,0
pg2203,20220218,20220218,112843500,11:28:44,4973,106947,33636,10698125420,2,-1,198920
pg2203,20220218,20220218,112844000,11:28:44,4973,106947,33636,10698125420,0,0,0
pg2203,20220218,20220218,112844500,11:28:44,4973,106947,33636,10698125420,0,0,0
pg2203,20220218,20220218,112846000,11:28:46,4973,106948,33636,10698224880,1,0,99460
pg2203,20220218,20220218,112846500,11:28:46,4973,106951,33634,10698523260,3,-2,298380
pg2203,20220218,20220218,112847000,11:28:47,4973,106953,33633,10698722180,2,-1,198920
pg2203,20220218,20220218,112847500,11:28:48,4974,106954,33633,10698821660,1,0,99480
pg2203,20220218,20220218,112849000,11:28:49,4974,106956,33633,10699020600,2,0,198940
pg2203,20220218,20220218,112849500,11:28:50,4974,106956,33633,10699020600,0,0,0
pg2203,20220218,20220218,112850500,11:28:50,4973,106957,33633,10699120060,1,0,99460
pg2203,20220218,20220218,112852500,11:28:54,4974,106959,33633,10699319000,2,0,198940
pg2203,20220218,20220218,112853000,11:28:54,4974,106959,33633,10699319000,0,0,0
pg2203,20220218,20220218,112853500,11:28:54,4974,106959,33633,10699319000,0,0,0
pg2203,20220218,20220218,112854000,11:28:54,4974,106959,33633,10699319000,0,0,0
pg2203,20220218,20220218,112855500,11:28:56,4973,106960,33632,10699418460,1,-1,99460
pg2203,20220218,20220218,112856000,11:28:56,4973,106960,33632,10699418460,0,0,0
pg2203,20220218,20220218,112857500,11:28:58,4974,106970,33626,10700413140,10,-6,994680
pg2203,20220218,20220218,112858000,11:28:58,4974,106971,33626,10700512620,1,0,99480
pg2203,20220218,20220218,112859500,11:29:00,4974,106971,33626,10700512620,0,0,0
pg2203,20220218,20220218,112900000,11:29:00,4974,106971,33626,10700512620,0,0,0
pg2203,20220218,20220218,112903000,11:29:03,4974,106971,33626,10700512620,0,0,0
pg2203,20220218,20220218,112903500,11:29:04,4974,106973,33626,10700711580,2,0,198960
pg2203,20220218,20220218,112904500,11:29:04,4974,106973,33626,10700711580,0,0,0
pg2203,20220218,20220218,112905000,11:29:05,4973,106977,33624,10701109420,4,-2,397840
pg2203,20220218,20220218,112905500,11:29:06,4973,106978,33624,10701208880,1,0,99460
pg2203,20220218,20220218,112906000,11:29:06,4973,106978,33624,10701208880,0,0,0
pg2203,20220218,20220218,112906500,11:29:06,4973,106979,33623,10701308340,1,-1,99460
pg2203,20220218,20220218,112908500,11:29:08,4973,106979,33623,10701308340,0,0,0
pg2203,20220218,20220218,112909500,11:29:09,4972,106980,33623,10701407780,1,0,99440
pg2203,20220218,20220218,112910000,11:29:10,4972,106989,33618,10702302740,9,-5,894960
pg2203,20220218,20220218,112910500,11:29:11,4972,106989,33618,10702302740,0,0,0
pg2203,20220218,20220218,112911000,11:29:11,4971,106990,33618,10702402160,1,0,99420
pg2203,20220218,20220218,112911500,11:29:12,4971,106991,33618,10702501580,1,0,99420
pg2203,20220218,20220218,112912000,11:29:12,4971,107006,33607,10703992880,15,-11,1491300
pg2203,20220218,20220218,112912500,11:29:12,4971,107012,33606,10704589400,6,-1,596520
pg2203,20220218,20220218,112913000,11:29:13,4970,107016,33608,10704987040,4,2,397640
pg2203,20220218,20220218,112913500,11:29:14,4970,107023,33604,10705682880,7,-4,695840
pg2203,20220218,20220218,112914000,11:29:14,4971,107027,33604,10706080520,4,0,397640
pg2203,20220218,20220218,112914500,11:29:15,4971,107032,33602,10706577580,5,-2,497060
pg2203,20220218,20220218,112915000,11:29:15,4971,107034,33602,10706776420,2,0,198840
pg2203,20220218,20220218,112915500,11:29:16,4970,107035,33601,10706875820,1,-1,99400
pg2203,20220218,20220218,112916500,11:29:20,4971,107036,33602,10706975240,1,1,99420
pg2203,20220218,20220218,112917000,11:29:20,4971,107037,33602,10707074660,1,0,99420
pg2203,20220218,20220218,112917500,11:29:21,4970,107042,33602,10707571680,5,0,497020
pg2203,20220218,20220218,112918000,11:29:21,4970,107042,33602,10707571680,0,0,0
pg2203,20220218,20220218,112920500,11:29:22,4972,107044,33604,10707770520,2,2,198840
pg2203,20220218,20220218,112921000,11:29:22,4970,107045,33604,10707869920,1,0,99400
pg2203,20220218,20220218,112923000,11:29:24,4970,107046,33604,10707969320,1,0,99400
pg2203,20220218,20220218,112924000,11:29:24,4970,107046,33604,10707969320,0,0,0
pg2203,20220218,20220218,112924500,11:29:25,4972,107047,33604,10708068760,1,0,99440
pg2203,20220218,20220218,112925000,11:29:25,4972,107052,33605,10708565940,5,1,497180
pg2203,20220218,20220218,112925500,11:29:26,4972,107052,33605,10708565940,0,0,0
pg2203,20220218,20220218,112926000,11:29:26,4970,107070,33596,10710355400,18,-9,1789460
pg2203,20220218,20220218,112926500,11:29:26,4970,107070,33596,10710355400,0,0,0
pg2203,20220218,20220218,112927000,11:29:27,4973,107074,33593,10710753200,4,-3,397800
pg2203,20220218,20220218,112927500,11:29:27,4973,107074,33593,10710753200,0,0,0
pg2203,20220218,20220218,112929000,11:29:29,4971,107075,33592,10710852620,1,-1,99420
pg2203,20220218,20220218,112929500,11:29:30,4970,107085,33591,10711846620,10,-1,994000
pg2203,20220218,20220218,112930000,11:29:30,4970,107085,33591,10711846620,0,0,0
pg2203,20220218,20220218,112930500,11:29:31,4969,107086,33591,10711946000,1,0,99380
pg2203,20220218,20220218,112931000,11:29:32,4969,107088,33590,10712144760,2,-1,198760
pg2203,20220218,20220218,112931500,11:29:32,4970,107090,33590,10712343560,2,0,198800
pg2203,20220218,20220218,112932000,11:29:32,4970,107091,33589,10712442960,1,-1,99400
pg2203,20220218,20220218,112932500,11:29:37,4971,107094,33589,10712741200,3,0,298240
pg2203,20220218,20220218,112933000,11:29:37,4971,107094,33589,10712741200,0,0,0
pg2203,20220218,20220218,112935500,11:29:38,4970,107096,33588,10712940020,2,-1,198820
pg2203,20220218,20220218,112937500,11:29:38,4971,107105,33587,10713834760,9,-1,894740
pg2203,20220218,20220218,112938000,11:29:38,4970,107137,33588,10717016140,32,1,3181380
pg2203,20220218,20220218,112938500,11:29:39,4970,107141,33585,10717413740,4,-3,397600
pg2203,20220218,20220218,112939000,11:29:39,4970,107141,33585,10717413740,0,0,0
pg2203,20220218,20220218,112939500,11:29:40,4970,107141,33585,10717413740,0,0,0
pg2203,20220218,20220218,112940000,11:29:40,4970,107141,33585,10717413740,0,0,0
pg2203,20220218,20220218,112940500,11:29:40,4970,107142,33584,10717513140,1,-1,99400
pg2203,20220218,20220218,112941000,11:29:41,4970,107142,33584,10717513140,0,0,0
pg2203,20220218,20220218,112942000,11:29:44,4972,107148,33585,10718109660,6,1,596520
pg2203,20220218,20220218,112942500,11:29:44,4972,107150,33586,10718308540,2,1,198880
pg2203,20220218,20220218,112943000,11:29:45,4970,107152,33587,10718507340,2,1,198800
pg2203,20220218,20220218,112943500,11:29:45,4970,107155,33587,10718805540,3,0,298200
pg2203,20220218,20220218,112944500,11:29:45,4970,107157,33587,10719004340,2,0,198800
pg2203,20220218,20220218,112945000,11:29:46,4970,107157,33587,10719004340,0,0,0
pg2203,20220218,20220218,112945500,11:29:46,4970,107157,33587,10719004340,0,0,0
pg2203,20220218,20220218,112946000,11:29:47,4970,107157,33587,10719004340,0,0,0
pg2203,20220218,20220218,112946500,11:29:47,4970,107157,33587,10719004340,0,0,0
pg2203,20220218,20220218,112947500,11:29:48,4969,107159,33587,10719203100,2,0,198760
pg2203,20220218,20220218,112948000,11:29:49,4970,107171,33577,10720395800,12,-10,1192700
pg2203,20220218,20220218,112948500,11:29:50,4968,107182,33585,10721488760,11,8,1092960
pg2203,20220218,20220218,112949000,11:29:50,4969,107187,33585,10721985540,5,0,496780
pg2203,20220218,20220218,112949500,11:29:50,4969,107188,33586,10722084920,1,1,99380
pg2203,20220218,20220218,112950000,11:29:51,4967,107194,33583,10722680960,6,-3,596040
pg2203,20220218,20220218,112950500,11:29:52,4967,107202,33580,10723475780,8,-3,794820
pg2203,20220218,20220218,112951500,11:29:52,4967,107204,33579,10723674460,2,-1,198680
pg2203,20220218,20220218,112952000,11:29:53,4967,107207,33578,10723972480,3,-1,298020
pg2203,20220218,20220218,112952500,11:29:53,4967,107216,33580,10724866760,9,2,894280
pg2203,20220218,20220218,112953000,11:29:54,4967,107221,33577,10725363560,5,-3,496800
pg2203,20220218,20220218,112953500,11:29:54,4967,107221,33577,10725363560,0,0,0
pg2203,20220218,20220218,112954000,11:29:54,4968,107225,33577,10725761060,4,0,397500
pg2203,20220218,20220218,112954500,11:29:54,4968,107227,33577,10725959780,2,0,198720
pg2203,20220218,20220218,112955500,11:29:56,4968,107227,33577,10725959780,0,0,0
pg2203,20220218,20220218,112956000,11:30:00,4969,107228,33576,10726059160,1,-1,99380
pg2203,20220218,20220218,112956500,11:30:00,4970,107232,33579,10726456760,4,3,397600
pg2203,20220218,20220218,112957000,11:30:02,4969,107236,33577,10726854280,4,-2,397520
pg2203,20220218,20220218,112959500,11:30:02,4969,107240,33577,10727251860,4,0,397580
pg2203,20220218,20220218,113001000,11:30:03,4969,107240,33577,10727251860,0,0,0
pg2203,20220218,20220218,113001500,11:30:03,4969,107240,33577,10727251860,0,0,0
pg2203,20220218,20220218,133001500,13:30:02,4966,107263,33588,10729536840,23,11,2284980
pg2203,20220218,20220218,133002000,13:30:08,4966,107276,33594,10730827960,13,6,1291120
pg2203,20220218,20220218,133002500,13:30:10,4966,107282,33592,10731423980,6,-2,596020
pg2203,20220218,20220218,133008000,13:30:10,4960,107423,33568,10745418680,141,-24,13994700
pg2203,20220218,20220218,133009500,13:30:10,4960,107432,33569,10746311520,9,1,892840
pg2203,20220218,20220218,133010000,13:30:11,4959,107436,33570,10746708320,4,1,396800
pg2203,20220218,20220218,133010500,13:30:12,4959,107444,33574,10747501820,8,4,793500
pg2203,20220218,20220218,133011000,13:30:13,4961,107452,33574,10748295460,8,0,793640
pg2203,20220218,20220218,133012500,13:30:13,4959,107503,33581,10753354180,51,7,5058720
pg2203,20220218,20220218,133013000,13:30:14,4959,107503,33581,10753354180,0,0,0
pg2203,20220218,20220218,133013500,13:30:14,4960,107509,33583,10753949560,6,2,595380
pg2203,20220218,20220218,133014000,13:30:16,4960,107509,33583,10753949560,0,0,0
pg2203,20220218,20220218,133014500,13:30:17,4961,107514,33585,10754445600,5,2,496040
pg2203,20220218,20220218,133016500,13:30:18,4962,107525,33586,10755537100,11,1,1091500
pg2203,20220218,20220218,133017000,13:30:18,4962,107526,33586,10755636340,1,0,99240
pg2203,20220218,20220218,133017500,13:30:19,4962,107536,33579,10756628740,10,-7,992400
pg2203,20220218,20220218,133018000,13:30:19,4963,107543,33575,10757323560,7,-4,694820
pg2203,20220218,20220218,133018500,13:30:20,4963,107543,33575,10757323560,0,0,0
pg2203,20220218,20220218,133019000,13:30:20,4964,107544,33575,10757422840,1,0,99280
pg2203,20220218,20220218,133019500,13:30:21,4964,107546,33575,10757621400,2,0,198560
pg2203,20220218,20220218,133020000,13:30:21,4963,107548,33574,10757819940,2,-1,198540
pg2203,20220218,20220218,133020500,13:30:21,4964,107549,33574,10757919220,1,0,99280
pg2203,20220218,20220218,133021000,13:30:21,4964,107549,33574,10757919220,0,0,0
pg2203,20220218,20220218,133022000,13:30:38,4965,107564,33566,10759408660,15,-8,1489440
pg2203,20220218,20220218,133022500,13:30:38,4965,107571,33561,10760103760,7,-5,695100
pg2203,20220218,20220218,133023000,13:30:39,4966,107575,33563,10760501040,4,2,397280
pg2203,20220218,20220218,133037500,13:30:40,4968,107607,33563,10763679720,32,0,3178680
pg2203,20220218,20220218,133038500,13:30:42,4967,107609,33565,10763878420,2,2,198700
pg2203,20220218,20220218,133040000,13:30:43,4968,107612,33564,10764176460,3,-1,298040
pg2203,20220218,20220218,133041000,13:30:43,4968,107612,33564,10764176460,0,0,0
pg2203,20220218,20220218,133042000,13:30:44,4968,107617,33567,10764673240,5,3,496780
pg2203,20220218,20220218,133042500,13:30:44,4967,107618,33568,10764772580,1,1,99340
pg2203,20220218,20220218,133044000,13:30:46,4967,107620,33567,10764971260,2,-1,198680
pg2203,20220218,20220218,133044500,13:30:46,4967,107620,33567,10764971260,0,0,0
pg2203,20220218,20220218,133045000,13:30:46,4965,107626,33569,10765567120,6,2,595860
pg2203,20220218,20220218,133045500,13:30:46,4966,107627,33570,10765666440,1,1,99320
pg2203,20220218,20220218,133046000,13:30:47,4965,107628,33570,10765765740,1,0,99300
pg2203,20220218,20220218,133046500,13:30:47,4965,107629,33571,10765865040,1,1,99300
pg2203,20220218,20220218,133047000,13:30:48,4965,107630,33571,10765964340,1,0,99300
pg2203,20220218,20220218,133048500,13:30:49,4965,107631,33570,10766063640,1,-1,99300
pg2203,20220218,20220218,133050000,13:30:51,4963,107647,33561,10767652100,16,-9,1588460
pg2203,20220218,20220218,133050500,13:30:52,4963,107647,33561,10767652100,0,0,0
pg2203,20220218,20220218,133051000,13:30:52,4963,107648,33561,10767751360,1,0,99260
pg2203,20220218,20220218,133051500,13:30:52,4964,107649,33561,10767850640,1,0,99280
pg2203,20220218,20220218,133053000,13:30:54,4965,107655,33562,10768446420,6,1,595780
pg2203,20220218,20220218,133053500,13:30:54,4966,107659,33563,10768843680,4,1,397260
pg2203,20220218,20220218,133054000,13:30:55,4966,107659,33563,10768843680,0,0,0
pg2203,20220218,20220218,133054500,13:30:55,4966,107660,33564,10768943000,1,1,99320
pg2203,20220218,20220218,133055000,13:30:56,4966,107662,33565,10769141640,2,1,198640
pg2203,20220218,20220218,133055500,13:30:56,4966,107662,33565,10769141640,0,0,0
pg2203,20220218,20220218,133056000,13:30:57,4966,107662,33565,10769141640,0,0,0
pg2203,20220218,20220218,133056500,13:30:57,4966,107662,33565,10769141640,0,0,0
pg2203,20220218,20220218,133057000,13:30:58,4966,107662,33565,10769141640,0,0,0
pg2203,20220218,20220218,133057500,13:30:58,4966,107666,33562,10769538920,4,-3,397280
pg2203,20220218,20220218,133058000,13:30:58,4965,107672,33560,10770134780,6,-2,595860
pg2203,20220218,20220218,133058500,13:30:59,4965,107672,33560,10770134780,0,0,0
pg2203,20220218,20220218,133059000,13:30:59,4966,107673,33561,10770234100,1,1,99320
pg2203,20220218,20220218,133059500,13:31:00,4966,107673,33561,10770234100,0,0,0
pg2203,20220218,20220218,133100000,13:31:00,4966,107673,33561,10770234100,0,0,0
pg2203,20220218,20220218,133100500,13:31:01,4966,107674,33560,10770333420,1,-1,99320
pg2203,20220218,20220218,133101000,13:31:01,4966,107674,33560,10770333420,0,0,0
pg2203,20220218,20220218,133101500,13:31:01,4966,107674,33560,10770333420,0,0,0
pg2203,20220218,20220218,133102000,13:31:02,4966,107674,33560,10770333420,0,0,0
pg2203,20220218,20220218,133102500,13:31:03,4968,107698,33549,10772717680,24,-11,2384260
pg2203,20220218,20220218,133103000,13:31:03,4967,107704,33546,10773313740,6,-3,596060
pg2203,20220218,20220218,133103500,13:31:05,4967,107707,33546,10773611760,3,0,298020
pg2203,20220218,20220218,133104500,13:31:07,4967,107708,33546,10773711100,1,0,99340
pg2203,20220218,20220218,133105500,13:31:08,4967,107715,33549,10774406540,7,3,695440
pg2203,20220218,20220218,133107000,13:31:09,4967,107715,33549,10774406540,0,0,0
pg2203,20220218,20220218,133107500,13:31:09,4968,107716,33549,10774505900,1,0,99360
pg2203,20220218,20220218,133108500,13:31:09,4967,107717,33549,10774605240,1,0,99340
pg2203,20220218,20220218,133109000,13:31:10,4967,107717,33549,10774605240,0,0,0
pg2203,20220218,20220218,133110000,13:31:11,4966,107718,33548,10774704560,1,-1,99320
pg2203,20220218,20220218,133110500,13:31:11,4968,107728,33550,10775698140,10,2,993580
pg2203,20220218,20220218,133111000,13:31:12,4968,107728,33550,10775698140,0,0,0
pg2203,20220218,20220218,133111500,13:31:12,4967,107730,33550,10775896820,2,0,198680
pg2203,20220218,20220218,133112500,13:31:13,4966,107731,33549,10775996140,1,-1,99320
pg2203,20220218,20220218,133113000,13:31:14,4966,107731,33549,10775996140,0,0,0
pg2203,20220218,20220218,133113500,13:31:15,4968,107732,33549,10776095500,1,0,99360
pg2203,20220218,20220218,133114000,13:31:15,4968,107732,33549,10776095500,0,0,0
pg2203,20220218,20220218,133114500,13:31:15,4968,107732,33549,10776095500,0,0,0
pg2203,20220218,20220218,133115000,13:31:15,4967,107733,33549,10776194840,1,0,99340
pg2203,20220218,20220218,133115500,13:31:16,4967,107734,33550,10776294180,1,1,99340
pg2203,20220218,20220218,133116500,13:31:17,4967,107734,33550,10776294180,0,0,0
pg2203,20220218,20220218,133117000,13:31:18,4967,107734,33550,10776294180,0,0,0
pg2203,20220218,20220218,133118000,13:31:19,4969,107739,33551,10776791080,5,1,496900
pg2203,20220218,20220218,133118500,13:31:19,4968,107753,33558,10778182380,14,7,1391300
pg2203,20220218,20220218,133119000,13:31:20,4969,107755,33557,10778381140,2,-1,198760
pg2203,20220218,20220218,133119500,13:31:20,4969,107755,33557,10778381140,0,0,0
pg2203,20220218,20220218,133120000,13:31:20,4969,107756,33557,10778480520,1,0,99380
pg2203,20220218,20220218,133120500,13:31:21,4968,107758,33558,10778679240,2,1,198720
pg2203,20220218,20220218,133121000,13:31:21,4969,107766,33554,10779474220,8,-4,794980
pg2203,20220218,20220218,133121500,13:31:22,4969,107775,33551,10780368640,9,-3,894420
pg2203,20220218,20220218,133122000,13:31:23,4969,107777,33551,10780567400,2,0,198760
pg2203,20220218,20220218,133122500,13:31:23,4969,107777,33551,10780567400,0,0,0
pg2203,20220218,20220218,133123000,13:31:25,4967,107796,33549,10782455340,19,-2,1887940
pg2203,20220218,20220218,133123500,13:31:25,4968,107802,33547,10783051440,6,-2,596100
pg2203,20220218,20220218,133124500,13:31:25,4968,107802,33547,10783051440,0,0,0
pg2203,20220218,20220218,133159500,13:32:00,4967,107808,33547,10783647480,6,0,596040
pg2203,20220218,20220218,133200500,13:32:01,4965,108071,33469,10809764960,263,-78,26117480
pg2203,20220218,20220218,133201000,13:32:01,4963,108085,33470,10811154820,14,1,1389860
pg2203,20220218,20220218,133201500,13:32:01,4964,108086,33470,10811254100,1,0,99280
pg2203,20220218,20220218,133202000,13:32:03,4963,108099,33467,10812544500,13,-3,1290400
pg2203,20220218,20220218,133202500,13:32:04,4961,108118,33461,10814429840,19,-6,1885340
pg2203,20220218,20220218,133203000,13:32:05,4961,108124,33460,10815025080,6,-1,595240
pg2203,20220218,20220218,133203500,13:32:05,4961,108124,33460,10815025080,0,0,0
pg2203,20220218,20220218,133205000,13:32:06,4960,108136,33458,10816215500,12,-2,1190420
pg2203,20220218,20220218,133205500,13:32:06,4961,108142,33458,10816810820,6,0,595320
pg2203,20220218,20220218,133206000,13:32:07,4961,108143,33458,10816910040,1,0,99220
pg2203,20220218,20220218,133206500,13:32:07,4961,108144,33458,10817009260,1,0,99220
pg2203,20220218,20220218,133207500,13:32:07,4961,108146,33459,10817207700,2,1,198440
pg2203,20220218,20220218,133208000,13:32:09,4961,108146,33459,10817207700,0,0,0
pg2203,20220218,20220218,133208500,13:32:10,4961,108146,33459,10817207700,0,0,0
pg2203,20220218,20220218,133209000,13:32:10,4964,108200,33449,10822567280,54,-10,5359580
pg2203,20220218,20220218,133209500,13:32:10,4961,108204,33451,10822964180,4,2,396900
pg2203,20220218,20220218,133210000,13:32:13,4961,108204,33451,10822964180,0,0,0
pg2203,20220218,20220218,133210500,13:32:13,4960,108222,33442,10824749800,18,-9,1785620
pg2203,20220218,20220218,133213000,13:32:15,4960,108232,33446,10825741760,10,4,991960
pg2203,20220218,20220218,133213500,13:32:15,4960,108232,33446,10825741760,0,0,0
pg2203,20220218,20220218,133215000,13:32:16,4960,108232,33446,10825741760,0,0,0
pg2203,20220218,20220218,133215500,13:32:16,4960,108232,33446,10825741760,0,0,0
pg2203,20220218,20220218,133216000,13:32:17,4962,108234,33444,10825940220,2,-2,198460
pg2203,20220218,20220218,133216500,13:32:17,4962,108235,33443,10826039460,1,-1,99240
pg2203,20220218,20220218,133217500,13:32:18,4963,108249,33443,10827429100,14,0,1389640
pg2203,20220218,20220218,133218000,13:32:18,4963,108249,33443,10827429100,0,0,0
pg2203,20220218,20220218,133218500,13:32:19,4964,108250,33443,10827528380,1,0,99280
pg2203,20220218,20220218,133220000,13:32:21,4968,108300,33428,10832493800,50,-15,4965420
pg2203,20220218,20220218,133220500,13:32:21,4964,108306,33427,10833089520,6,-1,595720
pg2203,20220218,20220218,133221000,13:32:21,4964,108307,33427,10833188800,1,0,99280
pg2203,20220218,20220218,133221500,13:32:22,4965,108309,33428,10833387400,2,1,198600
pg2203,20220218,20220218,133222000,13:32:23,4963,108330,33437,10835472140,21,9,2084740
pg2203,20220218,20220218,133222500,13:32:24,4964,108347,33435,10837159840,17,-2,1687700
pg2203,20220218,20220218,133223000,13:32:24,4964,108348,33434,10837259120,1,-1,99280
pg2203,20220218,20220218,133223500,13:32:24,4964,108348,33434,10837259120,0,0,0
pg2203,20220218,20220218,133224000,13:32:24,4964,108349,33434,10837358400,1,0,99280
pg2203,20220218,20220218,133224500,13:32:25,4964,108349,33434,10837358400,0,0,0
pg2203,20220218,20220218,133225000,13:32:25,4964,108350,33434,10837457680,1,0,99280
pg2203,20220218,20220218,133225500,13:32:26,4964,108351,33435,10837556960,1,1,99280
pg2203,20220218,20220218,133226000,13:32:27,4964,108352,33435,10837656240,1,0,99280
pg2203,20220218,20220218,133226500,13:32:27,4964,108353,33435,10837755520,1,0,99280
pg2203,20220218,20220218,133227500,13:32:32,4964,108354,33435,10837854800,1,0,99280
pg2203,20220218,20220218,133228000,13:32:32,4964,108358,33437,10838251920,4,2,397120
pg2203,20220218,20220218,133228500,13:32:32,4965,108421,33495,10844507640,63,58,6255720
pg2203,20220218,20220218,133229000,13:32:33,4964,108422,33495,10844606920,1,0,99280
pg2203,20220218,20220218,133232000,13:32:35,4964,108422,33495,10844606920,0,0,0
pg2203,20220218,20220218,133234500,13:32:35,4964,108422,33495,10844606920,0,0,0
pg2203,20220218,20220218,133235000,13:32:36,4965,108432,33494,10845599740,10,-1,992820
pg2203,20220218,20220218,133236000,13:32:37,4965,108432,33494,10845599740,0,0,0
pg2203,20220218,20220218,133236500,13:32:37,4964,108435,33495,10845897580,3,1,297840
pg2203,20220218,20220218,133237000,13:32:37,4964,108438,33496,10846195420,3,1,297840
pg2203,20220218,20220218,133237500,13:32:38,4964,108438,33496,10846195420,0,0,0
pg2203,20220218,20220218,133240500,13:32:41,4964,108438,33496,10846195420,0,0,0
pg2203,20220218,20220218,133241000,13:32:41,4963,108439,33496,10846294680,1,0,99260
pg2203,20220218,20220218,133241500,13:32:42,4963,108440,33495,10846393940,1,-1,99260
pg2203,20220218,20220218,133242000,13:32:42,4963,108440,33495,10846393940,0,0,0
pg2203,20220218,20220218,133243000,13:32:43,4964,108441,33496,10846493220,1,1,99280
pg2203,20220218,20220218,133243500,13:32:44,4964,108442,33495,10846592500,1,-1,99280
pg2203,20220218,20220218,133244000,13:32:44,4964,108443,33495,10846691780,1,0,99280
pg2203,20220218,20220218,133246000,13:32:47,4963,108446,33496,10846989560,3,1,297780
pg2203,20220218,20220218,133246500,13:32:47,4963,108446,33496,10846989560,0,0,0
pg2203,20220218,20220218,133248000,13:32:49,4963,108449,33495,10847287340,3,-1,297780
pg2203,20220218,20220218,133248500,13:32:49,4963,108450,33495,10847386600,1,0,99260
pg2203,20220218,20220218,133250000,13:32:50,4963,108450,33495,10847386600,0,0,0
pg2203,20220218,20220218,133250500,13:32:52,4964,108451,33495,10847485880,1,0,99280
pg2203,20220218,20220218,133251000,13:32:53,4963,108456,33494,10847982180,5,-1,496300
pg2203,20220218,20220218,133251500,13:32:53,4963,108457,33495,10848081440,1,1,99260
pg2203,20220218,20220218,133252500,13:32:53,4962,108469,33497,10849272360,12,2,1190920
pg2203,20220218,20220218,133253000,13:32:53,4962,108471,33496,10849470840,2,-1,198480
pg2203,20220218,20220218,133253500,13:32:54,4964,108521,33489,10854434140,50,-7,4963300
pg2203,20220218,20220218,133254000,13:32:54,4963,108524,33491,10854731920,3,2,297780
pg2203,20220218,20220218,133256000,13:32:56,4963,108525,33492,10854831180,1,1,99260
pg2203,20220218,20220218,133256500,13:32:57,4964,108526,33493,10854930460,1,1,99280
pg2203,20220218,20220218,133259500,13:33:01,4964,108569,33535,10859199500,43,42,4269040
pg2203,20220218,20220218,133300000,13:33:01,4965,108573,33533,10859596700,4,-2,397200
pg2203,20220218,20220218,133300500,13:33:01,4965,108573,33533,10859596700,0,0,0
pg2203,20220218,20220218,133301000,13:33:02,4965,108573,33533,10859596700,0,0,0
pg2203,20220218,20220218,133301500,13:33:02,4965,108575,33535,10859795300,2,2,198600
pg2203,20220218,20220218,133302000,13:33:03,4965,108575,33535,10859795300,0,0,0
pg2203,20220218,20220218,133302500,13:33:03,4965,108575,33535,10859795300,0,0,0
pg2203,20220218,20220218,133303000,13:33:04,4965,108575,33535,10859795300,0,0,0
pg2203,20220218,20220218,133304500,13:33:05,4965,108575,33535,10859795300,0,0,0
pg2203,20220218,20220218,133305000,13:33:05,4965,108575,33535,10859795300,0,0,0
pg2203,20220218,20220218,133306000,13:33:06,4965,108576,33534,10859894600,1,-1,99300
pg2203,20220218,20220218,133306500,13:33:06,4965,108576,33534,10859894600,0,0,0
pg2203,20220218,20220218,133307500,13:33:08,4965,108576,33534,10859894600,0,0,0
pg2203,20220218,20220218,133308000,13:33:08,4965,108579,33532,10860192500,3,-2,297900
pg2203,20220218,20220218,133309500,13:33:11,4965,108579,33532,10860192500,0,0,0
pg2203,20220218,20220218,133310000,13:33:11,4966,108581,33532,10860391140,2,0,198640
pg2203,20220218,20220218,133311000,13:33:13,4965,108591,33537,10861384280,10,5,993140
pg2203,20220218,20220218,133311500,13:33:14,4966,108593,33537,10861582920,2,0,198640
pg2203,20220218,20220218,133313500,13:33:15,4966,108608,33550,10863072600,15,13,1489680
pg2203,20220218,20220218,133314000,13:33:17,4967,108633,33568,10865555820,25,18,2483220
pg2203,20220218,20220218,133314500,13:33:18,4968,108642,33573,10866450060,9,5,894240
pg2203,20220218,20220218,133315000,13:33:18,4968,108642,33573,10866450060,0,0,0
pg2203,20220218,20220218,133317000,13:33:19,4970,108675,33562,10869730020,33,-11,3279960
pg2203,20220218,20220218,133318000,13:33:19,4970,108675,33562,10869730020,0,0,0
pg2203,20220218,20220218,133318500,13:33:19,4970,108675,33562,10869730020,0,0,0
pg2203,20220218,20220218,133319000,13:33:20,4971,108679,33562,10870127660,4,0,397640
pg2203,20220218,20220218,133319500,13:33:20,4970,108681,33563,10870326480,2,1,198820
pg2203,20220218,20220218,133320000,13:33:21,4971,108683,33564,10870525300,2,1,198820
pg2203,20220218,20220218,133320500,13:33:22,4970,108684,33564,10870624700,1,0,99400
pg2203,20220218,20220218,133321000,13:33:22,4971,108685,33564,10870724120,1,0,99420
pg2203,20220218,20220218,133321500,13:33:22,4971,108688,33563,10871022380,3,-1,298260
pg2203,20220218,20220218,133322000,13:33:22,4971,108691,33564,10871320640,3,1,298260
pg2203,20220218,20220218,133322500,13:33:22,4971,108691,33564,10871320640,0,0,0
pg2203,20220218,20220218,133323000,13:33:23,4970,108696,33564,10871817640,5,0,497000
pg2203,20220218,20220218,133323500,13:33:24,4969,108700,33563,10872215180,4,-1,397540
pg2203,20220218,20220218,133324000,13:33:24,4969,108704,33563,10872612700,4,0,397520
pg2203,20220218,20220218,133324500,13:33:25,4969,108705,33563,10872712080,1,0,99380
pg2203,20220218,20220218,133325000,13:33:26,4969,108705,33563,10872712080,0,0,0
pg2203,20220218,20220218,133326500,13:33:29,4969,108706,33564,10872811460,1,1,99380
pg2203,20220218,20220218,133327000,13:33:29,4969,108706,33564,10872811460,0,0,0
pg2203,20220218,20220218,133328500,13:33:30,4969,108706,33564,10872811460,0,0,0
pg2203,20220218,20220218,133329000,13:33:30,4969,108706,33564,10872811460,0,0,0
pg2203,20220218,20220218,133329500,13:33:30,4969,108706,33564,10872811460,0,0,0
pg2203,20220218,20220218,133330000,13:33:30,4968,108711,33566,10873308320,5,2,496860
pg2203,20220218,20220218,133330500,13:33:31,4968,108711,33566,10873308320,0,0,0
pg2203,20220218,20220218,133331000,13:33:32,4968,108711,33566,10873308320,0,0,0
pg2203,20220218,20220218,133331500,13:33:32,4968,108711,33566,10873308320,0,0,0
pg2203,20220218,20220218,133332000,13:33:32,4968,108711,33566,10873308320,0,0,0
pg2203,20220218,20220218,133332500,13:33:33,4968,108711,33566,10873308320,0,0,0
pg2203,20220218,20220218,133333000,13:33:33,4970,108713,33567,10873507120,2,1,198800
pg2203,20220218,20220218,133333500,13:33:34,4970,108714,33568,10873606520,1,1,99400
pg2203,20220218,20220218,133334500,13:33:34,4970,108715,33569,10873705920,1,1,99400
pg2203,20220218,20220218,133336500,13:33:36,4970,108715,33569,10873705920,0,0,0
pg2203,20220218,20220218,133337000,13:33:37,4970,108726,33559,10874799300,11,-10,1093380
pg2203,20220218,20220218,133337500,13:33:37,4970,108740,33558,10876190900,14,-1,1391600
pg2203,20220218,20220218,133338000,13:33:38,4968,108742,33557,10876389620,2,-1,198720
pg2203,20220218,20220218,133338500,13:33:39,4968,108742,33557,10876389620,0,0,0
pg2203,20220218,20220218,133339000,13:33:39,4969,108744,33555,10876588380,2,-2,198760
pg2203,20220218,20220218,133339500,13:33:40,4969,108744,33555,10876588380,0,0,0
pg2203,20220218,20220218,133340000,13:33:40,4968,108746,33556,10876787120,2,1,198740
pg2203,20220218,20220218,133340500,13:33:41,4970,108747,33555,10876886520,1,-1,99400
pg2203,20220218,20220218,133341000,13:33:41,4970,108747,33555,10876886520,0,0,0
pg2203,20220218,20220218,133341500,13:33:42,4970,108747,33555,10876886520,0,0,0
pg2203,20220218,20220218,133342000,13:33:42,4970,108747,33555,10876886520,0,0,0
pg2203,20220218,20220218,133342500,13:33:42,4969,108748,33554,10876985900,1,-1,99380
pg2203,20220218,20220218,133344000,13:33:45,4969,108748,33554,10876985900,0,0,0
pg2203,20220218,20220218,133344500,13:33:45,4969,108748,33554,10876985900,0,0,0
pg2203,20220218,20220218,133345000,13:33:45,4969,108748,33554,10876985900,0,0,0
pg2203,20220218,20220218,133346000,13:33:47,4968,108749,33554,10877085260,1,0,99360
pg2203,20220218,20220218,133346500,13:33:48,4970,108750,33554,10877184660,1,0,99400
pg2203,20220218,20220218,133347000,13:33:48,4970,108751,33554,10877284060,1,0,99400
pg2203,20220218,20220218,133352000,13:33:52,4970,108751,33554,10877284060,0,0,0
pg2203,20220218,20220218,133352500,13:33:52,4970,108751,33554,10877284060,0,0,0
pg2203,20220218,20220218,133353000,13:33:53,4969,108755,33558,10877681580,4,4,397520
pg2203,20220218,20220218,133353500,13:33:53,4970,108756,33557,10877780980,1,-1,99400
pg2203,20220218,20220218,133354000,13:33:54,4970,108756,33557,10877780980,0,0,0
pg2203,20220218,20220218,133354500,13:33:55,4969,108760,33557,10878178500,4,0,397520
pg2203,20220218,20220218,133355000,13:33:56,4969,108761,33557,10878277880,1,0,99380
pg2203,20220218,20220218,133355500,13:33:56,4969,108762,33558,10878377260,1,1,99380
pg2203,20220218,20220218,133356500,13:33:57,4969,108764,33558,10878576020,2,0,198760
pg2203,20220218,20220218,133357000,13:33:58,4969,108764,33558,10878576020,0,0,0
pg2203,20220218,20220218,133357500,13:33:58,4969,108764,33558,10878576020,0,0,0
pg2203,20220218,20220218,133358000,13:33:58,4968,108771,33552,10879271540,7,-6,695520
pg2203,20220218,20220218,133358500,13:33:59,4968,108777,33548,10879867700,6,-4,596160
pg2203,20220218,20220218,133359000,13:33:59,4967,108785,33544,10880662460,8,-4,794760
pg2203,20220218,20220218,133359500,13:34:00,4966,108790,33541,10881159060,5,-3,496600
pg2203,20220218,20220218,133400000,13:34:00,4966,108791,33541,10881258380,1,0,99320
pg2203,20220218,20220218,133401000,13:34:02,4966,108791,33541,10881258380,0,0,0
pg2203,20220218,20220218,133401500,13:34:02,4966,108794,33541,10881556360,3,0,297980
pg2203,20220218,20220218,133402000,13:34:10,4966,108794,33541,10881556360,0,0,0
pg2203,20220218,20220218,133402500,13:34:10,4966,108794,33541,10881556360,0,0,0
pg2203,20220218,20220218,133403000,13:34:11,4966,108794,33541,10881556360,0,0,0
pg2203,20220218,20220218,133403500,13:34:11,4966,108794,33541,10881556360,0,0,0
pg2203,20220218,20220218,133409500,13:34:12,4968,108869,33520,10889007720,75,-21,7451360
pg2203,20220218,20220218,133410500,13:34:12,4968,108869,33520,10889007720,0,0,0
pg2203,20220218,20220218,133411500,13:34:12,4968,108869,33520,10889007720,0,0,0
pg2203,20220218,20220218,133414500,13:34:15,4968,108869,33520,10889007720,0,0,0
pg2203,20220218,20220218,133415000,13:34:15,4967,108882,33509,10890299380,13,-11,1291660
pg2203,20220218,20220218,133415500,13:34:16,4968,108888,33512,10890895460,6,3,596080
pg2203,20220218,20220218,133416000,13:34:16,4968,108888,33512,10890895460,0,0,0
pg2203,20220218,20220218,133417000,13:34:17,4968,108888,33512,10890895460,0,0,0
pg2203,20220218,20220218,133417500,13:34:17,4968,108888,33512,10890895460,0,0,0
pg2203,20220218,20220218,133418000,13:34:18,4969,108889,33512,10890994840,1,0,99380
pg2203,20220218,20220218,133418500,13:34:19,4969,108889,33512,10890994840,0,0,0
pg2203,20220218,20220218,133419000,13:34:19,4969,108893,33512,10891392360,4,0,397520
pg2203,20220218,20220218,133419500,13:34:20,4970,108894,33512,10891491760,1,0,99400
pg2203,20220218,20220218,133420000,13:34:20,4970,108894,33512,10891491760,0,0,0
pg2203,20220218,20220218,133420500,13:34:23,4969,108895,33511,10891591140,1,-1,99380
pg2203,20220218,20220218,133421000,13:34:23,4970,108896,33511,10891690540,1,0,99400
pg2203,20220218,20220218,133421500,13:34:23,4970,108896,33511,10891690540,0,0,0
pg2203,20220218,20220218,133423000,13:34:24,4970,108909,33508,10892982640,13,-3,1292100
pg2203,20220218,20220218,133423500,13:34:24,4969,108910,33507,10893082020,1,-1,99380
pg2203,20220218,20220218,133424000,13:34:24,4969,108913,33506,10893380180,3,-1,298160
pg2203,20220218,20220218,133424500,13:34:24,4969,108914,33506,10893479560,1,0,99380
pg2203,20220218,20220218,133425500,13:34:26,4970,108915,33506,10893578960,1,0,99400
pg2203,20220218,20220218,133426500,13:34:26,4970,108916,33506,10893678360,1,0,99400
pg2203,20220218,20220218,133427500,13:34:27,4969,108917,33506,10893777740,1,0,99380
pg2203,20220218,20220218,133428500,13:34:29,4970,108918,33505,10893877140,1,-1,99400
pg2203,20220218,20220218,133429500,13:34:29,4971,108922,33503,10894274760,4,-2,397620
pg2203,20220218,20220218,133430000,13:34:30,4971,108923,33502,10894374180,1,-1,99420
pg2203,20220218,20220218,133430500,13:34:30,4971,108923,33502,10894374180,0,0,0
pg2203,20220218,20220218,133431000,13:34:31,4971,108923,33502,10894374180,0,0,0
pg2203,20220218,20220218,133431500,13:34:31,4971,108930,33501,10895070120,7,-1,695940
pg2203,20220218,20220218,133432000,13:34:32,4972,108931,33500,10895169560,1,-1,99440
pg2203,20220218,20220218,133432500,13:34:32,4972,108935,33500,10895567300,4,0,397740
pg2203,20220218,20220218,133433000,13:34:33,4972,108940,33501,10896064500,5,1,497200
pg2203,20220218,20220218,133433500,13:34:34,4973,108941,33500,10896163960,1,-1,99460
pg2203,20220218,20220218,133434000,13:34:34,4972,108944,33498,10896462280,3,-2,298320
pg2203,20220218,20220218,133434500,13:34:35,4972,108944,33498,10896462280,0,0,0
pg2203,20220218,20220218,133436500,13:34:36,4972,108945,33498,10896561720,1,0,99440
pg2203,20220218,20220218,133437000,13:34:37,4972,108945,33498,10896561720,0,0,0
pg2203,20220218,20220218,133437500,13:34:38,4972,108946,33497,10896661160,1,-1,99440
pg2203,20220218,20220218,133438000,13:34:38,4972,108952,33497,10897257840,6,0,596680
pg2203,20220218,20220218,133438500,13:34:39,4972,108952,33497,10897257840,0,0,0
pg2203,20220218,20220218,133439500,13:34:40,4972,108952,33497,10897257840,0,0,0
pg2203,20220218,20220218,133440000,13:34:40,4972,108952,33497,10897257840,0,0,0
pg2203,20220218,20220218,133440500,13:34:41,4970,108970,33496,10899047320,18,-1,1789480
pg2203,20220218,20220218,133441000,13:34:41,4970,108987,33496,10900737100,17,0,1689780
pg2203,20220218,20220218,133441500,13:34:43,4970,109007,33491,10902725100,20,-5,1988000
pg2203,20220218,20220218,133442000,13:34:44,4970,109008,33492,10902824500,1,1,99400
pg2203,20220218,20220218,133442500,13:34:44,4970,109012,33493,10903222100,4,1,397600
pg2203,20220218,20220218,133444000,13:34:45,4970,109013,33494,10903321500,1,1,99400
pg2203,20220218,20220218,133445500,13:34:46,4969,109014,33494,10903420880,1,0,99380
pg2203,20220218,20220218,133446500,13:34:47,4969,109014,33494,10903420880,0,0,0
pg2203,20220218,20220218,133447500,13:34:47,4969,109014,33494,10903420880,0,0,0
pg2203,20220218,20220218,133448000,13:34:48,4969,109023,33494,10904315400,9,0,894520
pg2203,20220218,20220218,133448500,13:34:49,4969,109024,33493,10904414780,1,-1,99380
pg2203,20220218,20220218,133449000,13:34:49,4969,109024,33493,10904414780,0,0,0
pg2203,20220218,20220218,133449500,13:34:49,4969,109026,33494,10904613540,2,1,198760
pg2203,20220218,20220218,133450000,13:34:51,4969,109026,33494,10904613540,0,0,0
pg2203,20220218,20220218,133450500,13:34:51,4969,109029,33492,10904911680,3,-2,298140
pg2203,20220218,20220218,133451000,13:34:51,4969,109029,33492,10904911680,0,0,0
pg2203,20220218,20220218,133451500,13:34:52,4969,109029,33492,10904911680,0,0,0
pg2203,20220218,20220218,133452000,13:34:52,4969,109029,33492,10904911680,0,0,0
pg2203,20220218,20220218,133452500,13:34:53,4969,109029,33492,10904911680,0,0,0
pg2203,20220218,20220218,133453000,13:34:53,4970,109034,33495,10905408680,5,3,497000
pg2203,20220218,20220218,133453500,13:34:56,4970,109034,33495,10905408680,0,0,0
pg2203,20220218,20220218,133455500,13:34:56,4970,109034,33495,10905408680,0,0,0
pg2203,20220218,20220218,133456000,13:34:57,4969,109035,33494,10905508060,1,-1,99380
pg2203,20220218,20220218,133457000,13:34:57,4971,109036,33495,10905607480,1,1,99420
pg2203,20220218,20220218,133458000,13:34:58,4971,109039,33495,10905905740,3,0,298260
pg2203,20220218,20220218,133459500,13:35:00,4970,109047,33499,10906700940,8,4,795200
pg2203,20220218,20220218,133500000,13:35:00,4969,109053,33500,10907297220,6,1,596280
pg2203,20220218,20220218,133500500,13:35:00,4969,109055,33500,10907495980,2,0,198760
pg2203,20220218,20220218,133501000,13:35:04,4969,109055,33500,10907495980,0,0,0
pg2203,20220218,20220218,133502000,13:35:10,4970,109056,33501,10907595380,1,1,99400
pg2203,20220218,20220218,133504500,13:35:10,4971,109084,33507,10910378400,28,6,2783020
pg2203,20220218,20220218,133510000,13:35:11,4971,109084,33507,10910378400,0,0,0
pg2203,20220218,20220218,133510500,13:35:11,4970,109108,33495,10912764140,24,-12,2385740
pg2203,20220218,20220218,133511000,13:35:11,4970,109109,33494,10912863540,1,-1,99400
pg2203,20220218,20220218,133511500,13:35:12,4971,109111,33494,10913062360,2,0,198820
pg2203,20220218,20220218,133512000,13:35:13,4971,109111,33494,10913062360,0,0,0
pg2203,20220218,20220218,133512500,13:35:13,4972,109136,33482,10915548280,25,-12,2485920
pg2203,20220218,20220218,133513000,13:35:13,4974,109144,33483,10916343980,8,1,795700
pg2203,20220218,20220218,133513500,13:35:14,4973,109145,33482,10916443440,1,-1,99460
pg2203,20220218,20220218,133514000,13:35:14,4973,109145,33482,10916443440,0,0,0
pg2203,20220218,20220218,133514500,13:35:15,4973,109145,33482,10916443440,0,0,0
pg2203,20220218,20220218,133515000,13:35:15,4973,109145,33482,10916443440,0,0,0
pg2203,20220218,20220218,133515500,13:35:16,4973,109145,33482,10916443440,0,0,0
pg2203,20220218,20220218,133516000,13:35:16,4973,109146,33482,10916542900,1,0,99460
pg2203,20220218,20220218,133516500,13:35:17,4973,109147,33481,10916642360,1,-1,99460
pg2203,20220218,20220218,133517500,13:35:18,4973,109157,33486,10917637120,10,5,994760
pg2203,20220218,20220218,133518000,13:35:19,4974,109158,33485,10917736600,1,-1,99480
pg2203,20220218,20220218,133518500,13:35:19,4974,109158,33485,10917736600,0,0,0
pg2203,20220218,20220218,133519000,13:35:19,4974,109159,33485,10917836080,1,0,99480
pg2203,20220218,20220218,133519500,13:35:20,4975,109168,33480,10918731580,9,-5,895500
pg2203,20220218,20220218,133520000,13:35:20,4975,109173,33477,10919229100,5,-3,497520
pg2203,20220218,20220218,133520500,13:35:21,4976,109177,33479,10919627160,4,2,398060
pg2203,20220218,20220218,133521000,13:35:21,4975,109179,33481,10919826160,2,2,199000
pg2203,20220218,20220218,133521500,13:35:22,4975,109180,33481,10919925660,1,0,99500
pg2203,20220218,20220218,133523000,13:35:23,4975,109180,33481,10919925660,0,0,0
pg2203,20220218,20220218,133523500,13:35:23,4975,109195,33481,10921418320,15,0,1492660
pg2203,20220218,20220218,133524000,13:35:25,4976,109198,33482,10921716880,3,1,298560
pg2203,20220218,20220218,133524500,13:35:25,4976,109201,33482,10922015440,3,0,298560
pg2203,20220218,20220218,133525000,13:35:26,4976,109201,33482,10922015440,0,0,0
pg2203,20220218,20220218,133525500,13:35:26,4977,109215,33487,10923409000,14,5,1393560
pg2203,20220218,20220218,133526000,13:35:26,4977,109217,33487,10923608100,2,0,199100
pg2203,20220218,20220218,133526500,13:35:27,4978,109219,33487,10923807220,2,0,199120
pg2203,20220218,20220218,133527000,13:35:31,4977,109226,33483,10924504000,7,-4,696780
pg2203,20220218,20220218,133527500,13:35:31,4977,109227,33482,10924603540,1,-1,99540
pg2203,20220218,20220218,133528000,13:35:32,4977,109227,33482,10924603540,0,0,0
pg2203,20220218,20220218,133528500,13:35:32,4978,109228,33482,10924703100,1,0,99560
pg2203,20220218,20220218,133531000,13:35:33,4979,109253,33472,10927191800,25,-10,2488700
pg2203,20220218,20220218,133531500,13:35:42,4978,109262,33466,10928087980,9,-6,896180
pg2203,20220218,20220218,133532000,13:35:42,4979,109263,33465,10928187560,1,-1,99580
pg2203,20220218,20220218,133540500,13:35:43,4983,109324,33462,10934262980,61,-3,6075420
pg2203,20220218,20220218,133542000,13:35:44,4983,109340,33459,10935857420,16,-3,1594440
pg2203,20220218,20220218,133542500,13:35:44,4983,109344,33458,10936256060,4,-1,398640
pg2203,20220218,20220218,133543500,13:35:44,4984,109368,33454,10938647940,24,-4,2391880
pg2203,20220218,20220218,133544000,13:35:44,4983,109370,33454,10938847260,2,0,199320
pg2203,20220218,20220218,133544500,13:35:45,4983,109372,33453,10939046600,2,-1,199340
pg2203,20220218,20220218,133545000,13:35:46,4984,109374,33455,10939245960,2,2,199360
pg2203,20220218,20220218,133545500,13:35:46,4983,109378,33454,10939644600,4,-1,398640
pg2203,20220218,20220218,133546000,13:35:46,4984,109399,33461,10941737100,21,7,2092500
pg2203,20220218,20220218,133546500,13:35:46,4984,109432,33451,10945026540,33,-10,3289440
pg2203,20220218,20220218,133547000,13:35:47,4984,109435,33452,10945325580,3,1,299040
pg2203,20220218,20220218,133547500,13:35:48,4982,109439,33454,10945724140,4,2,398560
pg2203,20220218,20220218,133548000,13:35:48,4982,109440,33453,10945823780,1,-1,99640
pg2203,20220218,20220218,133548500,13:35:48,4982,109442,33452,10946023060,2,-1,199280
pg2203,20220218,20220218,133549000,13:35:49,4982,109443,33453,10946122700,1,1,99640
pg2203,20220218,20220218,133549500,13:35:49,4983,109449,33454,10946720560,6,1,597860
pg2203,20220218,20220218,133550000,13:35:50,4983,109449,33454,10946720560,0,0,0
pg2203,20220218,20220218,133550500,13:35:51,4983,109452,33454,10947019500,3,0,298940
pg2203,20220218,20220218,133551000,13:35:51,4983,109454,33456,10947218820,2,2,199320
pg2203,20220218,20220218,133551500,13:35:52,4984,109456,33456,10947418160,2,0,199340
pg2203,20220218,20220218,133552000,13:35:52,4982,109458,33455,10947617460,2,-1,199300
pg2203,20220218,20220218,133552500,13:35:53,4984,109460,33454,10947816780,2,-1,199320
pg2203,20220218,20220218,133553000,13:35:53,4982,109467,33453,10948514300,7,-1,697520
pg2203,20220218,20220218,133553500,13:35:55,4982,109467,33453,10948514300,0,0,0
pg2203,20220218,20220218,133554500,13:35:56,4984,109473,33454,10949112320,6,1,598020
pg2203,20220218,20220218,133555000,13:35:56,4984,109475,33455,10949311680,2,1,199360
pg2203,20220218,20220218,133555500,13:35:56,4985,109515,33465,10953299620,40,10,3987940
pg2203,20220218,20220218,133556000,13:35:56,4983,109518,33463,10953598600,3,-2,298980
pg2203,20220218,20220218,133556500,13:35:57,4983,109518,33463,10953598600,0,0,0
pg2203,20220218,20220218,133557000,13:35:59,4983,109520,33463,10953797920,2,0,199320
pg2203,20220218,20220218,133558000,13:36:01,4985,109524,33464,10954196700,4,1,398780
pg2203,20220218,20220218,133558500,13:36:03,4985,109526,33464,10954396080,2,0,199380
pg2203,20220218,20220218,133559500,13:36:03,4985,109548,33458,10956589120,22,-6,2193040
pg2203,20220218,20220218,133600000,13:36:03,4985,109557,33464,10957486360,9,6,897240
pg2203,20220218,20220218,133601500,13:36:03,4987,109581,33460,10959879620,24,-4,2393260
pg2203,20220218,20220218,133602500,13:36:04,4987,109634,33436,10965166840,53,-24,5287220
pg2203,20220218,20220218,133603000,13:36:05,4988,109639,33433,10965665660,5,-3,498820
pg2203,20220218,20220218,133603500,13:36:05,4989,109656,33424,10967361440,17,-9,1695780
pg2203,20220218,20220218,133605000,13:36:06,4987,109678,33425,10969555940,22,1,2194500
pg2203,20220218,20220218,133605500,13:36:07,4988,109689,33418,10970653300,11,-7,1097360
pg2203,20220218,20220218,133606000,13:36:07,4987,109692,33418,10970952520,3,0,299220
pg2203,20220218,20220218,133606500,13:36:07,4988,109705,33412,10972249260,13,-6,1296740
pg2203,20220218,20220218,133607000,13:36:08,4988,109713,33413,10973047340,8,1,798080
pg2203,20220218,20220218,133607500,13:36:08,4987,109718,33413,10973546100,5,0,498760
pg2203,20220218,20220218,133608000,13:36:08,4988,109732,33419,10974942560,14,6,1396460
pg2203,20220218,20220218,133608500,13:36:09,4989,109735,33419,10975241900,3,0,299340
pg2203,20220218,20220218,133609000,13:36:09,4989,109741,33419,10975840580,6,0,598680
pg2203,20220218,20220218,133609500,13:36:10,4989,109747,33424,10976439280,6,5,598700
pg2203,20220218,20220218,133610000,13:36:11,4990,109748,33424,10976539080,1,0,99800
pg2203,20220218,20220218,133610500,13:36:11,4990,109780,33404,10979732900,32,-20,3193820
pg2203,20220218,20220218,133611000,13:36:11,4990,109789,33403,10980631160,9,-1,898260
pg2203,20220218,20220218,133611500,13:36:12,4990,109791,33405,10980830780,2,2,199620
pg2203,20220218,20220218,133612000,13:36:12,4992,109809,33397,10982627700,18,-8,1796920
pg2203,20220218,20220218,133612500,13:36:12,4992,109843,33396,10986022160,34,-1,3394460
pg2203,20220218,20220218,133613000,13:36:13,4997,109924,33377,10994112420,81,-19,8090260
pg2203,20220218,20220218,133613500,13:36:14,4998,110000,33377,11001708840,76,0,7596420
pg2203,20220218,20220218,133614000,13:36:14,4999,110050,33362,11006708380,50,-15,4999540
pg2203,20220218,20220218,133614500,13:36:14,5001,110075,33348,11009208380,25,-14,2500000
pg2203,20220218,20220218,133615000,13:36:15,5002,110118,33318,11013509860,43,-30,4301480
pg2203,20220218,20220218,133615500,13:36:15,5002,110148,33307,11016510820,30,-11,3000960
pg2203,20220218,20220218,133616000,13:36:16,5002,110161,33307,11017811160,13,0,1300340
pg2203,20220218,20220218,133616500,13:36:17,5002,110163,33307,11018011240,2,0,200080
pg2203,20220218,20220218,133617000,13:36:19,5001,110179,33301,11019611660,16,-6,1600420
pg2203,20220218,20220218,133617500,13:36:19,4999,110193,33295,11021011440,14,-6,1399780
pg2203,20220218,20220218,133618000,13:36:19,5001,110201,33294,11021811380,8,-1,799940
pg2203,20220218,20220218,133618500,13:36:19,4999,110205,33292,11022211320,4,-2,399940
pg2203,20220218,20220218,133619000,13:36:19,4999,110211,33291,11022811200,6,-1,599880
pg2203,20220218,20220218,133619500,13:36:19,4998,110220,33290,11023710880,9,-1,899680
pg2203,20220218,20220218,133620000,13:36:20,4997,110235,33288,11025210100,15,-2,1499220
pg2203,20220218,20220218,133620500,13:36:20,4998,110239,33291,11025609880,4,3,399780
pg2203,20220218,20220218,133621000,13:36:21,4997,110240,33291,11025709820,1,0,99940
pg2203,20220218,20220218,133621500,13:36:21,4997,110243,33292,11026009620,3,1,299800
pg2203,20220218,20220218,133622000,13:36:22,4996,110275,33288,11029207060,32,-4,3197440
pg2203,20220218,20220218,133622500,13:36:22,4996,110292,33284,11030905440,17,-4,1698380
pg2203,20220218,20220218,133623000,13:36:23,4996,110293,33283,11031005360,1,-1,99920
pg2203,20220218,20220218,133623500,13:36:23,4996,110297,33282,11031405000,4,-1,399640
pg2203,20220218,20220218,133624000,13:36:24,4994,110301,33281,11031804580,4,-1,399580
pg2203,20220218,20220218,133624500,13:36:24,4996,110306,33282,11032304060,5,1,499480
pg2203,20220218,20220218,133625000,13:36:25,4994,110308,33281,11032503840,2,-1,199780
pg2203,20220218,20220218,133625500,13:36:26,4995,110312,33282,11032903440,4,1,399600
pg2203,20220218,20220218,133626000,13:36:26,4995,110319,33285,11033602820,7,3,699380
pg2203,20220218,20220218,133626500,13:36:27,4997,110321,33283,11033802660,2,-2,199840
pg2203,20220218,20220218,133627000,13:36:28,4995,110322,33283,11033902560,1,0,99900
pg2203,20220218,20220218,133627500,13:36:28,4995,110326,33279,11034302160,4,-4,399600
pg2203,20220218,20220218,133628000,13:36:28,4995,110326,33279,11034302160,0,0,0
pg2203,20220218,20220218,133628500,13:36:29,4997,110346,33279,11036300940,20,0,1998780
pg2203,20220218,20220218,133629000,13:36:30,4997,110347,33279,11036400880,1,0,99940
pg2203,20220218,20220218,133629500,13:36:30,4995,110353,33283,11037000460,6,4,599580
pg2203,20220218,20220218,133630000,13:36:30,4997,110360,33279,11037700120,7,-4,699660
pg2203,20220218,20220218,133630500,13:36:31,4997,110363,33279,11037999940,3,0,299820
pg2203,20220218,20220218,133631000,13:36:31,4996,110371,33276,11038799300,8,-3,799360
pg2203,20220218,20220218,133631500,13:36:31,4997,110376,33277,11039298980,5,1,499680
pg2203,20220218,20220218,133632000,13:36:32,4998,110395,33272,11041198120,19,-5,1899140
pg2203,20220218,20220218,133632500,13:36:33,5000,110406,33269,11042297920,11,-3,1099800
pg2203,20220218,20220218,133633000,13:36:33,5000,110410,33269,11042697920,4,0,400000
pg2203,20220218,20220218,133633500,13:36:34,5000,110413,33267,11042997920,3,-2,300000
pg2203,20220218,20220218,133634000,13:36:34,5001,110447,33251,11046398020,34,-16,3400100
pg2203,20220218,20220218,133634500,13:36:35,5001,110449,33249,11046598060,2,-2,200040
pg2203,20220218,20220218,133635000,13:36:36,5002,110464,33254,11048098300,15,5,1500240
pg2203,20220218,20220218,133635500,13:36:36,5001,110465,33254,11048198320,1,0,100020
pg2203,20220218,20220218,133636000,13:36:36,5001,110467,33254,11048398360,2,0,200040
pg2203,20220218,20220218,133636500,13:36:36,5002,110469,33253,11048598420,2,-1,200060
pg2203,20220218,20220218,133637000,13:36:38,5001,110472,33253,11048898520,3,0,300100
pg2203,20220218,20220218,133637500,13:36:38,5002,110481,33257,11049798840,9,4,900320
pg2203,20220218,20220218,133638000,13:36:38,5002,110489,33253,11050599040,8,-4,800200
pg2203,20220218,20220218,133638500,13:36:39,5002,110492,33250,11050899200,3,-3,300160
pg2203,20220218,20220218,133639000,13:36:39,5002,110512,33248,11052900360,20,-2,2001160
pg2203,20220218,20220218,133639500,13:36:40,5003,110516,33249,11053300600,4,1,400240
pg2203,20220218,20220218,133640000,13:36:40,5003,110528,33243,11054501440,12,-6,1200840
pg2203,20220218,20220218,133640500,13:36:40,5005,110532,33242,11054901760,4,-1,400320
pg2203,20220218,20220218,133641000,13:36:41,5004,110543,33240,11056002600,11,-2,1100840
pg2203,20220218,20220218,133641500,13:36:42,5005,110552,33239,11056903400,9,-1,900800
pg2203,20220218,20220218,133642000,13:36:42,5005,110557,33240,11057403880,5,1,500480
pg2203,20220218,20220218,133642500,13:36:43,5004,110559,33240,11057604040,2,0,200160
pg2203,20220218,20220218,133643000,13:36:43,5003,110569,33233,11058604640,10,-7,1000600
pg2203,20220218,20220218,133643500,13:36:44,5002,110593,33223,11061005660,24,-10,2401020
pg2203,20220218,20220218,133644000,13:36:44,5001,110602,33220,11061905980,9,-3,900320
pg2203,20220218,20220218,133644500,13:36:44,5001,110604,33219,11062106040,2,-1,200060
pg2203,20220218,20220218,133645000,13:36:45,5002,110612,33221,11062906240,8,2,800200
pg2203,20220218,20220218,133645500,13:36:46,5001,110613,33221,11063006260,1,0,100020
pg2203,20220218,20220218,133646000,13:36:46,5002,110614,33220,11063106300,1,-1,100040
pg2203,20220218,20220218,133646500,13:36:46,5002,110617,33218,11063406360,3,-2,300060
pg2203,20220218,20220218,133647000,13:36:47,5000,110620,33217,11063706400,3,-1,300040
pg2203,20220218,20220218,133647500,13:36:48,5003,110633,33217,11065006740,13,0,1300340
pg2203,20220218,20220218,133648000,13:36:48,5000,110635,33217,11065206780,2,0,200040
pg2203,20220218,20220218,133648500,13:36:48,5001,110636,33217,11065306800,1,0,100020
pg2203,20220218,20220218,133649000,13:36:49,5002,110640,33218,11065706920,4,1,400120
pg2203,20220218,20220218,133649500,13:36:49,5002,110642,33219,11065907000,2,1,200080
pg2203,20220218,20220218,133650000,13:36:50,5002,110643,33219,11066007040,1,0,100040
pg2203,20220218,20220218,133650500,13:36:50,5000,110665,33211,11068207420,22,-8,2200380
pg2203,20220218,20220218,133651000,13:36:51,5002,110675,33213,11069207580,10,2,1000160
pg2203,20220218,20220218,133651500,13:36:52,5003,110683,33211,11070007860,8,-2,800280
pg2203,20220218,20220218,133652000,13:36:52,5003,110683,33211,11070007860,0,0,0
pg2203,20220218,20220218,133652500,13:36:53,5003,110683,33211,11070007860,0,0,0
pg2203,20220218,20220218,133653000,13:36:53,5000,110685,33211,11070207860,2,0,200000
pg2203,20220218,20220218,133653500,13:36:54,5000,110696,33210,11071307860,11,-1,1100000
pg2203,20220218,20220218,133654000,13:36:54,5002,110731,33229,11074808920,35,19,3501060
pg2203,20220218,20220218,133654500,13:36:54,5002,110736,33232,11075309120,5,3,500200
pg2203,20220218,20220218,133655000,13:36:55,5000,110738,33233,11075509160,2,1,200040
pg2203,20220218,20220218,133655500,13:36:56,5002,110757,33245,11077409920,19,12,1900760
pg2203,20220218,20220218,133656000,13:36:56,5002,110757,33245,11077409920,0,0,0
pg2203,20220218,20220218,133656500,13:36:57,5003,110765,33242,11078210260,8,-3,800340
pg2203,20220218,20220218,133657000,13:36:58,5002,110773,33238,11079010580,8,-4,800320
pg2203,20220218,20220218,133657500,13:36:58,5002,110774,33237,11079110620,1,-1,100040
pg2203,20220218,20220218,133658000,13:36:58,5002,110775,33237,11079210660,1,0,100040
pg2203,20220218,20220218,133658500,13:36:59,5002,110777,33239,11079410740,2,2,200080
pg2203,20220218,20220218,133659000,13:36:59,5001,110782,33240,11079910840,5,1,500100
pg2203,20220218,20220218,133659500,13:37:00,5000,110796,33243,11081311060,14,3,1400220
pg2203,20220218,20220218,133700000,13:37:00,5002,110797,33242,11081411100,1,-1,100040
pg2203,20220218,20220218,133700500,13:37:00,5002,110800,33242,11081711220,3,0,300120
pg2203,20220218,20220218,133701000,13:37:01,5000,110806,33241,11082311220,6,-1,600000
pg2203,20220218,20220218,133701500,13:37:02,5000,110807,33241,11082411220,1,0,100000
pg2203,20220218,20220218,133702000,13:37:02,5000,110813,33235,11083011260,6,-6,600040
pg2203,20220218,20220218,133702500,13:37:03,5000,110821,33236,11083811320,8,1,800060
pg2203,20220218,20220218,133703000,13:37:03,5000,110830,33233,11084711320,9,-3,900000
pg2203,20220218,20220218,133703500,13:37:03,5000,110840,33238,11085711360,10,5,1000040
pg2203,20220218,20220218,133704000,13:37:04,4999,110862,33251,11087910980,22,13,2199620
pg2203,20220218,20220218,133704500,13:37:05,4999,110865,33251,11088210920,3,0,299940
pg2203,20220218,20220218,133705000,13:37:05,4999,110866,33252,11088310900,1,1,99980
pg2203,20220218,20220218,133705500,13:37:08,4998,110875,33259,11089210560,9,7,899660
pg2203,20220218,20220218,133706000,13:37:08,4998,110892,33252,11090909880,17,-7,1699320
pg2203,20220218,20220218,133706500,13:37:08,4999,110906,33243,11092309380,14,-9,1399500
pg2203,20220218,20220218,133707500,13:37:08,5000,110914,33239,11093109300,8,-4,799920
pg2203,20220218,20220218,133708000,13:37:08,4999,110943,33234,11096008760,29,-5,2899460
pg2203,20220218,20220218,133708500,13:37:08,5001,110947,33232,11096408760,4,-2,400000
pg2203,20220218,20220218,133709000,13:37:09,5000,110955,33228,11097208840,8,-4,800080
pg2203,20220218,20220218,133709500,13:37:11,5000,110958,33228,11097508800,3,0,299960
pg2203,20220218,20220218,133710000,13:37:11,4999,110975,33219,11099208460,17,-9,1699660
pg2203,20220218,20220218,133710500,13:37:11,4999,110979,33220,11099608380,4,1,399920
pg2203,20220218,20220218,133711000,13:37:12,4999,110988,33216,11100508360,9,-4,899980
pg2203,20220218,20220218,133711500,13:37:13,5000,110994,33213,11101108320,6,-3,599960
pg2203,20220218,20220218,133712000,13:37:13,4999,110998,33214,11101508300,4,1,399980
pg2203,20220218,20220218,133712500,13:37:13,4999,111000,33214,11101708300,2,0,200000
pg2203,20220218,20220218,133713000,13:37:14,5001,111001,33214,11101808320,1,0,100020
pg2203,20220218,20220218,133713500,13:37:14,5001,111001,33214,11101808320,0,0,0
pg2203,20220218,20220218,133714000,13:37:14,5001,111006,33216,11102308420,5,2,500100
pg2203,20220218,20220218,133714500,13:37:15,5001,111023,33210,11104009040,17,-6,1700620
pg2203,20220218,20220218,133715000,13:37:15,5001,111024,33210,11104109060,1,0,100020
pg2203,20220218,20220218,133715500,13:37:16,5002,111027,33210,11104409140,3,0,300080
pg2203,20220218,20220218,133716000,13:37:16,5002,111027,33210,11104409140,0,0,0
pg2203,20220218,20220218,133716500,13:37:17,5003,111029,33209,11104609240,2,-1,200100
pg2203,20220218,20220218,133717000,13:37:18,5003,111030,33208,11104709300,1,-1,100060
pg2203,20220218,20220218,133717500,13:37:18,5003,111031,33208,11104809360,1,0,100060
pg2203,20220218,20220218,133718000,13:37:19,5003,111041,33214,11105809900,10,6,1000540
pg2203,20220218,20220218,133718500,13:37:19,5003,111051,33209,11106810500,10,-5,1000600
pg2203,20220218,20220218,133719000,13:37:19,5003,111059,33203,11107610980,8,-6,800480
pg2203,20220218,20220218,133719500,13:37:20,5003,111062,33203,11107911200,3,0,300220
pg2203,20220218,20220218,133720000,13:37:21,5003,111081,33212,11109812480,19,9,1901280
pg2203,20220218,20220218,133720500,13:37:21,5003,111082,33211,11109912540,1,-1,100060
pg2203,20220218,20220218,133721000,13:37:21,5003,111086,33208,11110312780,4,-3,400240
pg2203,20220218,20220218,133721500,13:37:22,5002,111088,33208,11110512880,2,0,200100
pg2203,20220218,20220218,133722000,13:37:22,5002,111090,33208,11110712960,2,0,200080
pg2203,20220218,20220218,133722500,13:37:22,5003,111097,33206,11111413240,7,-2,700280
pg2203,20220218,20220218,133723000,13:37:23,5003,111097,33206,11111413240,0,0,0
pg2203,20220218,20220218,133723500,13:37:23,5003,111103,33206,11112013580,6,0,600340
pg2203,20220218,20220218,133724000,13:37:24,5003,111104,33207,11112113640,1,1,100060
pg2203,20220218,20220218,133724500,13:37:25,5003,111104,33207,11112113640,0,0,0
pg2203,20220218,20220218,133725000,13:37:25,5003,111107,33209,11112413780,3,2,300140
pg2203,20220218,20220218,133725500,13:37:26,5003,111115,33214,11113214260,8,5,800480
pg2203,20220218,20220218,133726000,13:37:26,5003,111120,33218,11113714560,5,4,500300
pg2203,20220218,20220218,133726500,13:37:27,5003,111122,33218,11113914660,2,0,200100
pg2203,20220218,20220218,133727000,13:37:27,5003,111125,33218,11114214840,3,0,300180
pg2203,20220218,20220218,133728000,13:37:28,5002,111129,33221,11114615040,4,3,400200
pg2203,20220218,20220218,133728500,13:37:29,5002,111130,33221,11114715080,1,0,100040
pg2203,20220218,20220218,133729000,13:37:29,5002,111138,33221,11115515400,8,0,800320
pg2203,20220218,20220218,133729500,13:37:30,5002,111139,33220,11115615440,1,-1,100040
pg2203,20220218,20220218,133730000,13:37:30,5002,111151,33218,11116815920,12,-2,1200480
pg2203,20220218,20220218,133730500,13:37:31,5002,111153,33217,11117016020,2,-1,200100
pg2203,20220218,20220218,133731000,13:37:31,5003,111156,33218,11117316200,3,1,300180
pg2203,20220218,20220218,133731500,13:37:31,5004,111201,33199,11121820360,45,-19,4504160
pg2203,20220218,20220218,133732000,13:37:32,5006,111296,33181,11131330160,95,-18,9509800
pg2203,20220218,20220218,133732500,13:37:33,5004,111312,33186,11132932000,16,5,1601840
pg2203,20220218,20220218,133733000,13:37:33,5004,111322,33184,11133932860,10,-2,1000860
pg2203,20220218,20220218,133733500,13:37:33,5006,111325,33183,11134233160,3,-1,300300
pg2203,20220218,20220218,133734000,13:37:34,5006,111330,33185,11134733760,5,2,500600
pg2203,20220218,20220218,133734500,13:37:34,5005,111332,33185,11134933980,2,0,200220
pg2203,20220218,20220218,133735000,13:37:35,5006,111333,33185,11135034100,1,0,100120
pg2203,20220218,20220218,133735500,13:37:36,5007,111348,33173,11136536200,15,-12,1502100
pg2203,20220218,20220218,133736000,13:37:36,5007,111349,33174,11136636340,1,1,100140
pg2203,20220218,20220218,133736500,13:37:37,5007,111355,33172,11137237160,6,-2,600820
pg2203,20220218,20220218,133737000,13:37:37,5007,111368,33172,11138538980,13,0,1301820
pg2203,20220218,20220218,133737500,13:37:37,5006,111374,33169,11139139700,6,-3,600720
pg2203,20220218,20220218,133738000,13:37:39,5006,111379,33168,11139640300,5,-1,500600
pg2203,20220218,20220218,133738500,13:37:39,5006,111390,33164,11140741780,11,-4,1101480
pg2203,20220218,20220218,133739000,13:37:39,5007,111391,33164,11140841920,1,0,100140
pg2203,20220218,20220218,133739500,13:37:39,5007,111395,33166,11141242480,4,2,400560
pg2203,20220218,20220218,133740000,13:37:40,5006,111402,33169,11141943340,7,3,700860
pg2203,20220218,20220218,133740500,13:37:40,5007,111417,33178,11143445420,15,9,1502080
pg2203,20220218,20220218,133741000,13:37:41,5008,111455,33196,11147251500,38,18,3806080
pg2203,20220218,20220218,133741500,13:37:42,5009,111469,33190,11148654000,14,-6,1402500
pg2203,20220218,20220218,133742000,13:37:42,5009,111477,33190,11149455560,8,0,801560
pg2203,20220218,20220218,133742500,13:37:43,5010,111492,33192,11150958460,15,2,1502900
pg2203,20220218,20220218,133743000,13:37:44,5010,111523,33175,11154064580,31,-17,3106120
pg2203,20220218,20220218,133743500,13:37:44,5011,111530,33169,11154766120,7,-6,701540
pg2203,20220218,20220218,133744000,13:37:45,5010,111543,33162,11156068740,13,-7,1302620
pg2203,20220218,20220218,133744500,13:37:45,5010,111549,33163,11156669880,6,1,601140
pg2203,20220218,20220218,133745000,13:37:45,5008,111552,33164,11156970440,3,1,300560
pg2203,20220218,20220218,133745500,13:37:45,5009,111562,33174,11157972080,10,10,1001640
pg2203,20220218,20220218,133746000,13:37:46,5008,111566,33178,11158372760,4,4,400680
pg2203,20220218,20220218,133746500,13:37:47,5008,111573,33177,11159073880,7,-1,701120
pg2203,20220218,20220218,133747000,13:37:47,5008,111575,33177,11159274200,2,0,200320
pg2203,20220218,20220218,133747500,13:37:48,5008,111578,33177,11159574680,3,0,300480
pg2203,20220218,20220218,133748000,13:37:48,5009,111583,33181,11160075540,5,4,500860
pg2203,20220218,20220218,133748500,13:37:49,5008,111596,33181,11161377660,13,0,1302120
pg2203,20220218,20220218,133749000,13:37:49,5008,111599,33182,11161678160,3,1,300500
pg2203,20220218,20220218,133749500,13:37:49,5009,111608,33185,11162579680,9,3,901520
pg2203,20220218,20220218,133750000,13:37:50,5009,111623,33189,11164082280,15,4,1502600
pg2203,20220218,20220218,133750500,13:37:51,5007,111647,33196,11166485700,24,7,2403420
pg2203,20220218,20220218,133751000,13:37:51,5008,111651,33194,11166886300,4,-2,400600
pg2203,20220218,20220218,133751500,13:37:53,5007,111652,33194,11166986440,1,0,100140
pg2203,20220218,20220218,133752000,13:37:53,5008,111660,33199,11167787600,8,5,801160
pg2203,20220218,20220218,133752500,13:37:54,5007,111663,33201,11168088020,3,2,300420
pg2203,20220218,20220218,133753000,13:37:54,5006,111675,33212,11169289460,12,11,1201440
pg2203,20220218,20220218,133753500,13:37:55,5006,111676,33213,11169389580,1,1,100120
pg2203,20220218,20220218,133754000,13:37:55,5006,111686,33218,11170390780,10,5,1001200
pg2203,20220218,20220218,133754500,13:37:55,5007,111689,33217,11170691200,3,-1,300420
pg2203,20220218,20220218,133755000,13:37:55,5007,111694,33217,11171191880,5,0,500680
pg2203,20220218,20220218,133755500,13:37:55,5007,111695,33218,11171292020,1,1,100140
pg2203,20220218,20220218,133756000,13:37:56,5007,111695,33218,11171292020,0,0,0
pg2203,20220218,20220218,133756500,13:37:57,5007,111695,33218,11171292020,0,0,0
pg2203,20220218,20220218,133757000,13:37:57,5006,111696,33218,11171392140,1,0,100120
pg2203,20220218,20220218,133757500,13:37:58,5007,111699,33216,11171692540,3,-2,300400
pg2203,20220218,20220218,133758000,13:37:58,5007,111699,33216,11171692540,0,0,0
pg2203,20220218,20220218,133758500,13:37:59,5007,111701,33217,11171892800,2,1,200260
pg2203,20220218,20220218,133759000,13:38:00,5007,111703,33217,11172093080,2,0,200280
pg2203,20220218,20220218,133759500,13:38:00,5006,111705,33218,11172293340,2,1,200260
pg2203,20220218,20220218,133800000,13:38:02,5007,111717,33216,11173494800,12,-2,1201460
pg2203,20220218,20220218,133800500,13:38:02,5007,111719,33216,11173695080,2,0,200280
pg2203,20220218,20220218,133801000,13:38:03,5007,111726,33216,11174396060,7,0,700980
pg2203,20220218,20220218,133802000,13:38:04,5007,111731,33215,11174896760,5,-1,500700
pg2203,20220218,20220218,133802500,13:38:05,5008,111766,33209,11178402160,35,-6,3505400
pg2203,20220218,20220218,133803000,13:38:06,5009,111783,33197,11180105180,17,-12,1703020
pg2203,20220218,20220218,133805000,13:38:07,5010,111834,33196,11185215680,51,-1,5110500
pg2203,20220218,20220218,133806000,13:38:09,5012,111838,33196,11185616600,4,0,400920
pg2203,20220218,20220218,133806500,13:38:09,5012,111842,33193,11186017500,4,-3,400900
pg2203,20220218,20220218,133809000,13:38:09,5010,111890,33177,11190828480,48,-16,4810980
pg2203,20220218,20220218,133809500,13:38:10,5012,111893,33176,11191129160,3,-1,300680
pg2203,20220218,20220218,133810000,13:38:10,5012,111899,33172,11191730400,6,-4,601240
pg2203,20220218,20220218,133810500,13:38:10,5012,111906,33175,11192431960,7,3,701560
pg2203,20220218,20220218,133811000,13:38:14,5012,111914,33180,11193233720,8,5,801760
pg2203,20220218,20220218,133811500,13:38:14,5011,111920,33182,11193834980,6,2,601260
pg2203,20220218,20220218,133812000,13:38:14,5012,111925,33180,11194336160,5,-2,501180
pg2203,20220218,20220218,133812500,13:38:14,5010,111934,33181,11195238020,9,1,901860
pg2203,20220218,20220218,133813500,13:38:15,5011,111939,33183,11195739100,5,2,501080
pg2203,20220218,20220218,133814000,13:38:17,5011,111945,33183,11196340420,6,0,601320
pg2203,20220218,20220218,133814500,13:38:17,5010,111953,33183,11197142180,8,0,801760
pg2203,20220218,20220218,133815000,13:38:17,5011,111955,33181,11197342620,2,-2,200440
pg2203,20220218,20220218,133817000,13:38:18,5011,111955,33181,11197342620,0,0,0
pg2203,20220218,20220218,133817500,13:38:18,5010,112002,33200,11202052540,47,19,4709920
pg2203,20220218,20220218,133818000,13:38:18,5011,112013,33199,11203154700,11,-1,1102160
pg2203,20220218,20220218,133818500,13:38:19,5011,112013,33199,11203154700,0,0,0
pg2203,20220218,20220218,133819000,13:38:19,5010,112014,33199,11203254900,1,0,100200
pg2203,20220218,20220218,133819500,13:38:19,5010,112017,33198,11203555520,3,-1,300620
pg2203,20220218,20220218,133820500,13:38:22,5011,112018,33198,11203655740,1,0,100220
pg2203,20220218,20220218,133821000,13:38:22,5010,112022,33198,11204056540,4,0,400800
