pg2207,20220218,20220218,112001500,11:20:08,5064,555,5830,56631480,555,149,56631480
pg2207,20220218,20220218,112004500,11:20:10,5064,555,5830,56631480,0,0,0
pg2207,20220218,20220218,112005000,11:20:10,5064,555,5830,56631480,0,0,0
pg2207,20220218,20220218,112008500,11:20:10,5064,555,5830,56631480,0,0,0
pg2207,20220218,20220218,112009000,11:20:10,5064,555,5830,56631480,0,0,0
pg2207,20220218,20220218,112009500,11:20:10,5064,555,5830,56631480,0,0,0
pg2207,20220218,20220218,112010000,11:20:10,5064,555,5830,56631480,0,0,0
pg2207,20220218,20220218,112010500,11:20:10,5064,555,5830,56631480,0,0,0
pg2207,20220218,20220218,112011000,11:20:11,5064,555,5830,56631480,0,0,0
pg2207,20220218,20220218,112011500,11:20:12,5064,555,5830,56631480,0,0,0
pg2207,20220218,20220218,112012000,11:20:12,5064,555,5830,56631480,0,0,0
pg2207,20220218,20220218,112012500,11:20:13,5064,555,5830,56631480,0,0,0
pg2207,20220218,20220218,112013000,11:20:13,5064,555,5830,56631480,0,0,0
pg2207,20220218,20220218,112018500,11:20:18,5064,555,5830,56631480,0,0,0
pg2207,20220218,20220218,112021000,11:20:21,5064,555,5830,56631480,0,0,0
pg2207,20220218,20220218,112021500,11:20:21,5064,555,5830,56631480,0,0,0
pg2207,20220218,20220218,112022000,11:20:22,5064,555,5830,56631480,0,0,0
pg2207,20220218,20220218,112022500,11:20:23,5064,555,5830,56631480,0,0,0
pg2207,20220218,20220218,112023000,11:20:23,5064,555,5830,56631480,0,0,0
pg2207,20220218,20220218,112030500,11:20:31,5064,555,5830,56631480,0,0,0
pg2207,20220218,20220218,112031000,11:20:32,5064,555,5830,56631480,0,0,0
pg2207,20220218,20220218,112031500,11:20:32,5064,555,5830,56631480,0,0,0
pg2207,20220218,20220218,112033000,11:20:33,5064,555,5830,56631480,0,0,0
pg2207,20220218,20220218,112035000,11:20:35,5064,555,5830,56631480,0,0,0
pg2207,20220218,20220218,112036000,11:20:36,5064,555,5830,56631480,0,0,0
pg2207,20220218,20220218,112036500,11:20:37,5064,555,5830,56631480,0,0,0
pg2207,20220218,20220218,112037000,11:20:37,5064,555,5830,56631480,0,0,0
pg2207,20220218,20220218,112037500,11:20:38,5064,555,5830,56631480,0,0,0
pg2207,20220218,20220218,112038000,11:20:38,5064,555,5830,56631480,0,0,0
pg2207,20220218,20220218,112038500,11:20:38,5064,555,5830,56631480,0,0,0
pg2207,20220218,20220218,112039000,11:20:39,5064,555,5830,56631480,0,0,0
pg2207,20220218,20220218,112039500,11:20:40,5064,555,5830,56631480,0,0,0
pg2207,20220218,20220218,112041500,11:20:41,5064,555,5830,56631480,0,0,0
pg2207,20220218,20220218,112042000,11:20:42,5064,555,5830,56631480,0,0,0
pg2207,20220218,20220218,112042500,11:20:42,5064,555,5830,56631480,0,0,0
pg2207,20220218,20220218,112043000,11:20:43,5064,555,5830,56631480,0,0,0
pg2207,20220218,20220218,112043500,11:20:44,5064,555,5830,56631480,0,0,0
pg2207,20220218,20220218,112044000,11:20:44,5064,555,5830,56631480,0,0,0
pg2207,20220218,20220218,112044500,11:20:45,5064,555,5830,56631480,0,0,0
pg2207,20220218,20220218,112045000,11:20:45,5064,555,5830,56631480,0,0,0
pg2207,20220218,20220218,112045500,11:20:46,5064,555,5830,56631480,0,0,0
pg2207,20220218,20220218,112046000,11:20:46,5064,555,5830,56631480,0,0,0
pg2207,20220218,20220218,112046500,11:20:46,5064,555,5830,56631480,0,0,0
pg2207,20220218,20220218,112047000,11:20:48,5064,555,5830,56631480,0,0,0
pg2207,20220218,20220218,112047500,11:20:48,5064,555,5830,56631480,0,0,0
pg2207,20220218,20220218,112048000,11:20:49,5064,555,5830,56631480,0,0,0
pg2207,20220218,20220218,112048500,11:20:50,5064,555,5830,56631480,0,0,0
pg2207,20220218,20220218,112049000,11:20:50,5064,555,5830,56631480,0,0,0
pg2207,20220218,20220218,112049500,11:20:50,5064,555,5830,56631480,0,0,0
pg2207,20220218,20220218,112050500,11:20:51,5064,555,5830,56631480,0,0,0
pg2207,20220218,20220218,112051000,11:20:51,5064,555,5830,56631480,0,0,0
pg2207,20220218,20220218,112051500,11:20:52,5064,555,5830,56631480,0,0,0
pg2207,20220218,20220218,112052000,11:20:53,5064,555,5830,56631480,0,0,0
pg2207,20220218,20220218,112052500,11:20:53,5064,555,5830,56631480,0,0,0
pg2207,20220218,20220218,112053000,11:20:53,5064,555,5830,56631480,0,0,0
pg2207,20220218,20220218,112053500,11:20:53,5064,555,5830,56631480,0,0,0
pg2207,20220218,20220218,112054000,11:20:54,5064,555,5830,56631480,0,0,0
pg2207,20220218,20220218,112054500,11:20:55,5064,555,5830,56631480,0,0,0
pg2207,20220218,20220218,112055000,11:20:55,5064,555,5830,56631480,0,0,0
pg2207,20220218,20220218,112055500,11:20:56,5064,555,5830,56631480,0,0,0
pg2207,20220218,20220218,112056000,11:20:56,5064,555,5830,56631480,0,0,0
pg2207,20220218,20220218,112056500,11:20:57,5064,555,5830,56631480,0,0,0
pg2207,20220218,20220218,112057000,11:20:58,5064,555,5830,56631480,0,0,0
pg2207,20220218,20220218,112057500,11:20:58,5064,555,5830,56631480,0,0,0
pg2207,20220218,20220218,112058000,11:20:59,5064,555,5830,56631480,0,0,0
pg2207,20220218,20220218,112058500,11:20:59,5064,555,5830,56631480,0,0,0
pg2207,20220218,20220218,112059000,11:21:00,5064,555,5830,56631480,0,0,0
pg2207,20220218,20220218,112059500,11:21:00,5064,555,5830,56631480,0,0,0
pg2207,20220218,20220218,112100000,11:21:00,5064,555,5830,56631480,0,0,0
pg2207,20220218,20220218,112100500,11:21:01,5064,555,5830,56631480,0,0,0
pg2207,20220218,20220218,112101000,11:21:01,5064,555,5830,56631480,0,0,0
pg2207,20220218,20220218,112101500,11:21:02,5064,555,5830,56631480,0,0,0
pg2207,20220218,20220218,112102000,11:21:03,5064,555,5830,56631480,0,0,0
pg2207,20220218,20220218,112102500,11:21:03,5064,555,5830,56631480,0,0,0
pg2207,20220218,20220218,112103000,11:21:03,5064,555,5830,56631480,0,0,0
pg2207,20220218,20220218,112103500,11:21:04,5064,555,5830,56631480,0,0,0
pg2207,20220218,20220218,112104000,11:21:05,5064,555,5830,56631480,0,0,0
pg2207,20220218,20220218,112105000,11:21:06,5064,555,5830,56631480,0,0,0
pg2207,20220218,20220218,112105500,11:21:07,5064,555,5830,56631480,0,0,0
pg2207,20220218,20220218,112106000,11:21:07,5064,555,5830,56631480,0,0,0
pg2207,20220218,20220218,112106500,11:21:09,5064,555,5830,56631480,0,0,0
pg2207,20220218,20220218,112107000,11:21:10,5064,555,5830,56631480,0,0,0
pg2207,20220218,20220218,112107500,11:21:10,5064,555,5830,56631480,0,0,0
pg2207,20220218,20220218,112108000,11:21:10,5064,555,5830,56631480,0,0,0
pg2207,20220218,20220218,112109500,11:21:11,5064,555,5830,56631480,0,0,0
pg2207,20220218,20220218,112111000,11:21:11,5064,555,5830,56631480,0,0,0
pg2207,20220218,20220218,112111500,11:21:12,5064,555,5830,56631480,0,0,0
pg2207,20220218,20220218,112112000,11:21:12,5064,555,5830,56631480,0,0,0
pg2207,20220218,20220218,112112500,11:21:13,5064,555,5830,56631480,0,0,0
pg2207,20220218,20220218,112113500,11:21:13,5064,555,5830,56631480,0,0,0
pg2207,20220218,20220218,112114000,11:21:14,5064,555,5830,56631480,0,0,0
pg2207,20220218,20220218,112114500,11:21:15,5064,555,5830,56631480,0,0,0
pg2207,20220218,20220218,112115000,11:21:15,5064,555,5830,56631480,0,0,0
pg2207,20220218,20220218,112115500,11:21:15,5064,555,5830,56631480,0,0,0
pg2207,20220218,20220218,112116000,11:21:16,5064,555,5830,56631480,0,0,0
pg2207,20220218,20220218,112116500,11:21:17,5064,555,5830,56631480,0,0,0
pg2207,20220218,20220218,112117000,11:21:17,5064,555,5830,56631480,0,0,0
pg2207,20220218,20220218,112117500,11:21:18,5064,555,5830,56631480,0,0,0
pg2207,20220218,20220218,112118000,11:21:18,5064,555,5830,56631480,0,0,0
pg2207,20220218,20220218,112118500,11:21:18,5064,555,5830,56631480,0,0,0
pg2207,20220218,20220218,112119000,11:21:19,5064,555,5830,56631480,0,0,0
pg2207,20220218,20220218,112119500,11:21:20,5064,555,5830,56631480,0,0,0
pg2207,20220218,20220218,112120000,11:21:21,5064,555,5830,56631480,0,0,0
pg2207,20220218,20220218,112120500,11:21:22,5064,555,5830,56631480,0,0,0
pg2207,20220218,20220218,112121000,11:21:22,5064,555,5830,56631480,0,0,0
pg2207,20220218,20220218,112121500,11:21:22,5064,555,5830,56631480,0,0,0
pg2207,20220218,20220218,112122000,11:21:22,5064,555,5830,56631480,0,0,0
pg2207,20220218,20220218,112122500,11:21:23,5064,555,5830,56631480,0,0,0
pg2207,20220218,20220218,112123000,11:21:23,5064,555,5830,56631480,0,0,0
pg2207,20220218,20220218,112123500,11:21:24,5064,555,5830,56631480,0,0,0
pg2207,20220218,20220218,112124000,11:21:24,5064,555,5830,56631480,0,0,0
pg2207,20220218,20220218,112124500,11:21:25,5064,555,5830,56631480,0,0,0
pg2207,20220218,20220218,112125000,11:22:28,5064,555,5830,56631480,0,0,0
pg2207,20220218,20220218,112125500,11:23:32,5064,555,5830,56631480,0,0,0
pg2207,20220218,20220218,112126000,11:23:33,5064,555,5830,56631480,0,0,0
pg2207,20220218,20220218,112332500,11:23:33,5064,555,5830,56631480,0,0,0
pg2207,20220218,20220218,112333000,11:23:33,5064,555,5830,56631480,0,0,0
pg2207,20220218,20220218,112333500,11:23:33,5064,555,5830,56631480,0,0,0
pg2207,20220218,20220218,112334000,11:23:34,5064,555,5830,56631480,0,0,0
pg2207,20220218,20220218,112334500,11:23:34,5064,555,5830,56631480,0,0,0
pg2207,20220218,20220218,112342500,11:23:43,5064,555,5830,56631480,0,0,0
pg2207,20220218,20220218,112343500,11:23:43,5064,555,5830,56631480,0,0,0
pg2207,20220218,20220218,112344500,11:23:48,5064,555,5830,56631480,0,0,0
pg2207,20220218,20220218,112345000,11:23:48,5064,555,5830,56631480,0,0,0
pg2207,20220218,20220218,112345500,11:23:48,5064,555,5830,56631480,0,0,0
pg2207,20220218,20220218,112348000,11:23:48,5064,555,5830,56631480,0,0,0
pg2207,20220218,20220218,112348500,11:23:49,5064,555,5830,56631480,0,0,0
pg2207,20220218,20220218,112350500,11:23:50,5064,555,5830,56631480,0,0,0
pg2207,20220218,20220218,112355000,11:23:55,5064,555,5830,56631480,0,0,0
pg2207,20220218,20220218,112358500,11:23:58,5064,555,5830,56631480,0,0,0
pg2207,20220218,20220218,112359000,11:23:59,5064,555,5830,56631480,0,0,0
pg2207,20220218,20220218,112359500,11:23:59,5064,555,5830,56631480,0,0,0
pg2207,20220218,20220218,112400500,11:24:00,5064,555,5830,56631480,0,0,0
pg2207,20220218,20220218,112402000,11:24:02,5064,555,5830,56631480,0,0,0
pg2207,20220218,20220218,112402500,11:24:02,5064,555,5830,56631480,0,0,0
pg2207,20220218,20220218,112408000,11:24:08,5064,555,5830,56631480,0,0,0
pg2207,20220218,20220218,112408500,11:24:08,5064,555,5830,56631480,0,0,0
pg2207,20220218,20220218,112409000,11:24:11,5064,555,5830,56631480,0,0,0
pg2207,20220218,20220218,112409500,11:24:12,5064,555,5830,56631480,0,0,0
pg2207,20220218,20220218,112410000,11:24:12,5064,555,5830,56631480,0,0,0
pg2207,20220218,20220218,112410500,11:24:12,5064,555,5830,56631480,0,0,0
pg2207,20220218,20220218,112411500,11:24:12,5064,555,5830,56631480,0,0,0
pg2207,20220218,20220218,112412000,11:24:12,5064,555,5830,56631480,0,0,0
pg2207,20220218,20220218,112412500,11:24:13,5064,555,5830,56631480,0,0,0
pg2207,20220218,20220218,112413000,11:24:13,5064,555,5830,56631480,0,0,0
pg2207,20220218,20220218,112413500,11:24:14,5064,555,5830,56631480,0,0,0
pg2207,20220218,20220218,112414000,11:24:14,5064,555,5830,56631480,0,0,0
pg2207,20220218,20220218,112414500,11:24:15,5064,555,5830,56631480,0,0,0
pg2207,20220218,20220218,112415000,11:24:15,5064,555,5830,56631480,0,0,0
pg2207,20220218,20220218,112415500,11:24:15,5064,555,5830,56631480,0,0,0
pg2207,20220218,20220218,112416000,11:24:16,5064,555,5830,56631480,0,0,0
pg2207,20220218,20220218,112416500,11:24:17,5064,555,5830,56631480,0,0,0
pg2207,20220218,20220218,112417000,11:24:17,5064,555,5830,56631480,0,0,0
pg2207,20220218,20220218,112417500,11:24:18,5064,555,5830,56631480,0,0,0
pg2207,20220218,20220218,112418000,11:24:18,5064,555,5830,56631480,0,0,0
pg2207,20220218,20220218,112418500,11:24:19,5064,555,5830,56631480,0,0,0
pg2207,20220218,20220218,112419000,11:24:19,5064,555,5830,56631480,0,0,0
pg2207,20220218,20220218,112419500,11:24:20,5064,555,5830,56631480,0,0,0
pg2207,20220218,20220218,112420000,11:24:20,5064,555,5830,56631480,0,0,0
pg2207,20220218,20220218,112420500,11:24:20,5064,555,5830,56631480,0,0,0
pg2207,20220218,20220218,112421000,11:24:21,5064,555,5830,56631480,0,0,0
pg2207,20220218,20220218,112421500,11:24:22,5064,555,5830,56631480,0,0,0
pg2207,20220218,20220218,112422000,11:24:22,5064,555,5830,56631480,0,0,0
pg2207,20220218,20220218,112424500,11:24:24,5064,555,5830,56631480,0,0,0
pg2207,20220218,20220218,112425000,11:24:25,5064,555,5830,56631480,0,0,0
pg2207,20220218,20220218,112425500,11:24:25,5064,555,5830,56631480,0,0,0
pg2207,20220218,20220218,112426000,11:24:26,5064,555,5830,56631480,0,0,0
pg2207,20220218,20220218,112426500,11:24:26,5064,555,5830,56631480,0,0,0
pg2207,20220218,20220218,112427000,11:24:27,5064,555,5830,56631480,0,0,0
pg2207,20220218,20220218,112427500,11:24:28,5064,555,5830,56631480,0,0,0
pg2207,20220218,20220218,112428000,11:24:28,5064,555,5830,56631480,0,0,0
pg2207,20220218,20220218,112428500,11:24:28,5064,555,5830,56631480,0,0,0
pg2207,20220218,20220218,112429000,11:24:29,5064,555,5830,56631480,0,0,0
pg2207,20220218,20220218,112429500,11:24:30,5064,555,5830,56631480,0,0,0
pg2207,20220218,20220218,112430000,11:24:30,5064,555,5830,56631480,0,0,0
pg2207,20220218,20220218,112430500,11:24:30,5064,555,5830,56631480,0,0,0
pg2207,20220218,20220218,112431000,11:24:31,5064,555,5830,56631480,0,0,0
pg2207,20220218,20220218,112431500,11:24:31,5064,555,5830,56631480,0,0,0
pg2207,20220218,20220218,112432000,11:24:32,5064,555,5830,56631480,0,0,0
pg2207,20220218,20220218,112432500,11:24:32,5064,555,5830,56631480,0,0,0
pg2207,20220218,20220218,112433000,11:24:33,5064,555,5830,56631480,0,0,0
pg2207,20220218,20220218,112433500,11:24:33,5064,555,5830,56631480,0,0,0
pg2207,20220218,20220218,112434000,11:24:34,5064,555,5830,56631480,0,0,0
pg2207,20220218,20220218,112434500,11:24:34,5064,555,5830,56631480,0,0,0
pg2207,20220218,20220218,112435000,11:24:35,5064,555,5830,56631480,0,0,0
pg2207,20220218,20220218,112435500,11:24:35,5064,555,5830,56631480,0,0,0
pg2207,20220218,20220218,112436000,11:24:36,5064,555,5830,56631480,0,0,0
pg2207,20220218,20220218,112436500,11:24:36,5064,555,5830,56631480,0,0,0
pg2207,20220218,20220218,112437000,11:24:37,5064,555,5830,56631480,0,0,0
pg2207,20220218,20220218,112437500,11:24:39,5064,555,5830,56631480,0,0,0
pg2207,20220218,20220218,112438000,11:24:39,5064,555,5830,56631480,0,0,0
pg2207,20220218,20220218,112438500,11:24:40,5064,555,5830,56631480,0,0,0
pg2207,20220218,20220218,112439000,11:24:40,5064,555,5830,56631480,0,0,0
pg2207,20220218,20220218,112439500,11:24:40,5064,555,5830,56631480,0,0,0
pg2207,20220218,20220218,112440000,11:24:40,5064,555,5830,56631480,0,0,0
pg2207,20220218,20220218,112440500,11:24:40,5064,555,5830,56631480,0,0,0
pg2207,20220218,20220218,112441000,11:24:41,5064,555,5830,56631480,0,0,0
pg2207,20220218,20220218,112441500,11:24:41,5064,555,5830,56631480,0,0,0
pg2207,20220218,20220218,112442000,11:24:42,5064,555,5830,56631480,0,0,0
pg2207,20220218,20220218,112442500,11:24:42,5064,555,5830,56631480,0,0,0
pg2207,20220218,20220218,112443000,11:24:43,5064,555,5830,56631480,0,0,0
pg2207,20220218,20220218,112443500,11:24:43,5064,555,5830,56631480,0,0,0
pg2207,20220218,20220218,112444000,11:24:44,5064,555,5830,56631480,0,0,0
pg2207,20220218,20220218,112444500,11:24:44,5064,555,5830,56631480,0,0,0
pg2207,20220218,20220218,112445000,11:24:45,5064,555,5830,56631480,0,0,0
pg2207,20220218,20220218,112445500,11:24:45,5064,555,5830,56631480,0,0,0
pg2207,20220218,20220218,112446000,11:24:46,5064,555,5830,56631480,0,0,0
pg2207,20220218,20220218,112446500,11:24:46,5064,555,5830,56631480,0,0,0
pg2207,20220218,20220218,112447000,11:24:47,5064,555,5830,56631480,0,0,0
pg2207,20220218,20220218,112447500,11:24:47,5064,555,5830,56631480,0,0,0
pg2207,20220218,20220218,112448000,11:24:48,5064,555,5830,56631480,0,0,0
pg2207,20220218,20220218,112448500,11:24:49,5064,555,5830,56631480,0,0,0
pg2207,20220218,20220218,112449000,11:24:49,5064,555,5830,56631480,0,0,0
pg2207,20220218,20220218,112449500,11:24:49,5064,555,5830,56631480,0,0,0
pg2207,20220218,20220218,112450000,11:24:50,5064,555,5830,56631480,0,0,0
pg2207,20220218,20220218,112450500,11:24:50,5064,555,5830,56631480,0,0,0
pg2207,20220218,20220218,112451000,11:24:51,5064,555,5830,56631480,0,0,0
pg2207,20220218,20220218,112451500,11:24:52,5064,555,5830,56631480,0,0,0
pg2207,20220218,20220218,112452000,11:24:52,5064,555,5830,56631480,0,0,0
pg2207,20220218,20220218,112452500,11:24:52,5064,555,5830,56631480,0,0,0
pg2207,20220218,20220218,112453000,11:24:53,5064,555,5830,56631480,0,0,0
pg2207,20220218,20220218,112453500,11:24:53,5064,555,5830,56631480,0,0,0
pg2207,20220218,20220218,112454000,11:24:54,5064,555,5830,56631480,0,0,0
pg2207,20220218,20220218,112454500,11:24:54,5064,555,5830,56631480,0,0,0
pg2207,20220218,20220218,112455000,11:24:55,5064,555,5830,56631480,0,0,0
pg2207,20220218,20220218,112455500,11:24:56,5064,555,5830,56631480,0,0,0
pg2207,20220218,20220218,112456000,11:24:56,5064,555,5830,56631480,0,0,0
pg2207,20220218,20220218,112456500,11:24:56,5064,555,5830,56631480,0,0,0
pg2207,20220218,20220218,112457000,11:24:57,5064,555,5830,56631480,0,0,0
pg2207,20220218,20220218,112457500,11:24:57,5064,555,5830,56631480,0,0,0
pg2207,20220218,20220218,112458000,11:24:58,5064,555,5830,56631480,0,0,0
pg2207,20220218,20220218,112458500,11:24:58,5064,555,5830,56631480,0,0,0
pg2207,20220218,20220218,112459000,11:24:59,5064,555,5830,56631480,0,0,0
pg2207,20220218,20220218,112459500,11:24:59,5064,555,5830,56631480,0,0,0
pg2207,20220218,20220218,112500000,11:25:00,5064,555,5830,56631480,0,0,0
pg2207,20220218,20220218,112501500,11:25:05,5064,555,5830,56631480,0,0,0
pg2207,20220218,20220218,112504500,11:25:06,5064,555,5830,56631480,0,0,0
pg2207,20220218,20220218,112505000,11:25:06,5084,556,5831,56733160,1,1,101680
pg2207,20220218,20220218,112508000,11:25:08,5084,556,5831,56733160,0,0,0
pg2207,20220218,20220218,112509000,11:25:09,5084,556,5831,56733160,0,0,0
pg2207,20220218,20220218,112509500,11:25:09,5084,556,5831,56733160,0,0,0
pg2207,20220218,20220218,112510000,11:25:10,5084,556,5831,56733160,0,0,0
pg2207,20220218,20220218,112510500,11:25:10,5084,556,5831,56733160,0,0,0
pg2207,20220218,20220218,112511500,11:25:11,5084,556,5831,56733160,0,0,0
pg2207,20220218,20220218,112512000,11:25:12,5084,556,5831,56733160,0,0,0
pg2207,20220218,20220218,112512500,11:25:12,5084,556,5831,56733160,0,0,0
pg2207,20220218,20220218,112518000,11:25:19,5084,556,5831,56733160,0,0,0
pg2207,20220218,20220218,112518500,11:25:19,5084,556,5831,56733160,0,0,0
pg2207,20220218,20220218,112519000,11:25:19,5084,556,5831,56733160,0,0,0
pg2207,20220218,20220218,112519500,11:25:20,5084,556,5831,56733160,0,0,0
pg2207,20220218,20220218,112520000,11:25:21,5084,556,5831,56733160,0,0,0
pg2207,20220218,20220218,112520500,11:25:21,5084,556,5831,56733160,0,0,0
pg2207,20220218,20220218,112521000,11:25:22,5084,556,5831,56733160,0,0,0
pg2207,20220218,20220218,112521500,11:25:22,5084,556,5831,56733160,0,0,0
pg2207,20220218,20220218,112522000,11:25:22,5084,556,5831,56733160,0,0,0
pg2207,20220218,20220218,112522500,11:25:23,5084,556,5831,56733160,0,0,0
pg2207,20220218,20220218,112523000,11:25:23,5084,556,5831,56733160,0,0,0
pg2207,20220218,20220218,112523500,11:25:24,5084,556,5831,56733160,0,0,0
pg2207,20220218,20220218,112524000,11:25:25,5084,556,5831,56733160,0,0,0
pg2207,20220218,20220218,112524500,11:25:25,5084,556,5831,56733160,0,0,0
pg2207,20220218,20220218,112525000,11:25:25,5084,556,5831,56733160,0,0,0
pg2207,20220218,20220218,112525500,11:25:26,5084,556,5831,56733160,0,0,0
pg2207,20220218,20220218,112526000,11:25:26,5084,556,5831,56733160,0,0,0
pg2207,20220218,20220218,112526500,11:25:27,5084,556,5831,56733160,0,0,0
pg2207,20220218,20220218,112527000,11:25:28,5084,556,5831,56733160,0,0,0
pg2207,20220218,20220218,112527500,11:25:28,5084,556,5831,56733160,0,0,0
pg2207,20220218,20220218,112528000,11:25:28,5084,556,5831,56733160,0,0,0
pg2207,20220218,20220218,112528500,11:25:28,5084,556,5831,56733160,0,0,0
pg2207,20220218,20220218,112529000,11:25:29,5084,556,5831,56733160,0,0,0
pg2207,20220218,20220218,112529500,11:25:30,5084,556,5831,56733160,0,0,0
pg2207,20220218,20220218,112530000,11:25:31,5084,556,5831,56733160,0,0,0
pg2207,20220218,20220218,112530500,11:25:31,5084,556,5831,56733160,0,0,0
pg2207,20220218,20220218,112531000,11:25:31,5084,556,5831,56733160,0,0,0
pg2207,20220218,20220218,112531500,11:25:32,5084,556,5831,56733160,0,0,0
pg2207,20220218,20220218,112532000,11:25:32,5084,556,5831,56733160,0,0,0
pg2207,20220218,20220218,112532500,11:25:33,5084,556,5831,56733160,0,0,0
pg2207,20220218,20220218,112533000,11:25:33,5084,556,5831,56733160,0,0,0
pg2207,20220218,20220218,112533500,11:25:33,5084,556,5831,56733160,0,0,0
pg2207,20220218,20220218,112534000,11:25:34,5084,556,5831,56733160,0,0,0
pg2207,20220218,20220218,112535500,11:25:37,5084,556,5831,56733160,0,0,0
pg2207,20220218,20220218,112536000,11:25:37,5084,556,5831,56733160,0,0,0
pg2207,20220218,20220218,112536500,11:25:37,5084,556,5831,56733160,0,0,0
pg2207,20220218,20220218,112537500,11:25:38,5084,556,5831,56733160,0,0,0
pg2207,20220218,20220218,112538500,11:25:39,5084,556,5831,56733160,0,0,0
pg2207,20220218,20220218,112539000,11:25:39,5084,556,5831,56733160,0,0,0
pg2207,20220218,20220218,112545000,11:25:45,5084,556,5831,56733160,0,0,0
pg2207,20220218,20220218,112545500,11:25:46,5084,556,5831,56733160,0,0,0
pg2207,20220218,20220218,112546000,11:25:47,5084,556,5831,56733160,0,0,0
pg2207,20220218,20220218,112547000,11:25:48,5084,556,5831,56733160,0,0,0
pg2207,20220218,20220218,112547500,11:25:48,5084,556,5831,56733160,0,0,0
pg2207,20220218,20220218,112548000,11:25:48,5084,556,5831,56733160,0,0,0
pg2207,20220218,20220218,112553500,11:25:54,5084,556,5831,56733160,0,0,0
pg2207,20220218,20220218,112554000,11:25:54,5084,556,5831,56733160,0,0,0
pg2207,20220218,20220218,112554500,11:25:55,5084,556,5831,56733160,0,0,0
pg2207,20220218,20220218,112555000,11:25:55,5084,556,5831,56733160,0,0,0
pg2207,20220218,20220218,112555500,11:25:57,5084,556,5831,56733160,0,0,0
pg2207,20220218,20220218,112556000,11:25:57,5084,556,5831,56733160,0,0,0
pg2207,20220218,20220218,112556500,11:25:57,5084,556,5831,56733160,0,0,0
pg2207,20220218,20220218,112557000,11:25:57,5084,556,5831,56733160,0,0,0
pg2207,20220218,20220218,112557500,11:25:57,5084,556,5831,56733160,0,0,0
pg2207,20220218,20220218,112558000,11:25:59,5084,556,5831,56733160,0,0,0
pg2207,20220218,20220218,112558500,11:25:59,5084,556,5831,56733160,0,0,0
pg2207,20220218,20220218,112559000,11:26:00,5084,556,5831,56733160,0,0,0
pg2207,20220218,20220218,112559500,11:26:00,5084,556,5831,56733160,0,0,0
pg2207,20220218,20220218,112600000,11:26:00,5084,556,5831,56733160,0,0,0
pg2207,20220218,20220218,112600500,11:26:01,5084,556,5831,56733160,0,0,0
pg2207,20220218,20220218,112601000,11:26:01,5084,556,5831,56733160,0,0,0
pg2207,20220218,20220218,112601500,11:26:03,5084,556,5831,56733160,0,0,0
pg2207,20220218,20220218,112602000,11:26:03,5084,556,5831,56733160,0,0,0
pg2207,20220218,20220218,112602500,11:26:03,5084,556,5831,56733160,0,0,0
pg2207,20220218,20220218,112603000,11:26:03,5084,556,5831,56733160,0,0,0
pg2207,20220218,20220218,112604000,11:26:05,5084,556,5831,56733160,0,0,0
pg2207,20220218,20220218,112606000,11:26:06,5084,556,5831,56733160,0,0,0
pg2207,20220218,20220218,112606500,11:26:09,5084,556,5831,56733160,0,0,0
pg2207,20220218,20220218,112607000,11:26:09,5084,556,5831,56733160,0,0,0
pg2207,20220218,20220218,112609000,11:26:10,5084,556,5831,56733160,0,0,0
pg2207,20220218,20220218,112609500,11:26:10,5084,556,5831,56733160,0,0,0
pg2207,20220218,20220218,112610000,11:26:10,5084,556,5831,56733160,0,0,0
pg2207,20220218,20220218,112610500,11:26:11,5084,556,5831,56733160,0,0,0
pg2207,20220218,20220218,112611000,11:26:11,5084,556,5831,56733160,0,0,0
pg2207,20220218,20220218,112611500,11:26:13,5084,556,5831,56733160,0,0,0
pg2207,20220218,20220218,112612000,11:26:14,5084,556,5831,56733160,0,0,0
pg2207,20220218,20220218,112612500,11:26:15,5084,556,5831,56733160,0,0,0
pg2207,20220218,20220218,112613500,11:26:15,5084,556,5831,56733160,0,0,0
pg2207,20220218,20220218,112614000,11:26:15,5084,556,5831,56733160,0,0,0
pg2207,20220218,20220218,112614500,11:26:16,5084,556,5831,56733160,0,0,0
pg2207,20220218,20220218,112615000,11:26:16,5084,556,5831,56733160,0,0,0
pg2207,20220218,20220218,112615500,11:26:16,5084,556,5831,56733160,0,0,0
pg2207,20220218,20220218,112616000,11:26:16,5084,556,5831,56733160,0,0,0
pg2207,20220218,20220218,112616500,11:26:17,5084,556,5831,56733160,0,0,0
pg2207,20220218,20220218,112617000,11:26:17,5084,556,5831,56733160,0,0,0
pg2207,20220218,20220218,112617500,11:26:17,5084,556,5831,56733160,0,0,0
pg2207,20220218,20220218,112618000,11:26:18,5084,556,5831,56733160,0,0,0
pg2207,20220218,20220218,112618500,11:26:19,5084,556,5831,56733160,0,0,0
pg2207,20220218,20220218,112619000,11:26:19,5084,556,5831,56733160,0,0,0
pg2207,20220218,20220218,112619500,11:26:20,5084,556,5831,56733160,0,0,0
pg2207,20220218,20220218,112620000,11:26:20,5084,556,5831,56733160,0,0,0
pg2207,20220218,20220218,112620500,11:26:20,5084,556,5831,56733160,0,0,0
pg2207,20220218,20220218,112624500,11:26:24,5084,556,5831,56733160,0,0,0
pg2207,20220218,20220218,112626000,11:26:26,5084,556,5831,56733160,0,0,0
pg2207,20220218,20220218,112626500,11:26:27,5084,556,5831,56733160,0,0,0
pg2207,20220218,20220218,112627000,11:26:27,5084,556,5831,56733160,0,0,0
pg2207,20220218,20220218,112630500,11:26:31,5084,556,5831,56733160,0,0,0
pg2207,20220218,20220218,112635000,11:26:37,5084,556,5831,56733160,0,0,0
pg2207,20220218,20220218,112635500,11:26:38,5084,556,5831,56733160,0,0,0
pg2207,20220218,20220218,112649500,11:27:11,5084,556,5831,56733160,0,0,0
pg2207,20220218,20220218,112710000,11:27:12,5084,556,5831,56733160,0,0,0
pg2207,20220218,20220218,112712000,11:27:13,5084,556,5831,56733160,0,0,0
pg2207,20220218,20220218,112712500,11:27:13,5084,556,5831,56733160,0,0,0
pg2207,20220218,20220218,112713000,11:27:14,5084,556,5831,56733160,0,0,0
pg2207,20220218,20220218,112713500,11:27:14,5084,556,5831,56733160,0,0,0
pg2207,20220218,20220218,112714000,11:27:15,5084,556,5831,56733160,0,0,0
pg2207,20220218,20220218,112714500,11:27:15,5084,556,5831,56733160,0,0,0
pg2207,20220218,20220218,112715000,11:27:16,5084,556,5831,56733160,0,0,0
pg2207,20220218,20220218,112715500,11:27:16,5084,556,5831,56733160,0,0,0
pg2207,20220218,20220218,112716000,11:27:17,5084,556,5831,56733160,0,0,0
pg2207,20220218,20220218,112716500,11:27:17,5084,556,5831,56733160,0,0,0
pg2207,20220218,20220218,112717000,11:27:17,5084,556,5831,56733160,0,0,0
pg2207,20220218,20220218,112717500,11:27:17,5084,556,5831,56733160,0,0,0
pg2207,20220218,20220218,112718000,11:27:18,5084,556,5831,56733160,0,0,0
pg2207,20220218,20220218,112718500,11:27:19,5084,556,5831,56733160,0,0,0
pg2207,20220218,20220218,112719000,11:27:19,5084,556,5831,56733160,0,0,0
pg2207,20220218,20220218,112719500,11:27:20,5084,556,5831,56733160,0,0,0
pg2207,20220218,20220218,112720000,11:27:20,5084,556,5831,56733160,0,0,0
pg2207,20220218,20220218,112720500,11:27:21,5084,556,5831,56733160,0,0,0
pg2207,20220218,20220218,112721000,11:27:21,5084,556,5831,56733160,0,0,0
pg2207,20220218,20220218,112726500,11:27:27,5084,556,5831,56733160,0,0,0
pg2207,20220218,20220218,112727000,11:27:27,5084,556,5831,56733160,0,0,0
pg2207,20220218,20220218,112727500,11:27:27,5084,556,5831,56733160,0,0,0
pg2207,20220218,20220218,112728000,11:27:28,5084,556,5831,56733160,0,0,0
pg2207,20220218,20220218,112728500,11:27:28,5084,556,5831,56733160,0,0,0
pg2207,20220218,20220218,112729000,11:27:29,5084,556,5831,56733160,0,0,0
pg2207,20220218,20220218,112734500,11:27:36,5084,556,5831,56733160,0,0,0
pg2207,20220218,20220218,112745500,11:27:46,5084,556,5831,56733160,0,0,0
pg2207,20220218,20220218,112746000,11:27:46,5084,556,5831,56733160,0,0,0
pg2207,20220218,20220218,112751000,11:27:54,5084,556,5831,56733160,0,0,0
pg2207,20220218,20220218,112757500,11:27:57,5084,556,5831,56733160,0,0,0
pg2207,20220218,20220218,112758000,11:27:58,5084,556,5831,56733160,0,0,0
pg2207,20220218,20220218,112758500,11:27:59,5084,556,5831,56733160,0,0,0
pg2207,20220218,20220218,112759000,11:27:59,5084,556,5831,56733160,0,0,0
pg2207,20220218,20220218,112759500,11:27:59,5084,556,5831,56733160,0,0,0
pg2207,20220218,20220218,112800000,11:28:01,5084,556,5831,56733160,0,0,0
pg2207,20220218,20220218,112800500,11:28:01,5084,556,5831,56733160,0,0,0
pg2207,20220218,20220218,112801000,11:28:01,5084,556,5831,56733160,0,0,0
pg2207,20220218,20220218,112801500,11:28:02,5084,556,5831,56733160,0,0,0
pg2207,20220218,20220218,112802000,11:28:03,5084,556,5831,56733160,0,0,0
pg2207,20220218,20220218,112802500,11:28:03,5084,556,5831,56733160,0,0,0
pg2207,20220218,20220218,112807000,11:28:10,5084,556,5831,56733160,0,0,0
pg2207,20220218,20220218,112810000,11:28:11,5084,556,5831,56733160,0,0,0
pg2207,20220218,20220218,112814500,11:28:14,5084,556,5831,56733160,0,0,0
pg2207,20220218,20220218,112820500,11:28:21,5084,556,5831,56733160,0,0,0
pg2207,20220218,20220218,112822000,11:28:22,5084,556,5831,56733160,0,0,0
pg2207,20220218,20220218,112823500,11:28:24,5084,556,5831,56733160,0,0,0
pg2207,20220218,20220218,112824000,11:28:24,5084,556,5831,56733160,0,0,0
pg2207,20220218,20220218,112827000,11:28:27,5084,556,5831,56733160,0,0,0
pg2207,20220218,20220218,112827500,11:28:27,5084,556,5831,56733160,0,0,0
pg2207,20220218,20220218,112830500,11:28:31,5084,556,5831,56733160,0,0,0
pg2207,20220218,20220218,112833000,11:28:33,5084,556,5831,56733160,0,0,0
pg2207,20220218,20220218,112833500,11:28:34,5084,556,5831,56733160,0,0,0
pg2207,20220218,20220218,112835500,11:28:37,5084,556,5831,56733160,0,0,0
pg2207,20220218,20220218,112836000,11:28:37,5084,556,5831,56733160,0,0,0
pg2207,20220218,20220218,112841000,11:28:41,5084,556,5831,56733160,0,0,0
pg2207,20220218,20220218,112841500,11:28:41,5084,556,5831,56733160,0,0,0
pg2207,20220218,20220218,112843000,11:28:43,5084,556,5831,56733160,0,0,0
pg2207,20220218,20220218,112844500,11:28:44,5084,556,5831,56733160,0,0,0
pg2207,20220218,20220218,112847000,11:28:47,5084,556,5831,56733160,0,0,0
pg2207,20220218,20220218,112849000,11:28:49,5084,556,5831,56733160,0,0,0
pg2207,20220218,20220218,112849500,11:28:50,5084,556,5831,56733160,0,0,0
pg2207,20220218,20220218,112853500,11:28:54,5084,556,5831,56733160,0,0,0
pg2207,20220218,20220218,112854500,11:28:54,5082,559,5830,57038080,3,-1,304920
pg2207,20220218,20220218,112855000,11:28:55,5082,559,5830,57038080,0,0,0
pg2207,20220218,20220218,112856500,11:28:56,5082,559,5830,57038080,0,0,0
pg2207,20220218,20220218,112857500,11:28:58,5082,559,5830,57038080,0,0,0
pg2207,20220218,20220218,112858000,11:28:59,5082,559,5830,57038080,0,0,0
pg2207,20220218,20220218,112902500,11:29:03,5082,559,5830,57038080,0,0,0
pg2207,20220218,20220218,112903000,11:29:03,5082,559,5830,57038080,0,0,0
pg2207,20220218,20220218,112903500,11:29:04,5082,559,5830,57038080,0,0,0
pg2207,20220218,20220218,112904000,11:29:04,5082,559,5830,57038080,0,0,0
pg2207,20220218,20220218,112904500,11:29:04,5082,559,5830,57038080,0,0,0
pg2207,20220218,20220218,112905000,11:29:05,5082,559,5830,57038080,0,0,0
pg2207,20220218,20220218,112905500,11:29:06,5082,559,5830,57038080,0,0,0
pg2207,20220218,20220218,112906000,11:29:06,5082,559,5830,57038080,0,0,0
pg2207,20220218,20220218,112906500,11:29:06,5082,559,5830,57038080,0,0,0
pg2207,20220218,20220218,112907000,11:29:08,5082,559,5830,57038080,0,0,0
pg2207,20220218,20220218,112907500,11:29:08,5082,559,5830,57038080,0,0,0
pg2207,20220218,20220218,112908000,11:29:08,5082,559,5830,57038080,0,0,0
pg2207,20220218,20220218,112908500,11:29:08,5082,559,5830,57038080,0,0,0
pg2207,20220218,20220218,112909000,11:29:09,5082,559,5830,57038080,0,0,0
pg2207,20220218,20220218,112909500,11:29:09,5082,559,5830,57038080,0,0,0
pg2207,20220218,20220218,112910000,11:29:10,5082,559,5830,57038080,0,0,0
pg2207,20220218,20220218,112910500,11:29:11,5082,559,5830,57038080,0,0,0
pg2207,20220218,20220218,112911000,11:29:11,5082,559,5830,57038080,0,0,0
pg2207,20220218,20220218,112911500,11:29:12,5082,559,5830,57038080,0,0,0
pg2207,20220218,20220218,112912000,11:29:12,5082,559,5830,57038080,0,0,0
pg2207,20220218,20220218,112912500,11:29:12,5082,559,5830,57038080,0,0,0
pg2207,20220218,20220218,112913000,11:29:13,5082,559,5830,57038080,0,0,0
pg2207,20220218,20220218,112913500,11:29:14,5082,562,5827,57343000,3,-3,304920
pg2207,20220218,20220218,112914000,11:29:14,5082,562,5827,57343000,0,0,0
pg2207,20220218,20220218,112914500,11:29:15,5082,562,5827,57343000,0,0,0
pg2207,20220218,20220218,112932000,11:29:36,5082,562,5827,57343000,0,0,0
pg2207,20220218,20220218,112944000,11:29:45,5082,562,5827,57343000,0,0,0
pg2207,20220218,20220218,112947000,11:29:47,5082,562,5827,57343000,0,0,0
pg2207,20220218,20220218,112958000,11:30:02,5082,562,5827,57343000,0,0,0
pg2207,20220218,20220218,133002000,13:30:08,5082,562,5827,57343000,0,0,0
pg2207,20220218,20220218,133003000,13:30:10,5082,562,5827,57343000,0,0,0
pg2207,20220218,20220218,133037500,13:30:41,5082,562,5827,57343000,0,0,0
pg2207,20220218,20220218,133040000,13:30:43,5082,562,5827,57343000,0,0,0
pg2207,20220218,20220218,133042000,13:30:44,5082,562,5827,57343000,0,0,0
pg2207,20220218,20220218,133044000,13:30:46,5082,562,5827,57343000,0,0,0
pg2207,20220218,20220218,133044500,13:30:46,5082,562,5827,57343000,0,0,0
pg2207,20220218,20220218,133045000,13:30:46,5082,562,5827,57343000,0,0,0
pg2207,20220218,20220218,133045500,13:30:47,5082,562,5827,57343000,0,0,0
pg2207,20220218,20220218,133046000,13:30:47,5082,562,5827,57343000,0,0,0
pg2207,20220218,20220218,133050000,13:30:51,5082,562,5827,57343000,0,0,0
pg2207,20220218,20220218,133050500,13:30:52,5082,562,5827,57343000,0,0,0
pg2207,20220218,20220218,133053500,13:30:54,5082,562,5827,57343000,0,0,0
pg2207,20220218,20220218,133056500,13:30:57,5082,562,5827,57343000,0,0,0
pg2207,20220218,20220218,133057000,13:30:58,5082,562,5827,57343000,0,0,0
pg2207,20220218,20220218,133057500,13:30:58,5082,562,5827,57343000,0,0,0
pg2207,20220218,20220218,133058000,13:30:59,5082,562,5827,57343000,0,0,0
pg2207,20220218,20220218,133058500,13:30:59,5082,562,5827,57343000,0,0,0
pg2207,20220218,20220218,133059000,13:30:59,5082,562,5827,57343000,0,0,0
pg2207,20220218,20220218,133059500,13:31:00,5082,562,5827,57343000,0,0,0
pg2207,20220218,20220218,133102000,13:31:02,5082,562,5827,57343000,0,0,0
pg2207,20220218,20220218,133111000,13:31:12,5082,562,5827,57343000,0,0,0
pg2207,20220218,20220218,133118000,13:31:19,5082,562,5827,57343000,0,0,0
pg2207,20220218,20220218,133119000,13:31:20,5082,562,5827,57343000,0,0,0
pg2207,20220218,20220218,133119500,13:31:20,5082,562,5827,57343000,0,0,0
pg2207,20220218,20220218,133123000,13:31:25,5082,562,5827,57343000,0,0,0
pg2207,20220218,20220218,133123500,13:31:25,5082,562,5827,57343000,0,0,0
pg2207,20220218,20220218,133124000,13:31:25,5082,562,5827,57343000,0,0,0
pg2207,20220218,20220218,133156000,13:31:56,5082,562,5827,57343000,0,0,0
pg2207,20220218,20220218,133158500,13:31:58,5082,562,5827,57343000,0,0,0
pg2207,20220218,20220218,133200500,13:32:01,5082,562,5827,57343000,0,0,0
pg2207,20220218,20220218,133201500,13:32:01,5082,562,5827,57343000,0,0,0
pg2207,20220218,20220218,133202500,13:32:04,5082,562,5827,57343000,0,0,0
pg2207,20220218,20220218,133203000,13:32:05,5082,562,5827,57343000,0,0,0
pg2207,20220218,20220218,133203500,13:32:05,5082,562,5827,57343000,0,0,0
pg2207,20220218,20220218,133205000,13:32:06,5082,562,5827,57343000,0,0,0
pg2207,20220218,20220218,133205500,13:32:06,5082,562,5827,57343000,0,0,0
pg2207,20220218,20220218,133206500,13:32:07,5082,562,5827,57343000,0,0,0
pg2207,20220218,20220218,133207000,13:32:07,5082,562,5827,57343000,0,0,0
pg2207,20220218,20220218,133207500,13:32:07,5082,562,5827,57343000,0,0,0
pg2207,20220218,20220218,133209000,13:32:10,5082,562,5827,57343000,0,0,0
pg2207,20220218,20220218,133209500,13:32:10,5082,562,5827,57343000,0,0,0
pg2207,20220218,20220218,133210000,13:32:13,5082,562,5827,57343000,0,0,0
pg2207,20220218,20220218,133210500,13:32:14,5082,562,5827,57343000,0,0,0
pg2207,20220218,20220218,133211000,13:32:14,5082,562,5827,57343000,0,0,0
pg2207,20220218,20220218,133212000,13:32:15,5082,562,5827,57343000,0,0,0
pg2207,20220218,20220218,133213500,13:32:15,5082,562,5827,57343000,0,0,0
pg2207,20220218,20220218,133215000,13:32:16,5082,562,5827,57343000,0,0,0
pg2207,20220218,20220218,133215500,13:32:17,5082,562,5827,57343000,0,0,0
pg2207,20220218,20220218,133216000,13:32:17,5082,562,5827,57343000,0,0,0
pg2207,20220218,20220218,133217500,13:32:18,5082,562,5827,57343000,0,0,0
pg2207,20220218,20220218,133218000,13:32:18,5082,562,5827,57343000,0,0,0
pg2207,20220218,20220218,133218500,13:32:19,5082,562,5827,57343000,0,0,0
pg2207,20220218,20220218,133219000,13:32:20,5082,562,5827,57343000,0,0,0
pg2207,20220218,20220218,133220000,13:32:21,5082,562,5827,57343000,0,0,0
pg2207,20220218,20220218,133220500,13:32:21,5082,562,5827,57343000,0,0,0
pg2207,20220218,20220218,133221000,13:32:22,5082,562,5827,57343000,0,0,0
pg2207,20220218,20220218,133221500,13:32:22,5082,562,5827,57343000,0,0,0
pg2207,20220218,20220218,133222000,13:32:23,5082,562,5827,57343000,0,0,0
pg2207,20220218,20220218,133222500,13:32:24,5082,562,5827,57343000,0,0,0
pg2207,20220218,20220218,133223000,13:32:24,5082,562,5827,57343000,0,0,0
pg2207,20220218,20220218,133224000,13:32:24,5082,562,5827,57343000,0,0,0
pg2207,20220218,20220218,133224500,13:32:25,5082,562,5827,57343000,0,0,0
pg2207,20220218,20220218,133229000,13:32:33,5082,562,5827,57343000,0,0,0
pg2207,20220218,20220218,133234500,13:32:35,5082,562,5827,57343000,0,0,0
pg2207,20220218,20220218,133235000,13:32:36,5082,562,5827,57343000,0,0,0
pg2207,20220218,20220218,133235500,13:32:36,5082,562,5827,57343000,0,0,0
pg2207,20220218,20220218,133246000,13:32:47,5082,562,5827,57343000,0,0,0
pg2207,20220218,20220218,133246500,13:32:47,5082,562,5827,57343000,0,0,0
pg2207,20220218,20220218,133247000,13:32:47,5082,562,5827,57343000,0,0,0
pg2207,20220218,20220218,133247500,13:32:48,5082,562,5827,57343000,0,0,0
pg2207,20220218,20220218,133248000,13:32:49,5082,562,5827,57343000,0,0,0
pg2207,20220218,20220218,133251000,13:32:53,5082,562,5827,57343000,0,0,0
pg2207,20220218,20220218,133251500,13:32:53,5082,562,5827,57343000,0,0,0
pg2207,20220218,20220218,133252500,13:32:53,5082,562,5827,57343000,0,0,0
pg2207,20220218,20220218,133253500,13:32:54,5082,562,5827,57343000,0,0,0
pg2207,20220218,20220218,133254000,13:32:54,5082,562,5827,57343000,0,0,0
pg2207,20220218,20220218,133256500,13:32:57,5082,562,5827,57343000,0,0,0
pg2207,20220218,20220218,133300000,13:33:01,5082,562,5827,57343000,0,0,0
pg2207,20220218,20220218,133300500,13:33:01,5082,562,5827,57343000,0,0,0
pg2207,20220218,20220218,133301000,13:33:02,5082,562,5827,57343000,0,0,0
pg2207,20220218,20220218,133302000,13:33:03,5082,562,5827,57343000,0,0,0
pg2207,20220218,20220218,133311000,13:33:13,5082,562,5827,57343000,0,0,0
pg2207,20220218,20220218,133311500,13:33:14,5082,562,5827,57343000,0,0,0
pg2207,20220218,20220218,133313500,13:33:15,5082,562,5827,57343000,0,0,0
pg2207,20220218,20220218,133314000,13:33:17,5072,565,5824,57647300,3,-3,304300
pg2207,20220218,20220218,133314500,13:33:18,5073,566,5824,57748760,1,0,101460
pg2207,20220218,20220218,133315000,13:33:18,5073,566,5824,57748760,0,0,0
pg2207,20220218,20220218,133317000,13:33:19,5073,566,5824,57748760,0,0,0
pg2207,20220218,20220218,133317500,13:33:19,5073,566,5824,57748760,0,0,0
pg2207,20220218,20220218,133318500,13:33:19,5073,566,5824,57748760,0,0,0
pg2207,20220218,20220218,133319000,13:33:20,5073,566,5824,57748760,0,0,0
pg2207,20220218,20220218,133319500,13:33:21,5073,566,5824,57748760,0,0,0
pg2207,20220218,20220218,133320500,13:33:22,5073,566,5824,57748760,0,0,0
pg2207,20220218,20220218,133321000,13:33:22,5073,566,5824,57748760,0,0,0
pg2207,20220218,20220218,133321500,13:33:22,5073,566,5824,57748760,0,0,0
pg2207,20220218,20220218,133322000,13:33:22,5073,566,5824,57748760,0,0,0
pg2207,20220218,20220218,133322500,13:33:22,5073,566,5824,57748760,0,0,0
pg2207,20220218,20220218,133323000,13:33:23,5073,566,5824,57748760,0,0,0
pg2207,20220218,20220218,133323500,13:33:24,5073,566,5824,57748760,0,0,0
pg2207,20220218,20220218,133324000,13:33:24,5073,566,5824,57748760,0,0,0
pg2207,20220218,20220218,133324500,13:33:25,5073,566,5824,57748760,0,0,0
pg2207,20220218,20220218,133325000,13:33:26,5073,566,5824,57748760,0,0,0
pg2207,20220218,20220218,133325500,13:33:27,5073,566,5824,57748760,0,0,0
pg2207,20220218,20220218,133326000,13:33:28,5078,567,5825,57850320,1,1,101560
pg2207,20220218,20220218,133326500,13:33:29,5078,567,5825,57850320,0,0,0
pg2207,20220218,20220218,133327000,13:33:29,5078,567,5825,57850320,0,0,0
pg2207,20220218,20220218,133328500,13:33:30,5078,567,5825,57850320,0,0,0
pg2207,20220218,20220218,133329500,13:33:30,5078,567,5825,57850320,0,0,0
pg2207,20220218,20220218,133330500,13:33:31,5078,567,5825,57850320,0,0,0
pg2207,20220218,20220218,133331000,13:33:32,5078,567,5825,57850320,0,0,0
pg2207,20220218,20220218,133331500,13:33:32,5078,567,5825,57850320,0,0,0
pg2207,20220218,20220218,133332000,13:33:32,5078,567,5825,57850320,0,0,0
pg2207,20220218,20220218,133337000,13:33:37,5078,567,5825,57850320,0,0,0
pg2207,20220218,20220218,133337500,13:33:37,5078,567,5825,57850320,0,0,0
pg2207,20220218,20220218,133338000,13:33:38,5078,567,5825,57850320,0,0,0
pg2207,20220218,20220218,133338500,13:33:39,5078,567,5825,57850320,0,0,0
pg2207,20220218,20220218,133339000,13:33:39,5078,567,5825,57850320,0,0,0
pg2207,20220218,20220218,133339500,13:33:40,5078,567,5825,57850320,0,0,0
pg2207,20220218,20220218,133340500,13:33:41,5078,567,5825,57850320,0,0,0
pg2207,20220218,20220218,133341000,13:33:41,5078,567,5825,57850320,0,0,0
pg2207,20220218,20220218,133341500,13:33:42,5078,567,5825,57850320,0,0,0
pg2207,20220218,20220218,133342000,13:33:42,5078,567,5825,57850320,0,0,0
pg2207,20220218,20220218,133342500,13:33:42,5078,567,5825,57850320,0,0,0
pg2207,20220218,20220218,133343000,13:33:43,5078,567,5825,57850320,0,0,0
pg2207,20220218,20220218,133347000,13:33:49,5078,567,5825,57850320,0,0,0
pg2207,20220218,20220218,133347500,13:33:49,5078,567,5825,57850320,0,0,0
pg2207,20220218,20220218,133353000,13:33:53,5078,567,5825,57850320,0,0,0
pg2207,20220218,20220218,133355000,13:33:56,5078,567,5825,57850320,0,0,0
pg2207,20220218,20220218,133356000,13:33:57,5078,567,5825,57850320,0,0,0
pg2207,20220218,20220218,133357500,13:33:58,5078,567,5825,57850320,0,0,0
pg2207,20220218,20220218,133358000,13:33:58,5078,567,5825,57850320,0,0,0
pg2207,20220218,20220218,133358500,13:33:59,5078,567,5825,57850320,0,0,0
pg2207,20220218,20220218,133359500,13:34:00,5073,570,5825,58154760,3,0,304440
pg2207,20220218,20220218,133400000,13:34:00,5073,571,5825,58256220,1,0,101460
pg2207,20220218,20220218,133400500,13:34:01,5073,571,5825,58256220,0,0,0
pg2207,20220218,20220218,133401000,13:34:02,5073,571,5825,58256220,0,0,0
pg2207,20220218,20220218,133401500,13:34:02,5073,571,5825,58256220,0,0,0
pg2207,20220218,20220218,133410000,13:34:12,5073,571,5825,58256220,0,0,0
pg2207,20220218,20220218,133415500,13:34:16,5073,571,5825,58256220,0,0,0
pg2207,20220218,20220218,133416000,13:34:16,5073,571,5825,58256220,0,0,0
pg2207,20220218,20220218,133417000,13:34:17,5073,571,5825,58256220,0,0,0
pg2207,20220218,20220218,133418500,13:34:19,5073,571,5825,58256220,0,0,0
pg2207,20220218,20220218,133419000,13:34:19,5073,571,5825,58256220,0,0,0
pg2207,20220218,20220218,133419500,13:34:20,5073,571,5825,58256220,0,0,0
pg2207,20220218,20220218,133420000,13:34:20,5073,571,5825,58256220,0,0,0
pg2207,20220218,20220218,133420500,13:34:23,5073,571,5825,58256220,0,0,0
pg2207,20220218,20220218,133421000,13:34:23,5073,571,5825,58256220,0,0,0
pg2207,20220218,20220218,133421500,13:34:24,5073,571,5825,58256220,0,0,0
pg2207,20220218,20220218,133423000,13:34:24,5073,571,5825,58256220,0,0,0
pg2207,20220218,20220218,133430500,13:34:30,5073,571,5825,58256220,0,0,0
pg2207,20220218,20220218,133431000,13:34:31,5073,571,5825,58256220,0,0,0
pg2207,20220218,20220218,133431500,13:34:31,5073,571,5825,58256220,0,0,0
pg2207,20220218,20220218,133432000,13:34:32,5073,571,5825,58256220,0,0,0
pg2207,20220218,20220218,133432500,13:34:32,5073,571,5825,58256220,0,0,0
pg2207,20220218,20220218,133433000,13:34:34,5073,571,5825,58256220,0,0,0
pg2207,20220218,20220218,133433500,13:34:34,5073,571,5825,58256220,0,0,0
pg2207,20220218,20220218,133434000,13:34:34,5073,571,5825,58256220,0,0,0
pg2207,20220218,20220218,133434500,13:34:35,5073,571,5825,58256220,0,0,0
pg2207,20220218,20220218,133436000,13:34:36,5073,571,5825,58256220,0,0,0
pg2207,20220218,20220218,133436500,13:34:36,5073,571,5825,58256220,0,0,0
pg2207,20220218,20220218,133437000,13:34:37,5073,571,5825,58256220,0,0,0
pg2207,20220218,20220218,133437500,13:34:38,5073,571,5825,58256220,0,0,0
pg2207,20220218,20220218,133438000,13:34:38,5073,571,5825,58256220,0,0,0
pg2207,20220218,20220218,133438500,13:34:39,5073,571,5825,58256220,0,0,0
pg2207,20220218,20220218,133439000,13:34:39,5073,571,5825,58256220,0,0,0
pg2207,20220218,20220218,133439500,13:34:40,5073,571,5825,58256220,0,0,0
pg2207,20220218,20220218,133440000,13:34:40,5073,571,5825,58256220,0,0,0
pg2207,20220218,20220218,133440500,13:34:41,5073,571,5825,58256220,0,0,0
pg2207,20220218,20220218,133441000,13:34:41,5073,571,5825,58256220,0,0,0
pg2207,20220218,20220218,133441500,13:34:43,5073,571,5825,58256220,0,0,0
pg2207,20220218,20220218,133442000,13:34:44,5073,571,5825,58256220,0,0,0
pg2207,20220218,20220218,133442500,13:34:44,5073,571,5825,58256220,0,0,0
pg2207,20220218,20220218,133443000,13:34:45,5073,571,5825,58256220,0,0,0
pg2207,20220218,20220218,133443500,13:34:45,5073,571,5825,58256220,0,0,0
pg2207,20220218,20220218,133444000,13:34:45,5073,571,5825,58256220,0,0,0
pg2207,20220218,20220218,133444500,13:34:46,5073,571,5825,58256220,0,0,0
pg2207,20220218,20220218,133445000,13:34:46,5073,571,5825,58256220,0,0,0
pg2207,20220218,20220218,133445500,13:34:46,5073,571,5825,58256220,0,0,0
pg2207,20220218,20220218,133446000,13:34:46,5073,571,5825,58256220,0,0,0
pg2207,20220218,20220218,133446500,13:34:47,5073,571,5825,58256220,0,0,0
pg2207,20220218,20220218,133447000,13:34:47,5073,571,5825,58256220,0,0,0
pg2207,20220218,20220218,133447500,13:34:48,5073,571,5825,58256220,0,0,0
pg2207,20220218,20220218,133448000,13:34:48,5073,571,5825,58256220,0,0,0
pg2207,20220218,20220218,133448500,13:34:49,5073,571,5825,58256220,0,0,0
pg2207,20220218,20220218,133449000,13:34:49,5073,571,5825,58256220,0,0,0
pg2207,20220218,20220218,133449500,13:34:50,5073,571,5825,58256220,0,0,0
pg2207,20220218,20220218,133450000,13:34:51,5073,571,5825,58256220,0,0,0
pg2207,20220218,20220218,133450500,13:34:51,5073,571,5825,58256220,0,0,0
pg2207,20220218,20220218,133451000,13:34:51,5073,571,5825,58256220,0,0,0
pg2207,20220218,20220218,133451500,13:34:52,5073,571,5825,58256220,0,0,0
pg2207,20220218,20220218,133452000,13:34:52,5073,571,5825,58256220,0,0,0
pg2207,20220218,20220218,133453000,13:34:53,5073,571,5825,58256220,0,0,0
pg2207,20220218,20220218,133453500,13:34:56,5073,571,5825,58256220,0,0,0
pg2207,20220218,20220218,133454000,13:34:56,5073,571,5825,58256220,0,0,0
pg2207,20220218,20220218,133458000,13:34:58,5073,571,5825,58256220,0,0,0
pg2207,20220218,20220218,133500000,13:35:00,5073,571,5825,58256220,0,0,0
pg2207,20220218,20220218,133500500,13:35:00,5073,571,5825,58256220,0,0,0
pg2207,20220218,20220218,133501500,13:35:05,5073,571,5825,58256220,0,0,0
pg2207,20220218,20220218,133502000,13:35:10,5073,571,5825,58256220,0,0,0
pg2207,20220218,20220218,133504500,13:35:10,5073,571,5825,58256220,0,0,0
pg2207,20220218,20220218,133508500,13:35:11,5073,571,5825,58256220,0,0,0
pg2207,20220218,20220218,133512000,13:35:13,5073,571,5825,58256220,0,0,0
pg2207,20220218,20220218,133512500,13:35:13,5073,571,5825,58256220,0,0,0
pg2207,20220218,20220218,133513000,13:35:13,5073,571,5825,58256220,0,0,0
pg2207,20220218,20220218,133513500,13:35:14,5073,571,5825,58256220,0,0,0
pg2207,20220218,20220218,133514000,13:35:14,5073,571,5825,58256220,0,0,0
pg2207,20220218,20220218,133514500,13:35:15,5073,571,5825,58256220,0,0,0
pg2207,20220218,20220218,133515000,13:35:15,5073,571,5825,58256220,0,0,0
pg2207,20220218,20220218,133515500,13:35:16,5073,571,5825,58256220,0,0,0
pg2207,20220218,20220218,133516000,13:35:16,5073,571,5825,58256220,0,0,0
pg2207,20220218,20220218,133516500,13:35:17,5073,571,5825,58256220,0,0,0
pg2207,20220218,20220218,133518000,13:35:19,5073,571,5825,58256220,0,0,0
pg2207,20220218,20220218,133518500,13:35:19,5073,571,5825,58256220,0,0,0
pg2207,20220218,20220218,133519000,13:35:19,5073,571,5825,58256220,0,0,0
pg2207,20220218,20220218,133519500,13:35:20,5073,571,5825,58256220,0,0,0
pg2207,20220218,20220218,133520000,13:35:20,5073,571,5825,58256220,0,0,0
pg2207,20220218,20220218,133521000,13:35:22,5073,571,5825,58256220,0,0,0
pg2207,20220218,20220218,133521500,13:35:22,5073,571,5825,58256220,0,0,0
pg2207,20220218,20220218,133522000,13:35:22,5073,571,5825,58256220,0,0,0
pg2207,20220218,20220218,133525500,13:35:26,5073,571,5825,58256220,0,0,0
pg2207,20220218,20220218,133526500,13:35:27,5082,572,5825,58357860,1,0,101640
pg2207,20220218,20220218,133527000,13:35:31,5082,572,5825,58357860,0,0,0
pg2207,20220218,20220218,133527500,13:35:31,5082,572,5825,58357860,0,0,0
pg2207,20220218,20220218,133528000,13:35:32,5082,572,5825,58357860,0,0,0
pg2207,20220218,20220218,133531000,13:35:33,5082,572,5825,58357860,0,0,0
pg2207,20220218,20220218,133531500,13:35:42,5082,572,5825,58357860,0,0,0
pg2207,20220218,20220218,133540500,13:35:43,5082,572,5825,58357860,0,0,0
pg2207,20220218,20220218,133542000,13:35:44,5082,572,5825,58357860,0,0,0
pg2207,20220218,20220218,133543500,13:35:44,5082,572,5825,58357860,0,0,0
pg2207,20220218,20220218,133544000,13:35:45,5082,572,5825,58357860,0,0,0
pg2207,20220218,20220218,133546000,13:35:46,5082,572,5825,58357860,0,0,0
pg2207,20220218,20220218,133546500,13:35:46,5082,572,5825,58357860,0,0,0
pg2207,20220218,20220218,133547000,13:35:47,5090,578,5825,58968320,6,0,610460
pg2207,20220218,20220218,133548500,13:35:49,5090,578,5825,58968320,0,0,0
pg2207,20220218,20220218,133549000,13:35:49,5090,578,5825,58968320,0,0,0
pg2207,20220218,20220218,133549500,13:35:49,5090,578,5825,58968320,0,0,0
pg2207,20220218,20220218,133551000,13:35:51,5090,578,5825,58968320,0,0,0
pg2207,20220218,20220218,133555000,13:35:56,5090,578,5825,58968320,0,0,0
pg2207,20220218,20220218,133555500,13:35:56,5090,578,5825,58968320,0,0,0
pg2207,20220218,20220218,133556000,13:35:56,5090,578,5825,58968320,0,0,0
pg2207,20220218,20220218,133556500,13:35:58,5090,578,5825,58968320,0,0,0
pg2207,20220218,20220218,133557000,13:35:59,5090,578,5825,58968320,0,0,0
pg2207,20220218,20220218,133557500,13:36:01,5090,578,5825,58968320,0,0,0
pg2207,20220218,20220218,133558000,13:36:01,5090,578,5825,58968320,0,0,0
pg2207,20220218,20220218,133559000,13:36:03,5090,578,5825,58968320,0,0,0
pg2207,20220218,20220218,133601500,13:36:03,5090,578,5825,58968320,0,0,0
pg2207,20220218,20220218,133602500,13:36:04,5090,578,5825,58968320,0,0,0
pg2207,20220218,20220218,133603000,13:36:05,5090,578,5825,58968320,0,0,0
pg2207,20220218,20220218,133603500,13:36:05,5090,578,5825,58968320,0,0,0
pg2207,20220218,20220218,133604500,13:36:06,5090,578,5825,58968320,0,0,0
pg2207,20220218,20220218,133607000,13:36:08,5090,578,5825,58968320,0,0,0
pg2207,20220218,20220218,133607500,13:36:08,5090,578,5825,58968320,0,0,0
pg2207,20220218,20220218,133608000,13:36:08,5090,578,5825,58968320,0,0,0
pg2207,20220218,20220218,133609000,13:36:10,5090,578,5825,58968320,0,0,0
pg2207,20220218,20220218,133609500,13:36:10,5090,578,5825,58968320,0,0,0
pg2207,20220218,20220218,133610000,13:36:11,5090,578,5825,58968320,0,0,0
pg2207,20220218,20220218,133610500,13:36:11,5090,578,5825,58968320,0,0,0
pg2207,20220218,20220218,133611000,13:36:12,5101,584,5828,59580040,6,3,611720
pg2207,20220218,20220218,133611500,13:36:12,5101,584,5828,59580040,0,0,0
pg2207,20220218,20220218,133612000,13:36:12,5101,584,5828,59580040,0,0,0
pg2207,20220218,20220218,133612500,13:36:12,5101,584,5828,59580040,0,0,0
pg2207,20220218,20220218,133613000,13:36:13,5101,584,5828,59580040,0,0,0
pg2207,20220218,20220218,133613500,13:36:14,5101,584,5828,59580040,0,0,0
pg2207,20220218,20220218,133614000,13:36:14,5105,589,5827,60090380,5,-1,510340
pg2207,20220218,20220218,133614500,13:36:14,5105,589,5827,60090380,0,0,0
pg2207,20220218,20220218,133615000,13:36:15,5105,589,5827,60090380,0,0,0
pg2207,20220218,20220218,133615500,13:36:16,5105,589,5827,60090380,0,0,0
pg2207,20220218,20220218,133616000,13:36:16,5105,589,5827,60090380,0,0,0
pg2207,20220218,20220218,133616500,13:36:17,5105,589,5827,60090380,0,0,0
pg2207,20220218,20220218,133617000,13:36:19,5105,589,5827,60090380,0,0,0
pg2207,20220218,20220218,133617500,13:36:19,5105,589,5827,60090380,0,0,0
pg2207,20220218,20220218,133618000,13:36:19,5105,589,5827,60090380,0,0,0
pg2207,20220218,20220218,133618500,13:36:19,5105,589,5827,60090380,0,0,0
pg2207,20220218,20220218,133619000,13:36:19,5105,589,5827,60090380,0,0,0
pg2207,20220218,20220218,133619500,13:36:20,5105,589,5827,60090380,0,0,0
pg2207,20220218,20220218,133620000,13:36:20,5105,589,5827,60090380,0,0,0
pg2207,20220218,20220218,133620500,13:36:20,5105,589,5827,60090380,0,0,0
pg2207,20220218,20220218,133621000,13:36:21,5105,589,5827,60090380,0,0,0
pg2207,20220218,20220218,133621500,13:36:21,5105,589,5827,60090380,0,0,0
pg2207,20220218,20220218,133622000,13:36:22,5105,589,5827,60090380,0,0,0
pg2207,20220218,20220218,133622500,13:36:22,5105,589,5827,60090380,0,0,0
pg2207,20220218,20220218,133623000,13:36:23,5105,589,5827,60090380,0,0,0
pg2207,20220218,20220218,133623500,13:36:23,5105,589,5827,60090380,0,0,0
pg2207,20220218,20220218,133624000,13:36:24,5105,589,5827,60090380,0,0,0
pg2207,20220218,20220218,133624500,13:36:24,5105,589,5827,60090380,0,0,0
pg2207,20220218,20220218,133625000,13:36:25,5105,589,5827,60090380,0,0,0
pg2207,20220218,20220218,133625500,13:36:26,5105,589,5827,60090380,0,0,0
pg2207,20220218,20220218,133626000,13:36:26,5105,589,5827,60090380,0,0,0
pg2207,20220218,20220218,133627000,13:36:28,5105,589,5827,60090380,0,0,0
pg2207,20220218,20220218,133627500,13:36:28,5105,589,5827,60090380,0,0,0
pg2207,20220218,20220218,133628000,13:36:28,5105,589,5827,60090380,0,0,0
pg2207,20220218,20220218,133628500,13:36:29,5105,589,5827,60090380,0,0,0
pg2207,20220218,20220218,133629000,13:36:30,5105,589,5827,60090380,0,0,0
pg2207,20220218,20220218,133629500,13:36:30,5105,589,5827,60090380,0,0,0
pg2207,20220218,20220218,133630000,13:36:30,5105,589,5827,60090380,0,0,0
pg2207,20220218,20220218,133630500,13:36:31,5105,589,5827,60090380,0,0,0
pg2207,20220218,20220218,133631000,13:36:31,5105,589,5827,60090380,0,0,0
pg2207,20220218,20220218,133632000,13:36:32,5105,589,5827,60090380,0,0,0
pg2207,20220218,20220218,133632500,13:36:33,5105,589,5827,60090380,0,0,0
pg2207,20220218,20220218,133633000,13:36:33,5105,589,5827,60090380,0,0,0
pg2207,20220218,20220218,133633500,13:36:34,5105,589,5827,60090380,0,0,0
pg2207,20220218,20220218,133634000,13:36:34,5105,589,5827,60090380,0,0,0
pg2207,20220218,20220218,133634500,13:36:35,5105,589,5827,60090380,0,0,0
pg2207,20220218,20220218,133635000,13:36:36,5105,589,5827,60090380,0,0,0
pg2207,20220218,20220218,133635500,13:36:36,5105,589,5827,60090380,0,0,0
pg2207,20220218,20220218,133636000,13:36:36,5105,589,5827,60090380,0,0,0
pg2207,20220218,20220218,133637500,13:36:38,5105,589,5827,60090380,0,0,0
pg2207,20220218,20220218,133638000,13:36:39,5105,589,5827,60090380,0,0,0
pg2207,20220218,20220218,133638500,13:36:39,5105,589,5827,60090380,0,0,0
pg2207,20220218,20220218,133639000,13:36:39,5105,589,5827,60090380,0,0,0
pg2207,20220218,20220218,133639500,13:36:40,5105,589,5827,60090380,0,0,0
pg2207,20220218,20220218,133640000,13:36:40,5105,589,5827,60090380,0,0,0
pg2207,20220218,20220218,133640500,13:36:40,5105,589,5827,60090380,0,0,0
pg2207,20220218,20220218,133641000,13:36:41,5105,589,5827,60090380,0,0,0
pg2207,20220218,20220218,133641500,13:36:42,5105,589,5827,60090380,0,0,0
pg2207,20220218,20220218,133642000,13:36:42,5105,589,5827,60090380,0,0,0
pg2207,20220218,20220218,133642500,13:36:43,5105,589,5827,60090380,0,0,0
pg2207,20220218,20220218,133643000,13:36:43,5105,589,5827,60090380,0,0,0
pg2207,20220218,20220218,133643500,13:36:44,5105,589,5827,60090380,0,0,0
pg2207,20220218,20220218,133644000,13:36:44,5105,589,5827,60090380,0,0,0
pg2207,20220218,20220218,133644500,13:36:44,5112,590,5827,60192620,1,0,102240
pg2207,20220218,20220218,133645000,13:36:45,5112,590,5827,60192620,0,0,0
pg2207,20220218,20220218,133645500,13:36:46,5112,590,5827,60192620,0,0,0
pg2207,20220218,20220218,133646000,13:36:46,5112,590,5827,60192620,0,0,0
pg2207,20220218,20220218,133646500,13:36:46,5111,591,5828,60294840,1,1,102220
pg2207,20220218,20220218,133647000,13:36:47,5111,591,5828,60294840,0,0,0
pg2207,20220218,20220218,133647500,13:36:48,5111,591,5828,60294840,0,0,0
pg2207,20220218,20220218,133648000,13:36:48,5111,591,5828,60294840,0,0,0
pg2207,20220218,20220218,133648500,13:36:48,5111,591,5828,60294840,0,0,0
pg2207,20220218,20220218,133649000,13:36:49,5111,591,5828,60294840,0,0,0
pg2207,20220218,20220218,133649500,13:36:49,5111,591,5828,60294840,0,0,0
pg2207,20220218,20220218,133650000,13:36:50,5111,591,5828,60294840,0,0,0
pg2207,20220218,20220218,133650500,13:36:50,5111,591,5828,60294840,0,0,0
pg2207,20220218,20220218,133651000,13:36:51,5111,591,5828,60294840,0,0,0
pg2207,20220218,20220218,133651500,13:36:52,5111,591,5828,60294840,0,0,0
pg2207,20220218,20220218,133652000,13:36:52,5111,591,5828,60294840,0,0,0
pg2207,20220218,20220218,133652500,13:36:53,5111,591,5828,60294840,0,0,0
pg2207,20220218,20220218,133653000,13:36:53,5111,591,5828,60294840,0,0,0
pg2207,20220218,20220218,133653500,13:36:54,5111,591,5828,60294840,0,0,0
pg2207,20220218,20220218,133654000,13:36:54,5111,591,5828,60294840,0,0,0
pg2207,20220218,20220218,133654500,13:36:54,5111,591,5828,60294840,0,0,0
pg2207,20220218,20220218,133655000,13:36:55,5111,591,5828,60294840,0,0,0
pg2207,20220218,20220218,133655500,13:36:56,5111,591,5828,60294840,0,0,0
pg2207,20220218,20220218,133656000,13:36:56,5111,591,5828,60294840,0,0,0
pg2207,20220218,20220218,133656500,13:36:58,5111,591,5828,60294840,0,0,0
pg2207,20220218,20220218,133657500,13:36:58,5111,591,5828,60294840,0,0,0
pg2207,20220218,20220218,133701000,13:37:01,5111,591,5828,60294840,0,0,0
pg2207,20220218,20220218,133704500,13:37:05,5107,592,5829,60396980,1,1,102140
pg2207,20220218,20220218,133705000,13:37:05,5107,592,5829,60396980,0,0,0
pg2207,20220218,20220218,133706000,13:37:08,5107,592,5829,60396980,0,0,0
pg2207,20220218,20220218,133706500,13:37:08,5107,592,5829,60396980,0,0,0
pg2207,20220218,20220218,133707500,13:37:08,5107,592,5829,60396980,0,0,0
pg2207,20220218,20220218,133708000,13:37:08,5107,592,5829,60396980,0,0,0
pg2207,20220218,20220218,133708500,13:37:08,5107,592,5829,60396980,0,0,0
pg2207,20220218,20220218,133709000,13:37:09,5107,592,5829,60396980,0,0,0
pg2207,20220218,20220218,133709500,13:37:11,5107,592,5829,60396980,0,0,0
pg2207,20220218,20220218,133710000,13:37:11,5107,592,5829,60396980,0,0,0
pg2207,20220218,20220218,133710500,13:37:11,5107,592,5829,60396980,0,0,0
pg2207,20220218,20220218,133711500,13:37:13,5107,592,5829,60396980,0,0,0
pg2207,20220218,20220218,133712000,13:37:13,5107,592,5829,60396980,0,0,0
pg2207,20220218,20220218,133713000,13:37:14,5107,592,5829,60396980,0,0,0
pg2207,20220218,20220218,133714500,13:37:15,5107,592,5829,60396980,0,0,0
pg2207,20220218,20220218,133715000,13:37:15,5107,592,5829,60396980,0,0,0
pg2207,20220218,20220218,133715500,13:37:16,5107,592,5829,60396980,0,0,0
pg2207,20220218,20220218,133716000,13:37:16,5107,592,5829,60396980,0,0,0
pg2207,20220218,20220218,133716500,13:37:17,5107,592,5829,60396980,0,0,0
pg2207,20220218,20220218,133718000,13:37:19,5107,592,5829,60396980,0,0,0
pg2207,20220218,20220218,133718500,13:37:19,5107,592,5829,60396980,0,0,0
pg2207,20220218,20220218,133719000,13:37:19,5107,592,5829,60396980,0,0,0
pg2207,20220218,20220218,133720500,13:37:21,5107,592,5829,60396980,0,0,0
pg2207,20220218,20220218,133721000,13:37:21,5107,592,5829,60396980,0,0,0
pg2207,20220218,20220218,133723000,13:37:23,5107,592,5829,60396980,0,0,0
pg2207,20220218,20220218,133724500,13:37:25,5107,592,5829,60396980,0,0,0
pg2207,20220218,20220218,133728000,13:37:28,5107,592,5829,60396980,0,0,0
pg2207,20220218,20220218,133729500,13:37:30,5107,592,5829,60396980,0,0,0
pg2207,20220218,20220218,133730000,13:37:30,5107,592,5829,60396980,0,0,0
pg2207,20220218,20220218,133730500,13:37:31,5107,592,5829,60396980,0,0,0
pg2207,20220218,20220218,133731000,13:37:31,5107,592,5829,60396980,0,0,0
pg2207,20220218,20220218,133731500,13:37:31,5107,592,5829,60396980,0,0,0
pg2207,20220218,20220218,133732000,13:37:32,5108,593,5829,60499140,1,0,102160
pg2207,20220218,20220218,133732500,13:37:33,5108,593,5829,60499140,0,0,0
pg2207,20220218,20220218,133733000,13:37:33,5108,593,5829,60499140,0,0,0
pg2207,20220218,20220218,133733500,13:37:33,5108,593,5829,60499140,0,0,0
pg2207,20220218,20220218,133734000,13:37:34,5108,593,5829,60499140,0,0,0
pg2207,20220218,20220218,133734500,13:37:34,5108,593,5829,60499140,0,0,0
pg2207,20220218,20220218,133735000,13:37:35,5108,593,5829,60499140,0,0,0
pg2207,20220218,20220218,133735500,13:37:36,5108,593,5829,60499140,0,0,0
pg2207,20220218,20220218,133736000,13:37:36,5108,593,5829,60499140,0,0,0
pg2207,20220218,20220218,133736500,13:37:37,5108,593,5829,60499140,0,0,0
pg2207,20220218,20220218,133737000,13:37:37,5108,593,5829,60499140,0,0,0
pg2207,20220218,20220218,133737500,13:37:37,5108,593,5829,60499140,0,0,0
pg2207,20220218,20220218,133738000,13:37:39,5108,593,5829,60499140,0,0,0
pg2207,20220218,20220218,133738500,13:37:39,5108,593,5829,60499140,0,0,0
pg2207,20220218,20220218,133739000,13:37:39,5108,593,5829,60499140,0,0,0
pg2207,20220218,20220218,133739500,13:37:39,5108,593,5829,60499140,0,0,0
pg2207,20220218,20220218,133740000,13:37:40,5108,593,5829,60499140,0,0,0
pg2207,20220218,20220218,133740500,13:37:40,5108,593,5829,60499140,0,0,0
pg2207,20220218,20220218,133741000,13:37:41,5108,593,5829,60499140,0,0,0
pg2207,20220218,20220218,133741500,13:37:42,5108,593,5829,60499140,0,0,0
pg2207,20220218,20220218,133742000,13:37:42,5108,593,5829,60499140,0,0,0
pg2207,20220218,20220218,133742500,13:37:43,5117,594,5829,60601480,1,0,102340
pg2207,20220218,20220218,133743000,13:37:44,5117,594,5829,60601480,0,0,0
pg2207,20220218,20220218,133743500,13:37:44,5117,594,5829,60601480,0,0,0
pg2207,20220218,20220218,133744500,13:37:45,5117,594,5829,60601480,0,0,0
pg2207,20220218,20220218,133745000,13:37:45,5117,594,5829,60601480,0,0,0
pg2207,20220218,20220218,133745500,13:37:45,5117,594,5829,60601480,0,0,0
pg2207,20220218,20220218,133746000,13:37:46,5117,594,5829,60601480,0,0,0
pg2207,20220218,20220218,133746500,13:37:47,5117,594,5829,60601480,0,0,0
pg2207,20220218,20220218,133747000,13:37:47,5117,594,5829,60601480,0,0,0
pg2207,20220218,20220218,133747500,13:37:48,5117,594,5829,60601480,0,0,0
pg2207,20220218,20220218,133748000,13:37:48,5117,594,5829,60601480,0,0,0
pg2207,20220218,20220218,133748500,13:37:49,5117,594,5829,60601480,0,0,0
pg2207,20220218,20220218,133750000,13:37:50,5117,594,5829,60601480,0,0,0
pg2207,20220218,20220218,133750500,13:37:51,5117,594,5829,60601480,0,0,0
pg2207,20220218,20220218,133751000,13:37:51,5117,594,5829,60601480,0,0,0
pg2207,20220218,20220218,133751500,13:37:53,5117,594,5829,60601480,0,0,0
pg2207,20220218,20220218,133752000,13:37:53,5117,594,5829,60601480,0,0,0
pg2207,20220218,20220218,133754000,13:37:55,5117,594,5829,60601480,0,0,0
pg2207,20220218,20220218,133755000,13:37:55,5117,594,5829,60601480,0,0,0
pg2207,20220218,20220218,133755500,13:37:55,5117,594,5829,60601480,0,0,0
pg2207,20220218,20220218,133756000,13:37:56,5117,594,5829,60601480,0,0,0
pg2207,20220218,20220218,133756500,13:37:57,5117,594,5829,60601480,0,0,0
pg2207,20220218,20220218,133758000,13:37:58,5117,594,5829,60601480,0,0,0
pg2207,20220218,20220218,133759000,13:38:00,5117,594,5829,60601480,0,0,0
pg2207,20220218,20220218,133759500,13:38:00,5117,594,5829,60601480,0,0,0
pg2207,20220218,20220218,133800000,13:38:02,5117,594,5829,60601480,0,0,0
pg2207,20220218,20220218,133801000,13:38:03,5117,594,5829,60601480,0,0,0
pg2207,20220218,20220218,133801500,13:38:04,5117,594,5829,60601480,0,0,0
pg2207,20220218,20220218,133802500,13:38:06,5117,594,5829,60601480,0,0,0
pg2207,20220218,20220218,133803000,13:38:06,5117,594,5829,60601480,0,0,0
pg2207,20220218,20220218,133803500,13:38:07,5117,594,5829,60601480,0,0,0
pg2207,20220218,20220218,133806500,13:38:09,5117,594,5829,60601480,0,0,0
pg2207,20220218,20220218,133809000,13:38:09,5117,594,5829,60601480,0,0,0
pg2207,20220218,20220218,133809500,13:38:10,5117,594,5829,60601480,0,0,0
pg2207,20220218,20220218,133810000,13:38:10,5117,594,5829,60601480,0,0,0
pg2207,20220218,20220218,133810500,13:38:11,5117,594,5829,60601480,0,0,0
pg2207,20220218,20220218,133811500,13:38:14,5117,594,5829,60601480,0,0,0
pg2207,20220218,20220218,133812000,13:38:14,5117,594,5829,60601480,0,0,0
pg2207,20220218,20220218,133812500,13:38:14,5117,594,5829,60601480,0,0,0
pg2207,20220218,20220218,133813500,13:38:15,5117,594,5829,60601480,0,0,0
pg2207,20220218,20220218,133814500,13:38:17,5117,594,5829,60601480,0,0,0
pg2207,20220218,20220218,133821000,13:38:22,5117,594,5829,60601480,0,0,0
pg2207,20220218,20220218,133821500,13:38:23,5117,594,5829,60601480,0,0,0
pg2207,20220218,20220218,133838000,13:38:43,5117,594,5829,60601480,0,0,0
pg2207,20220218,20220218,133844000,13:38:44,5117,594,5829,60601480,0,0,0
pg2207,20220218,20220218,133844500,13:38:44,5117,594,5829,60601480,0,0,0
pg2207,20220218,20220218,133850000,13:38:50,5117,594,5829,60601480,0,0,0
pg2207,20220218,20220218,133851000,13:38:51,5117,594,5829,60601480,0,0,0
pg2207,20220218,20220218,133859500,13:38:59,5117,594,5829,60601480,0,0,0
pg2207,20220218,20220218,133901000,13:39:01,5117,594,5829,60601480,0,0,0
pg2207,20220218,20220218,133903500,13:39:03,5117,594,5829,60601480,0,0,0
pg2207,20220218,20220218,133908500,13:39:08,5117,594,5829,60601480,0,0,0
pg2207,20220218,20220218,133909000,13:39:09,5117,594,5829,60601480,0,0,0
pg2207,20220218,20220218,133913000,13:39:13,5117,594,5829,60601480,0,0,0
pg2207,20220218,20220218,133913500,13:39:13,5117,594,5829,60601480,0,0,0
pg2207,20220218,20220218,133914000,13:39:15,5117,594,5829,60601480,0,0,0
pg2207,20220218,20220218,133914500,13:39:18,5117,594,5829,60601480,0,0,0
pg2207,20220218,20220218,133918000,13:39:19,5117,594,5829,60601480,0,0,0
pg2207,20220218,20220218,133919000,13:39:19,5117,594,5829,60601480,0,0,0
pg2207,20220218,20220218,133919500,13:39:19,5117,594,5829,60601480,0,0,0
pg2207,20220218,20220218,133920500,13:39:20,5117,594,5829,60601480,0,0,0
pg2207,20220218,20220218,133922000,13:39:22,5117,594,5829,60601480,0,0,0
pg2207,20220218,20220218,133923500,13:39:23,5117,594,5829,60601480,0,0,0
pg2207,20220218,20220218,133924000,13:39:24,5117,594,5829,60601480,0,0,0
pg2207,20220218,20220218,133925000,13:39:25,5117,594,5829,60601480,0,0,0
pg2207,20220218,20220218,133925500,13:39:26,5117,594,5829,60601480,0,0,0
pg2207,20220218,20220218,133927500,13:39:27,5117,594,5829,60601480,0,0,0
pg2207,20220218,20220218,133928500,13:39:28,5117,594,5829,60601480,0,0,0
pg2207,20220218,20220218,133930500,13:39:30,5117,594,5829,60601480,0,0,0
pg2207,20220218,20220218,133933000,13:39:33,5117,594,5829,60601480,0,0,0
pg2207,20220218,20220218,133934000,13:39:34,5117,594,5829,60601480,0,0,0
pg2207,20220218,20220218,133935500,13:39:35,5117,594,5829,60601480,0,0,0
pg2207,20220218,20220218,133936500,13:39:36,5117,594,5829,60601480,0,0,0
pg2207,20220218,20220218,133937500,13:39:37,5117,594,5829,60601480,0,0,0
pg2207,20220218,20220218,133938500,13:39:38,5117,594,5829,60601480,0,0,0
pg2207,20220218,20220218,133939500,13:39:40,5117,594,5829,60601480,0,0,0
pg2207,20220218,20220218,133944000,13:39:44,5117,594,5829,60601480,0,0,0
pg2207,20220218,20220218,133945000,13:39:46,5117,594,5829,60601480,0,0,0
pg2207,20220218,20220218,133945500,13:39:46,5117,594,5829,60601480,0,0,0
pg2207,20220218,20220218,133946000,13:39:47,5117,594,5829,60601480,0,0,0
pg2207,20220218,20220218,133946500,13:39:47,5117,594,5829,60601480,0,0,0
pg2207,20220218,20220218,133947000,13:39:47,5117,594,5829,60601480,0,0,0
pg2207,20220218,20220218,133947500,13:39:47,5117,594,5829,60601480,0,0,0
pg2207,20220218,20220218,133948000,13:39:48,5117,594,5829,60601480,0,0,0
pg2207,20220218,20220218,133948500,13:39:48,5117,594,5829,60601480,0,0,0
pg2207,20220218,20220218,133949000,13:39:49,5117,594,5829,60601480,0,0,0
pg2207,20220218,20220218,133949500,13:39:50,5117,594,5829,60601480,0,0,0
pg2207,20220218,20220218,133950000,13:39:50,5117,594,5829,60601480,0,0,0
pg2207,20220218,20220218,133950500,13:39:50,5117,594,5829,60601480,0,0,0
pg2207,20220218,20220218,133951000,13:39:51,5117,594,5829,60601480,0,0,0
pg2207,20220218,20220218,133952500,13:39:53,5117,594,5829,60601480,0,0,0
pg2207,20220218,20220218,133953000,13:39:54,5117,594,5829,60601480,0,0,0
pg2207,20220218,20220218,133953500,13:39:54,5117,594,5829,60601480,0,0,0
pg2207,20220218,20220218,133955000,13:39:55,5117,594,5829,60601480,0,0,0
pg2207,20220218,20220218,133955500,13:39:56,5117,594,5829,60601480,0,0,0
pg2207,20220218,20220218,133956000,13:39:56,5117,594,5829,60601480,0,0,0
pg2207,20220218,20220218,133957500,13:40:13,5117,594,5829,60601480,0,0,0
pg2207,20220218,20220218,133958000,13:40:13,5117,594,5829,60601480,0,0,0
pg2207,20220218,20220218,134012500,13:40:13,5117,594,5829,60601480,0,0,0
pg2207,20220218,20220218,134013000,13:40:13,5117,594,5829,60601480,0,0,0
pg2207,20220218,20220218,134013500,13:40:14,5117,594,5829,60601480,0,0,0
pg2207,20220218,20220218,134014500,13:40:16,5117,594,5829,60601480,0,0,0
pg2207,20220218,20220218,134015000,13:40:16,5117,594,5829,60601480,0,0,0
pg2207,20220218,20220218,134015500,13:40:16,5117,594,5829,60601480,0,0,0
pg2207,20220218,20220218,134016000,13:40:16,5117,594,5829,60601480,0,0,0
pg2207,20220218,20220218,134016500,13:40:17,5117,594,5829,60601480,0,0,0
pg2207,20220218,20220218,134017000,13:40:17,5117,594,5829,60601480,0,0,0
pg2207,20220218,20220218,134017500,13:40:18,5117,594,5829,60601480,0,0,0
pg2207,20220218,20220218,134018000,13:40:19,5117,594,5829,60601480,0,0,0
pg2207,20220218,20220218,134018500,13:40:19,5117,594,5829,60601480,0,0,0
pg2207,20220218,20220218,134019500,13:40:20,5117,594,5829,60601480,0,0,0
pg2207,20220218,20220218,134020000,13:40:20,5117,594,5829,60601480,0,0,0
pg2207,20220218,20220218,134020500,13:40:21,5117,594,5829,60601480,0,0,0
pg2207,20220218,20220218,134023000,13:40:23,5117,594,5829,60601480,0,0,0
pg2207,20220218,20220218,134024000,13:40:25,5117,594,5829,60601480,0,0,0
pg2207,20220218,20220218,134026000,13:40:27,5117,594,5829,60601480,0,0,0
pg2207,20220218,20220218,134026500,13:40:27,5117,594,5829,60601480,0,0,0
pg2207,20220218,20220218,134027000,13:40:27,5117,594,5829,60601480,0,0,0
pg2207,20220218,20220218,134027500,13:40:28,5117,594,5829,60601480,0,0,0
pg2207,20220218,20220218,134028500,13:40:29,5117,594,5829,60601480,0,0,0
pg2207,20220218,20220218,134029000,13:40:30,5117,594,5829,60601480,0,0,0
pg2207,20220218,20220218,134029500,13:40:30,5117,594,5829,60601480,0,0,0
pg2207,20220218,20220218,134031500,13:40:32,5117,594,5829,60601480,0,0,0
pg2207,20220218,20220218,134032000,13:40:32,5117,594,5829,60601480,0,0,0
pg2207,20220218,20220218,134032500,13:40:32,5117,594,5829,60601480,0,0,0
pg2207,20220218,20220218,134033000,13:40:34,5117,594,5829,60601480,0,0,0
pg2207,20220218,20220218,134033500,13:40:34,5117,594,5829,60601480,0,0,0
pg2207,20220218,20220218,134034000,13:40:35,5117,594,5829,60601480,0,0,0
pg2207,20220218,20220218,134034500,13:40:35,5117,594,5829,60601480,0,0,0
pg2207,20220218,20220218,134035000,13:40:35,5117,594,5829,60601480,0,0,0
pg2207,20220218,20220218,134035500,13:40:36,5117,594,5829,60601480,0,0,0
pg2207,20220218,20220218,134036000,13:40:36,5117,594,5829,60601480,0,0,0
pg2207,20220218,20220218,134036500,13:40:37,5117,594,5829,60601480,0,0,0
pg2207,20220218,20220218,134037000,13:40:37,5117,594,5829,60601480,0,0,0
pg2207,20220218,20220218,134037500,13:40:38,5117,594,5829,60601480,0,0,0
pg2207,20220218,20220218,134038000,13:40:38,5117,594,5829,60601480,0,0,0
pg2207,20220218,20220218,134039500,13:40:40,5117,594,5829,60601480,0,0,0
pg2207,20220218,20220218,134040000,13:40:41,5117,594,5829,60601480,0,0,0
pg2207,20220218,20220218,134040500,13:40:42,5117,594,5829,60601480,0,0,0
pg2207,20220218,20220218,134041000,13:40:42,5117,594,5829,60601480,0,0,0
pg2207,20220218,20220218,134041500,13:40:42,5117,594,5829,60601480,0,0,0
pg2207,20220218,20220218,134042000,13:40:42,5117,594,5829,60601480,0,0,0
pg2207,20220218,20220218,134042500,13:40:43,5117,594,5829,60601480,0,0,0
pg2207,20220218,20220218,134043000,13:40:44,5117,594,5829,60601480,0,0,0
pg2207,20220218,20220218,134043500,13:40:44,5117,594,5829,60601480,0,0,0
pg2207,20220218,20220218,134044000,13:40:44,5117,594,5829,60601480,0,0,0
pg2207,20220218,20220218,134044500,13:40:44,5117,594,5829,60601480,0,0,0
pg2207,20220218,20220218,134045000,13:40:45,5117,594,5829,60601480,0,0,0
pg2207,20220218,20220218,134045500,13:40:46,5117,594,5829,60601480,0,0,0
pg2207,20220218,20220218,134046000,13:40:46,5117,594,5829,60601480,0,0,0
pg2207,20220218,20220218,134046500,13:40:46,5117,594,5829,60601480,0,0,0
pg2207,20220218,20220218,134047000,13:40:47,5117,594,5829,60601480,0,0,0
pg2207,20220218,20220218,134047500,13:40:47,5117,594,5829,60601480,0,0,0
pg2207,20220218,20220218,134048000,13:40:48,5117,594,5829,60601480,0,0,0
pg2207,20220218,20220218,134048500,13:40:48,5117,594,5829,60601480,0,0,0
pg2207,20220218,20220218,134049000,13:40:49,5117,594,5829,60601480,0,0,0
pg2207,20220218,20220218,134049500,13:40:49,5117,594,5829,60601480,0,0,0
pg2207,20220218,20220218,134050000,13:40:50,5117,594,5829,60601480,0,0,0
pg2207,20220218,20220218,134050500,13:40:50,5117,594,5829,60601480,0,0,0
pg2207,20220218,20220218,134051000,13:40:55,5117,594,5829,60601480,0,0,0
pg2207,20220218,20220218,134051500,13:40:55,5117,594,5829,60601480,0,0,0
pg2207,20220218,20220218,134052000,13:40:55,5117,594,5829,60601480,0,0,0
pg2207,20220218,20220218,134052500,13:40:55,5117,594,5829,60601480,0,0,0
pg2207,20220218,20220218,134055000,13:40:55,5117,594,5829,60601480,0,0,0
pg2207,20220218,20220218,134055500,13:40:57,5117,594,5829,60601480,0,0,0
pg2207,20220218,20220218,134056000,13:40:58,5117,594,5829,60601480,0,0,0
pg2207,20220218,20220218,134056500,13:40:58,5117,594,5829,60601480,0,0,0
pg2207,20220218,20220218,134057500,13:40:58,5117,594,5829,60601480,0,0,0
pg2207,20220218,20220218,134058000,13:40:58,5117,594,5829,60601480,0,0,0
pg2207,20220218,20220218,134058500,13:40:59,5117,594,5829,60601480,0,0,0
pg2207,20220218,20220218,134059000,13:40:59,5117,594,5829,60601480,0,0,0
pg2207,20220218,20220218,134059500,13:41:00,5117,594,5829,60601480,0,0,0
pg2207,20220218,20220218,134100000,13:41:00,5117,594,5829,60601480,0,0,0
pg2207,20220218,20220218,134100500,13:41:01,5117,594,5829,60601480,0,0,0
pg2207,20220218,20220218,134101000,13:41:01,5117,594,5829,60601480,0,0,0
pg2207,20220218,20220218,134101500,13:41:01,5117,594,5829,60601480,0,0,0
pg2207,20220218,20220218,134102000,13:41:02,5117,594,5829,60601480,0,0,0
pg2207,20220218,20220218,134106000,13:41:07,5117,594,5829,60601480,0,0,0
pg2207,20220218,20220218,134106500,13:41:07,5117,594,5829,60601480,0,0,0
pg2207,20220218,20220218,134107000,13:41:09,5117,594,5829,60601480,0,0,0
pg2207,20220218,20220218,134107500,13:41:09,5117,594,5829,60601480,0,0,0
pg2207,20220218,20220218,134108000,13:41:10,5117,594,5829,60601480,0,0,0
pg2207,20220218,20220218,134108500,13:41:10,5117,594,5829,60601480,0,0,0
pg2207,20220218,20220218,134109000,13:41:10,5117,594,5829,60601480,0,0,0
pg2207,20220218,20220218,134109500,13:41:10,5117,594,5829,60601480,0,0,0
pg2207,20220218,20220218,134110000,13:41:10,5117,594,5829,60601480,0,0,0
pg2207,20220218,20220218,134110500,13:41:10,5117,594,5829,60601480,0,0,0
pg2207,20220218,20220218,134111000,13:41:11,5117,594,5829,60601480,0,0,0
pg2207,20220218,20220218,134111500,13:41:12,5117,594,5829,60601480,0,0,0
pg2207,20220218,20220218,134112000,13:41:12,5117,594,5829,60601480,0,0,0
pg2207,20220218,20220218,134112500,13:41:12,5117,594,5829,60601480,0,0,0
pg2207,20220218,20220218,134113000,13:41:13,5117,594,5829,60601480,0,0,0
pg2207,20220218,20220218,134113500,13:41:13,5117,594,5829,60601480,0,0,0
pg2207,20220218,20220218,134114000,13:41:15,5117,594,5829,60601480,0,0,0
pg2207,20220218,20220218,134114500,13:41:16,5117,594,5829,60601480,0,0,0
pg2207,20220218,20220218,134116500,13:41:17,5117,594,5829,60601480,0,0,0
pg2207,20220218,20220218,134117000,13:41:17,5117,594,5829,60601480,0,0,0
pg2207,20220218,20220218,134117500,13:41:19,5117,594,5829,60601480,0,0,0
pg2207,20220218,20220218,134118000,13:41:19,5117,594,5829,60601480,0,0,0
pg2207,20220218,20220218,134118500,13:41:19,5117,594,5829,60601480,0,0,0
pg2207,20220218,20220218,134119000,13:41:19,5117,594,5829,60601480,0,0,0
pg2207,20220218,20220218,134119500,13:41:20,5117,594,5829,60601480,0,0,0
pg2207,20220218,20220218,134120000,13:41:22,5117,594,5829,60601480,0,0,0
pg2207,20220218,20220218,134123000,13:41:24,5117,594,5829,60601480,0,0,0
pg2207,20220218,20220218,134124000,13:41:25,5117,594,5829,60601480,0,0,0
pg2207,20220218,20220218,134124500,13:41:26,5117,594,5829,60601480,0,0,0
pg2207,20220218,20220218,134125000,13:41:27,5117,594,5829,60601480,0,0,0
pg2207,20220218,20220218,134125500,13:41:27,5117,594,5829,60601480,0,0,0
pg2207,20220218,20220218,134126000,13:41:27,5117,594,5829,60601480,0,0,0
pg2207,20220218,20220218,134126500,13:41:27,5117,594,5829,60601480,0,0,0
pg2207,20220218,20220218,134127000,13:41:27,5117,594,5829,60601480,0,0,0
pg2207,20220218,20220218,134127500,13:41:28,5117,594,5829,60601480,0,0,0
pg2207,20220218,20220218,134128000,13:41:28,5117,594,5829,60601480,0,0,0
pg2207,20220218,20220218,134129500,13:41:30,5117,594,5829,60601480,0,0,0
pg2207,20220218,20220218,134130000,13:41:30,5117,594,5829,60601480,0,0,0
pg2207,20220218,20220218,134130500,13:41:31,5117,594,5829,60601480,0,0,0
pg2207,20220218,20220218,134133500,13:41:34,5117,594,5829,60601480,0,0,0
pg2207,20220218,20220218,134134000,13:41:34,5117,594,5829,60601480,0,0,0
pg2207,20220218,20220218,134134500,13:41:34,5117,594,5829,60601480,0,0,0
pg2207,20220218,20220218,134139000,13:41:42,5117,594,5829,60601480,0,0,0
pg2207,20220218,20220218,134140500,13:41:42,5117,594,5829,60601480,0,0,0
pg2207,20220218,20220218,134142000,13:41:42,5117,594,5829,60601480,0,0,0
pg2207,20220218,20220218,134142500,13:41:42,5117,594,5829,60601480,0,0,0
pg2207,20220218,20220218,134143000,13:41:44,5117,594,5829,60601480,0,0,0
pg2207,20220218,20220218,134143500,13:41:44,5117,594,5829,60601480,0,0,0
pg2207,20220218,20220218,134144000,13:41:44,5117,594,5829,60601480,0,0,0
pg2207,20220218,20220218,134144500,13:41:45,5117,594,5829,60601480,0,0,0
pg2207,20220218,20220218,134146000,13:41:47,5117,594,5829,60601480,0,0,0
pg2207,20220218,20220218,134146500,13:41:47,5117,594,5829,60601480,0,0,0
pg2207,20220218,20220218,134147000,13:41:47,5117,594,5829,60601480,0,0,0
pg2207,20220218,20220218,134147500,13:41:48,5117,594,5829,60601480,0,0,0
pg2207,20220218,20220218,134148000,13:41:48,5117,594,5829,60601480,0,0,0
pg2207,20220218,20220218,134148500,13:41:49,5117,594,5829,60601480,0,0,0
pg2207,20220218,20220218,134149000,13:41:49,5117,594,5829,60601480,0,0,0
pg2207,20220218,20220218,134149500,13:41:50,5117,594,5829,60601480,0,0,0
pg2207,20220218,20220218,134150000,13:41:50,5117,594,5829,60601480,0,0,0
pg2207,20220218,20220218,134150500,13:41:51,5117,594,5829,60601480,0,0,0
pg2207,20220218,20220218,134151000,13:41:51,5117,594,5829,60601480,0,0,0
pg2207,20220218,20220218,134151500,13:41:52,5117,594,5829,60601480,0,0,0
pg2207,20220218,20220218,134152000,13:41:52,5117,594,5829,60601480,0,0,0
pg2207,20220218,20220218,134152500,13:41:53,5117,594,5829,60601480,0,0,0
pg2207,20220218,20220218,134153000,13:41:54,5117,594,5829,60601480,0,0,0
pg2207,20220218,20220218,134153500,13:42:01,5117,594,5829,60601480,0,0,0
pg2207,20220218,20220218,134154000,13:42:02,5117,594,5829,60601480,0,0,0
pg2207,20220218,20220218,134154500,13:42:02,5117,594,5829,60601480,0,0,0
pg2207,20220218,20220218,134200500,13:42:11,5117,594,5829,60601480,0,0,0
pg2207,20220218,20220218,134202500,13:42:11,5117,594,5829,60601480,0,0,0
pg2207,20220218,20220218,134210000,13:42:12,5117,594,5829,60601480,0,0,0
pg2207,20220218,20220218,134210500,13:42:12,5117,594,5829,60601480,0,0,0
pg2207,20220218,20220218,134213500,13:42:14,5117,594,5829,60601480,0,0,0
pg2207,20220218,20220218,134214000,13:42:14,5117,594,5829,60601480,0,0,0
pg2207,20220218,20220218,134217000,13:42:19,5117,594,5829,60601480,0,0,0
pg2207,20220218,20220218,134217500,13:42:20,5117,594,5829,60601480,0,0,0
pg2207,20220218,20220218,134218000,13:42:20,5117,594,5829,60601480,0,0,0
pg2207,20220218,20220218,134224000,13:42:25,5117,594,5829,60601480,0,0,0
pg2207,20220218,20220218,134224500,13:42:25,5117,594,5829,60601480,0,0,0
pg2207,20220218,20220218,134225000,13:42:25,5117,594,5829,60601480,0,0,0
pg2207,20220218,20220218,134225500,13:42:26,5117,594,5829,60601480,0,0,0
pg2207,20220218,20220218,134226000,13:42:27,5117,594,5829,60601480,0,0,0
pg2207,20220218,20220218,134227000,13:42:28,5117,594,5829,60601480,0,0,0
pg2207,20220218,20220218,134227500,13:42:29,5117,594,5829,60601480,0,0,0
pg2207,20220218,20220218,134228000,13:42:29,5117,594,5829,60601480,0,0,0
pg2207,20220218,20220218,134228500,13:42:29,5117,594,5829,60601480,0,0,0
pg2207,20220218,20220218,134229000,13:42:29,5117,594,5829,60601480,0,0,0
pg2207,20220218,20220218,134255500,13:42:56,5117,594,5829,60601480,0,0,0
pg2207,20220218,20220218,134256000,13:42:56,5117,594,5829,60601480,0,0,0
pg2207,20220218,20220218,134256500,13:42:57,5117,594,5829,60601480,0,0,0
pg2207,20220218,20220218,134257000,13:42:59,5117,594,5829,60601480,0,0,0
pg2207,20220218,20220218,134259000,13:43:00,5117,594,5829,60601480,0,0,0
pg2207,20220218,20220218,134259500,13:43:01,5117,594,5829,60601480,0,0,0
pg2207,20220218,20220218,134300000,13:43:01,5117,594,5829,60601480,0,0,0
pg2207,20220218,20220218,134300500,13:43:02,5117,594,5829,60601480,0,0,0
pg2207,20220218,20220218,134301000,13:43:02,5117,594,5829,60601480,0,0,0
pg2207,20220218,20220218,134301500,13:43:02,5117,594,5829,60601480,0,0,0
pg2207,20220218,20220218,134302000,13:43:02,5117,594,5829,60601480,0,0,0
pg2207,20220218,20220218,134302500,13:43:05,5117,594,5829,60601480,0,0,0
pg2207,20220218,20220218,134303000,13:43:11,5117,594,5829,60601480,0,0,0
pg2207,20220218,20220218,134303500,13:43:11,5117,594,5829,60601480,0,0,0
pg2207,20220218,20220218,134304500,13:43:12,5117,594,5829,60601480,0,0,0
pg2207,20220218,20220218,134305000,13:43:12,5117,594,5829,60601480,0,0,0
pg2207,20220218,20220218,134308500,13:43:12,5117,594,5829,60601480,0,0,0
pg2207,20220218,20220218,134312000,13:43:14,5117,594,5829,60601480,0,0,0
pg2207,20220218,20220218,134312500,13:43:14,5117,594,5829,60601480,0,0,0
pg2207,20220218,20220218,134313000,13:43:14,5117,594,5829,60601480,0,0,0
pg2207,20220218,20220218,134314500,13:43:15,5117,594,5829,60601480,0,0,0
pg2207,20220218,20220218,134316000,13:43:16,5117,594,5829,60601480,0,0,0
pg2207,20220218,20220218,134322500,13:43:23,5117,594,5829,60601480,0,0,0
pg2207,20220218,20220218,134323000,13:43:23,5117,594,5829,60601480,0,0,0
pg2207,20220218,20220218,134323500,13:43:24,5117,594,5829,60601480,0,0,0
pg2207,20220218,20220218,134324000,13:43:24,5117,594,5829,60601480,0,0,0
pg2207,20220218,20220218,134324500,13:43:25,5117,594,5829,60601480,0,0,0
pg2207,20220218,20220218,134325000,13:43:25,5117,594,5829,60601480,0,0,0
pg2207,20220218,20220218,134325500,13:43:26,5117,594,5829,60601480,0,0,0
pg2207,20220218,20220218,134326000,13:43:26,5117,594,5829,60601480,0,0,0
pg2207,20220218,20220218,134326500,13:43:27,5117,594,5829,60601480,0,0,0
pg2207,20220218,20220218,134327000,13:43:27,5117,594,5829,60601480,0,0,0
pg2207,20220218,20220218,134327500,13:43:28,5117,594,5829,60601480,0,0,0
pg2207,20220218,20220218,134328000,13:43:29,5117,594,5829,60601480,0,0,0
pg2207,20220218,20220218,134331500,13:43:31,5117,594,5829,60601480,0,0,0
pg2207,20220218,20220218,134338000,13:43:38,5117,594,5829,60601480,0,0,0
pg2207,20220218,20220218,134354500,13:44:04,5117,594,5829,60601480,0,0,0
pg2207,20220218,20220218,134356500,13:44:04,5117,594,5829,60601480,0,0,0
pg2207,20220218,20220218,134403000,13:44:04,5117,594,5829,60601480,0,0,0
pg2207,20220218,20220218,134404500,13:44:05,5117,594,5829,60601480,0,0,0
pg2207,20220218,20220218,134405000,13:44:05,5117,594,5829,60601480,0,0,0
pg2207,20220218,20220218,134405500,13:44:06,5117,594,5829,60601480,0,0,0
pg2207,20220218,20220218,134406000,13:44:06,5117,594,5829,60601480,0,0,0
pg2207,20220218,20220218,134413500,13:44:18,5117,594,5829,60601480,0,0,0
pg2207,20220218,20220218,134417500,13:44:18,5117,594,5829,60601480,0,0,0
pg2207,20220218,20220218,134418000,13:44:18,5117,594,5829,60601480,0,0,0
pg2207,20220218,20220218,134418500,13:44:19,5117,594,5829,60601480,0,0,0
pg2207,20220218,20220218,134419000,13:44:23,5117,594,5829,60601480,0,0,0
pg2207,20220218,20220218,134419500,13:44:23,5117,594,5829,60601480,0,0,0
pg2207,20220218,20220218,134420000,13:44:23,5117,594,5829,60601480,0,0,0
pg2207,20220218,20220218,134420500,13:44:23,5117,594,5829,60601480,0,0,0
pg2207,20220218,20220218,134423000,13:44:23,5117,594,5829,60601480,0,0,0
pg2207,20220218,20220218,134423500,13:44:24,5117,594,5829,60601480,0,0,0
pg2207,20220218,20220218,134435500,13:44:37,5117,594,5829,60601480,0,0,0
pg2207,20220218,20220218,134443000,13:44:43,5117,594,5829,60601480,0,0,0
pg2207,20220218,20220218,134443500,13:44:44,5117,594,5829,60601480,0,0,0
pg2207,20220218,20220218,134446000,13:44:46,5100,595,5829,60703480,1,0,102000
pg2207,20220218,20220218,134446500,13:44:46,5100,595,5829,60703480,0,0,0
pg2207,20220218,20220218,134447000,13:44:47,5100,595,5829,60703480,0,0,0
pg2207,20220218,20220218,134448500,13:44:48,5100,595,5829,60703480,0,0,0
pg2207,20220218,20220218,134449000,13:44:50,5100,595,5829,60703480,0,0,0
pg2207,20220218,20220218,134450500,13:44:50,5100,595,5829,60703480,0,0,0
pg2207,20220218,20220218,134451000,13:44:51,5100,595,5829,60703480,0,0,0
pg2207,20220218,20220218,134451500,13:44:53,5100,595,5829,60703480,0,0,0
pg2207,20220218,20220218,134452000,13:44:53,5100,595,5829,60703480,0,0,0
pg2207,20220218,20220218,134452500,13:44:53,5100,595,5829,60703480,0,0,0
pg2207,20220218,20220218,134453000,13:44:54,5100,595,5829,60703480,0,0,0
pg2207,20220218,20220218,134453500,13:44:54,5100,595,5829,60703480,0,0,0
pg2207,20220218,20220218,134454000,13:44:54,5100,595,5829,60703480,0,0,0
pg2207,20220218,20220218,134454500,13:44:55,5100,595,5829,60703480,0,0,0
pg2207,20220218,20220218,134455000,13:44:55,5100,595,5829,60703480,0,0,0
pg2207,20220218,20220218,134455500,13:44:56,5100,595,5829,60703480,0,0,0
pg2207,20220218,20220218,134456500,13:44:56,5100,595,5829,60703480,0,0,0
pg2207,20220218,20220218,134457000,13:44:57,5100,595,5829,60703480,0,0,0
pg2207,20220218,20220218,134457500,13:44:57,5100,595,5829,60703480,0,0,0
pg2207,20220218,20220218,134458000,13:44:58,5100,595,5829,60703480,0,0,0
pg2207,20220218,20220218,134458500,13:44:59,5100,595,5829,60703480,0,0,0
pg2207,20220218,20220218,134459000,13:44:59,5100,595,5829,60703480,0,0,0
pg2207,20220218,20220218,134459500,13:44:59,5100,595,5829,60703480,0,0,0
pg2207,20220218,20220218,134500000,13:45:00,5100,595,5829,60703480,0,0,0
pg2207,20220218,20220218,134500500,13:45:01,5100,595,5829,60703480,0,0,0
pg2207,20220218,20220218,134501000,13:45:01,5100,595,5829,60703480,0,0,0
pg2207,20220218,20220218,134501500,13:45:02,5100,595,5829,60703480,0,0,0
pg2207,20220218,20220218,134502000,13:45:02,5100,595,5829,60703480,0,0,0
pg2207,20220218,20220218,134502500,13:45:03,5100,595,5829,60703480,0,0,0
pg2207,20220218,20220218,134503000,13:45:04,5100,595,5829,60703480,0,0,0
pg2207,20220218,20220218,134503500,13:45:06,5100,595,5829,60703480,0,0,0
pg2207,20220218,20220218,134504000,13:45:08,5100,595,5829,60703480,0,0,0
pg2207,20220218,20220218,134504500,13:45:09,5100,595,5829,60703480,0,0,0
pg2207,20220218,20220218,134508000,13:45:09,5100,595,5829,60703480,0,0,0
pg2207,20220218,20220218,134508500,13:45:09,5100,595,5829,60703480,0,0,0
pg2207,20220218,20220218,134509000,13:45:10,5104,596,5830,60805560,1,1,102080
pg2207,20220218,20220218,134509500,13:45:10,5104,596,5830,60805560,0,0,0
pg2207,20220218,20220218,134510000,13:45:10,5104,596,5830,60805560,0,0,0
pg2207,20220218,20220218,134510500,13:45:11,5104,596,5830,60805560,0,0,0
pg2207,20220218,20220218,134511000,13:45:11,5104,596,5830,60805560,0,0,0
pg2207,20220218,20220218,134511500,13:45:12,5104,596,5830,60805560,0,0,0
pg2207,20220218,20220218,134513500,13:45:15,5104,596,5830,60805560,0,0,0
pg2207,20220218,20220218,134515500,13:45:17,5104,596,5830,60805560,0,0,0
pg2207,20220218,20220218,134516000,13:45:17,5104,596,5830,60805560,0,0,0
pg2207,20220218,20220218,134516500,13:45:17,5104,596,5830,60805560,0,0,0
pg2207,20220218,20220218,134517000,13:45:20,5104,596,5830,60805560,0,0,0
pg2207,20220218,20220218,134517500,13:45:20,5104,596,5830,60805560,0,0,0
pg2207,20220218,20220218,134518000,13:45:21,5104,596,5830,60805560,0,0,0
pg2207,20220218,20220218,134520500,13:45:23,5104,596,5830,60805560,0,0,0
pg2207,20220218,20220218,134523000,13:45:24,5104,596,5830,60805560,0,0,0
pg2207,20220218,20220218,134523500,13:45:24,5104,596,5830,60805560,0,0,0
pg2207,20220218,20220218,134524000,13:45:25,5104,596,5830,60805560,0,0,0
pg2207,20220218,20220218,134527000,13:45:30,5104,596,5830,60805560,0,0,0
pg2207,20220218,20220218,134527500,13:45:30,5104,596,5830,60805560,0,0,0
pg2207,20220218,20220218,134529500,13:45:30,5104,596,5830,60805560,0,0,0
pg2207,20220218,20220218,134530000,13:45:30,5104,596,5830,60805560,0,0,0
pg2207,20220218,20220218,134530500,13:45:31,5104,596,5830,60805560,0,0,0
pg2207,20220218,20220218,134531000,13:45:31,5104,596,5830,60805560,0,0,0
pg2207,20220218,20220218,134531500,13:45:32,5104,596,5830,60805560,0,0,0
pg2207,20220218,20220218,134532000,13:45:33,5104,596,5830,60805560,0,0,0
pg2207,20220218,20220218,134534000,13:45:35,5104,596,5830,60805560,0,0,0
pg2207,20220218,20220218,134534500,13:45:35,5104,596,5830,60805560,0,0,0
pg2207,20220218,20220218,134535500,13:45:36,5104,596,5830,60805560,0,0,0
pg2207,20220218,20220218,134536000,13:45:37,5104,596,5830,60805560,0,0,0
pg2207,20220218,20220218,134537500,13:45:38,5104,596,5830,60805560,0,0,0
pg2207,20220218,20220218,134538000,13:45:38,5108,597,5830,60907720,1,0,102160
pg2207,20220218,20220218,134538500,13:45:39,5108,597,5830,60907720,0,0,0
pg2207,20220218,20220218,134539000,13:45:40,5108,597,5830,60907720,0,0,0
pg2207,20220218,20220218,134539500,13:45:40,5108,597,5830,60907720,0,0,0
pg2207,20220218,20220218,134540000,13:45:40,5108,597,5830,60907720,0,0,0
pg2207,20220218,20220218,134540500,13:45:41,5108,597,5830,60907720,0,0,0
pg2207,20220218,20220218,134541000,13:45:41,5108,597,5830,60907720,0,0,0
pg2207,20220218,20220218,134541500,13:45:45,5108,597,5830,60907720,0,0,0
pg2207,20220218,20220218,134542000,13:45:45,5108,597,5830,60907720,0,0,0
pg2207,20220218,20220218,134545500,13:45:46,5108,597,5830,60907720,0,0,0
pg2207,20220218,20220218,134546500,13:45:47,5108,597,5830,60907720,0,0,0
pg2207,20220218,20220218,134548000,13:45:48,5108,597,5830,60907720,0,0,0
pg2207,20220218,20220218,134548500,13:45:48,5108,597,5830,60907720,0,0,0
pg2207,20220218,20220218,134549500,13:45:53,5108,597,5830,60907720,0,0,0
pg2207,20220218,20220218,134550000,13:45:53,5108,597,5830,60907720,0,0,0
pg2207,20220218,20220218,134550500,13:45:54,5108,597,5830,60907720,0,0,0
pg2207,20220218,20220218,134553500,13:45:54,5108,597,5830,60907720,0,0,0
pg2207,20220218,20220218,134554000,13:45:55,5108,597,5830,60907720,0,0,0
pg2207,20220218,20220218,134554500,13:45:55,5108,597,5830,60907720,0,0,0
pg2207,20220218,20220218,134555000,13:45:56,5108,597,5830,60907720,0,0,0
pg2207,20220218,20220218,134555500,13:45:58,5108,597,5830,60907720,0,0,0
pg2207,20220218,20220218,134556000,13:46:00,5108,597,5830,60907720,0,0,0
pg2207,20220218,20220218,134556500,13:46:00,5108,597,5830,60907720,0,0,0
pg2207,20220218,20220218,134600000,13:46:01,5108,597,5830,60907720,0,0,0
pg2207,20220218,20220218,134600500,13:46:01,5108,597,5830,60907720,0,0,0
pg2207,20220218,20220218,134601000,13:46:02,5108,597,5830,60907720,0,0,0
pg2207,20220218,20220218,134601500,13:46:02,5108,597,5830,60907720,0,0,0
pg2207,20220218,20220218,134602500,13:46:04,5108,597,5830,60907720,0,0,0
pg2207,20220218,20220218,134603000,13:46:04,5108,597,5830,60907720,0,0,0
pg2207,20220218,20220218,134605000,13:46:05,5108,597,5830,60907720,0,0,0
pg2207,20220218,20220218,134606500,13:46:07,5108,597,5830,60907720,0,0,0
pg2207,20220218,20220218,134607000,13:46:07,5108,597,5830,60907720,0,0,0
pg2207,20220218,20220218,134607500,13:46:08,5108,597,5830,60907720,0,0,0
pg2207,20220218,20220218,134609000,13:46:09,5108,597,5830,60907720,0,0,0
pg2207,20220218,20220218,134609500,13:46:11,5108,597,5830,60907720,0,0,0
pg2207,20220218,20220218,134610000,13:46:11,5108,597,5830,60907720,0,0,0
pg2207,20220218,20220218,134610500,13:46:11,5108,597,5830,60907720,0,0,0
pg2207,20220218,20220218,134611000,13:46:11,5108,597,5830,60907720,0,0,0
pg2207,20220218,20220218,134611500,13:46:11,5108,597,5830,60907720,0,0,0
pg2207,20220218,20220218,134612000,13:46:13,5108,597,5830,60907720,0,0,0
pg2207,20220218,20220218,134614000,13:46:14,5108,597,5830,60907720,0,0,0
pg2207,20220218,20220218,134615500,13:46:17,5108,597,5830,60907720,0,0,0
pg2207,20220218,20220218,134616000,13:46:18,5108,597,5830,60907720,0,0,0
pg2207,20220218,20220218,134616500,13:46:18,5108,597,5830,60907720,0,0,0
pg2207,20220218,20220218,134617500,13:46:18,5108,597,5830,60907720,0,0,0
pg2207,20220218,20220218,134618000,13:46:18,5108,597,5830,60907720,0,0,0
pg2207,20220218,20220218,134618500,13:46:19,5108,597,5830,60907720,0,0,0
pg2207,20220218,20220218,134619000,13:46:19,5108,597,5830,60907720,0,0,0
pg2207,20220218,20220218,134619500,13:46:19,5108,597,5830,60907720,0,0,0
pg2207,20220218,20220218,134620000,13:46:20,5108,597,5830,60907720,0,0,0
pg2207,20220218,20220218,134622500,13:46:30,5104,598,5830,61009800,1,0,102080
pg2207,20220218,20220218,134623000,13:46:30,5104,598,5830,61009800,0,0,0
pg2207,20220218,20220218,134624500,13:46:31,5104,598,5830,61009800,0,0,0
pg2207,20220218,20220218,134641000,13:46:43,5104,598,5830,61009800,0,0,0
pg2207,20220218,20220218,134642500,13:46:43,5104,598,5830,61009800,0,0,0
pg2207,20220218,20220218,134652500,13:46:54,5104,598,5830,61009800,0,0,0
pg2207,20220218,20220218,134653000,13:46:54,5104,598,5830,61009800,0,0,0
pg2207,20220218,20220218,134655000,13:46:55,5104,598,5830,61009800,0,0,0
pg2207,20220218,20220218,134655500,13:46:55,5104,598,5830,61009800,0,0,0
pg2207,20220218,20220218,134659000,13:46:59,5104,598,5830,61009800,0,0,0
pg2207,20220218,20220218,134701500,13:47:02,5104,598,5830,61009800,0,0,0
pg2207,20220218,20220218,134702000,13:47:02,5104,598,5830,61009800,0,0,0
pg2207,20220218,20220218,134702500,13:47:03,5104,598,5830,61009800,0,0,0
pg2207,20220218,20220218,134703000,13:47:03,5104,598,5830,61009800,0,0,0
pg2207,20220218,20220218,134703500,13:47:04,5104,598,5830,61009800,0,0,0
pg2207,20220218,20220218,134704000,13:47:04,5104,598,5830,61009800,0,0,0
pg2207,20220218,20220218,134704500,13:47:05,5104,598,5830,61009800,0,0,0
pg2207,20220218,20220218,134714000,13:47:17,5104,598,5830,61009800,0,0,0
pg2207,20220218,20220218,134721000,13:47:22,5104,598,5830,61009800,0,0,0
pg2207,20220218,20220218,134721500,13:47:23,5104,598,5830,61009800,0,0,0
pg2207,20220218,20220218,134722000,13:47:26,5104,598,5830,61009800,0,0,0
pg2207,20220218,20220218,134722500,13:47:26,5104,598,5830,61009800,0,0,0
pg2207,20220218,20220218,134723000,13:47:26,5104,598,5830,61009800,0,0,0
pg2207,20220218,20220218,134726500,13:47:27,5104,598,5830,61009800,0,0,0
pg2207,20220218,20220218,134732500,13:47:34,5104,598,5830,61009800,0,0,0
pg2207,20220218,20220218,134734500,13:47:36,5104,598,5830,61009800,0,0,0
pg2207,20220218,20220218,134736500,13:47:37,5104,598,5830,61009800,0,0,0
pg2207,20220218,20220218,134737000,13:47:37,5104,598,5830,61009800,0,0,0
pg2207,20220218,20220218,134737500,13:47:38,5104,598,5830,61009800,0,0,0
pg2207,20220218,20220218,134738500,13:47:39,5104,598,5830,61009800,0,0,0
pg2207,20220218,20220218,134739500,13:47:40,5104,598,5830,61009800,0,0,0
pg2207,20220218,20220218,134742500,13:47:43,5104,598,5830,61009800,0,0,0
pg2207,20220218,20220218,134746000,13:47:47,5104,598,5830,61009800,0,0,0
pg2207,20220218,20220218,134755500,13:47:55,5104,598,5830,61009800,0,0,0
pg2207,20220218,20220218,134758500,13:47:58,5104,598,5830,61009800,0,0,0
pg2207,20220218,20220218,134801500,13:48:01,5104,598,5830,61009800,0,0,0
pg2207,20220218,20220218,134804500,13:48:05,5104,598,5830,61009800,0,0,0
pg2207,20220218,20220218,134808500,13:48:09,5104,598,5830,61009800,0,0,0
pg2207,20220218,20220218,134811000,13:48:11,5104,598,5830,61009800,0,0,0
pg2207,20220218,20220218,134817500,13:48:19,5104,598,5830,61009800,0,0,0
pg2207,20220218,20220218,134818000,13:48:19,5103,599,5830,61111860,1,0,102060
pg2207,20220218,20220218,134818500,13:48:20,5103,599,5830,61111860,0,0,0
pg2207,20220218,20220218,134822000,13:48:23,5103,599,5830,61111860,0,0,0
pg2207,20220218,20220218,134822500,13:48:23,5103,599,5830,61111860,0,0,0
pg2207,20220218,20220218,134823000,13:48:23,5103,599,5830,61111860,0,0,0
pg2207,20220218,20220218,134826000,13:48:27,5103,599,5830,61111860,0,0,0
pg2207,20220218,20220218,134827000,13:48:28,5103,599,5830,61111860,0,0,0
pg2207,20220218,20220218,134828000,13:48:28,5103,599,5830,61111860,0,0,0
pg2207,20220218,20220218,134829500,13:48:30,5103,599,5830,61111860,0,0,0
pg2207,20220218,20220218,134831500,13:48:32,5103,599,5830,61111860,0,0,0
pg2207,20220218,20220218,134832000,13:48:32,5108,605,5832,61724700,6,2,612840
pg2207,20220218,20220218,134832500,13:48:32,5108,605,5832,61724700,0,0,0
pg2207,20220218,20220218,134833000,13:48:33,5108,605,5832,61724700,0,0,0
pg2207,20220218,20220218,134833500,13:48:34,5108,605,5832,61724700,0,0,0
pg2207,20220218,20220218,134834000,13:48:36,5108,605,5832,61724700,0,0,0
pg2207,20220218,20220218,134834500,13:48:36,5108,605,5832,61724700,0,0,0
pg2207,20220218,20220218,134835000,13:48:36,5108,605,5832,61724700,0,0,0
pg2207,20220218,20220218,134835500,13:48:37,5108,605,5832,61724700,0,0,0
pg2207,20220218,20220218,134836500,13:48:37,5108,605,5832,61724700,0,0,0
pg2207,20220218,20220218,134837000,13:48:37,5108,605,5832,61724700,0,0,0
pg2207,20220218,20220218,134840500,13:48:40,5108,605,5832,61724700,0,0,0
pg2207,20220218,20220218,134841000,13:48:41,5108,605,5832,61724700,0,0,0
pg2207,20220218,20220218,134841500,13:48:42,5108,605,5832,61724700,0,0,0
pg2207,20220218,20220218,134842000,13:48:42,5108,605,5832,61724700,0,0,0
pg2207,20220218,20220218,134842500,13:48:43,5108,605,5832,61724700,0,0,0
pg2207,20220218,20220218,134843000,13:48:43,5108,605,5832,61724700,0,0,0
pg2207,20220218,20220218,134844000,13:48:44,5108,605,5832,61724700,0,0,0
pg2207,20220218,20220218,134844500,13:48:44,5108,605,5832,61724700,0,0,0
pg2207,20220218,20220218,134845000,13:48:45,5108,605,5832,61724700,0,0,0
pg2207,20220218,20220218,134845500,13:48:45,5108,605,5832,61724700,0,0,0
pg2207,20220218,20220218,134856000,13:48:56,5108,605,5832,61724700,0,0,0
pg2207,20220218,20220218,134856500,13:48:57,5108,605,5832,61724700,0,0,0
pg2207,20220218,20220218,134857000,13:48:57,5108,605,5832,61724700,0,0,0
pg2207,20220218,20220218,134857500,13:48:57,5108,605,5832,61724700,0,0,0
pg2207,20220218,20220218,134858000,13:48:59,5108,605,5832,61724700,0,0,0
pg2207,20220218,20220218,134858500,13:48:59,5108,605,5832,61724700,0,0,0
pg2207,20220218,20220218,134859000,13:48:59,5108,605,5832,61724700,0,0,0
pg2207,20220218,20220218,134859500,13:49:00,5108,605,5832,61724700,0,0,0
pg2207,20220218,20220218,134901000,13:49:02,5108,605,5832,61724700,0,0,0
pg2207,20220218,20220218,134902000,13:49:02,5108,605,5832,61724700,0,0,0
pg2207,20220218,20220218,134902500,13:49:03,5108,605,5832,61724700,0,0,0
pg2207,20220218,20220218,134903000,13:49:03,5108,605,5832,61724700,0,0,0
pg2207,20220218,20220218,134903500,13:49:04,5108,605,5832,61724700,0,0,0
pg2207,20220218,20220218,134904000,13:49:04,5108,605,5832,61724700,0,0,0
pg2207,20220218,20220218,134905000,13:49:05,5108,605,5832,61724700,0,0,0
pg2207,20220218,20220218,134905500,13:49:05,5108,605,5832,61724700,0,0,0
pg2207,20220218,20220218,134906000,13:49:06,5108,605,5832,61724700,0,0,0
pg2207,20220218,20220218,134906500,13:49:06,5103,607,5833,61928840,2,1,204140
pg2207,20220218,20220218,134907000,13:49:07,5103,607,5833,61928840,0,0,0
