pp2206,20220218,20220218,112003000,11:20:09,8364,18891,88546,788347195,18891,883,788347195
pp2206,20220218,20220218,112004500,11:20:10,8364,18891,88546,788347195,0,0,0
pp2206,20220218,20220218,112006000,11:20:10,8364,18891,88546,788347195,0,0,0
pp2206,20220218,20220218,112006500,11:20:10,8364,18891,88546,788347195,0,0,0
pp2206,20220218,20220218,112007000,11:20:10,8364,18891,88546,788347195,0,0,0
pp2206,20220218,20220218,112007500,11:20:10,8365,18892,88547,788389020,1,1,41825
pp2206,20220218,20220218,112008000,11:20:10,8365,18892,88547,788389020,0,0,0
pp2206,20220218,20220218,112008500,11:20:10,8365,18892,88547,788389020,0,0,0
pp2206,20220218,20220218,112009000,11:20:10,8365,18892,88547,788389020,0,0,0
pp2206,20220218,20220218,112010000,11:20:10,8365,18892,88547,788389020,0,0,0
pp2206,20220218,20220218,112010500,11:20:10,8365,18892,88547,788389020,0,0,0
pp2206,20220218,20220218,112011000,11:20:11,8365,18892,88547,788389020,0,0,0
pp2206,20220218,20220218,112011500,11:20:12,8365,18892,88547,788389020,0,0,0
pp2206,20220218,20220218,112012000,11:20:12,8365,18892,88547,788389020,0,0,0
pp2206,20220218,20220218,112012500,11:20:12,8366,18915,88538,789351095,23,-9,962075
pp2206,20220218,20220218,112013000,11:20:13,8366,18915,88538,789351095,0,0,0
pp2206,20220218,20220218,112013500,11:20:13,8366,18915,88538,789351095,0,0,0
pp2206,20220218,20220218,112014000,11:20:14,8366,18915,88538,789351095,0,0,0
pp2206,20220218,20220218,112014500,11:20:14,8366,18915,88538,789351095,0,0,0
pp2206,20220218,20220218,112015000,11:20:15,8366,18915,88538,789351095,0,0,0
pp2206,20220218,20220218,112015500,11:20:16,8366,18915,88538,789351095,0,0,0
pp2206,20220218,20220218,112016000,11:20:16,8366,18915,88538,789351095,0,0,0
pp2206,20220218,20220218,112016500,11:20:16,8366,18915,88538,789351095,0,0,0
pp2206,20220218,20220218,112017000,11:20:17,8366,18915,88538,789351095,0,0,0
pp2206,20220218,20220218,112017500,11:20:17,8366,18915,88538,789351095,0,0,0
pp2206,20220218,20220218,112018000,11:20:18,8366,18915,88538,789351095,0,0,0
pp2206,20220218,20220218,112018500,11:20:18,8366,18915,88538,789351095,0,0,0
pp2206,20220218,20220218,112019000,11:20:19,8366,18915,88538,789351095,0,0,0
pp2206,20220218,20220218,112019500,11:20:20,8366,18915,88538,789351095,0,0,0
pp2206,20220218,20220218,112020000,11:20:20,8366,18915,88538,789351095,0,0,0
pp2206,20220218,20220218,112020500,11:20:21,8366,18915,88538,789351095,0,0,0
pp2206,20220218,20220218,112021000,11:20:21,8366,18915,88538,789351095,0,0,0
pp2206,20220218,20220218,112021500,11:20:21,8366,18915,88538,789351095,0,0,0
pp2206,20220218,20220218,112022000,11:20:22,8366,18915,88538,789351095,0,0,0
pp2206,20220218,20220218,112022500,11:20:23,8366,18915,88538,789351095,0,0,0
pp2206,20220218,20220218,112023000,11:20:23,8366,18915,88538,789351095,0,0,0
pp2206,20220218,20220218,112023500,11:20:23,8366,18915,88538,789351095,0,0,0
pp2206,20220218,20220218,112024000,11:20:24,8366,18915,88538,789351095,0,0,0
pp2206,20220218,20220218,112024500,11:20:24,8366,18915,88538,789351095,0,0,0
pp2206,20220218,20220218,112025000,11:20:25,8366,18915,88538,789351095,0,0,0
pp2206,20220218,20220218,112025500,11:20:25,8366,18915,88538,789351095,0,0,0
pp2206,20220218,20220218,112026000,11:20:26,8366,18915,88538,789351095,0,0,0
pp2206,20220218,20220218,112026500,11:20:26,8366,18915,88538,789351095,0,0,0
pp2206,20220218,20220218,112027000,11:20:27,8366,18915,88538,789351095,0,0,0
pp2206,20220218,20220218,112027500,11:20:28,8366,18915,88538,789351095,0,0,0
pp2206,20220218,20220218,112028000,11:20:28,8366,18915,88538,789351095,0,0,0
pp2206,20220218,20220218,112028500,11:20:28,8366,18915,88538,789351095,0,0,0
pp2206,20220218,20220218,112029000,11:20:29,8366,18915,88538,789351095,0,0,0
pp2206,20220218,20220218,112029500,11:20:30,8366,18915,88538,789351095,0,0,0
pp2206,20220218,20220218,112030000,11:20:31,8366,18915,88538,789351095,0,0,0
pp2206,20220218,20220218,112030500,11:20:31,8365,18916,88538,789392920,1,0,41825
pp2206,20220218,20220218,112031000,11:20:32,8365,18916,88538,789392920,0,0,0
pp2206,20220218,20220218,112031500,11:20:32,8364,18928,88540,789894760,12,2,501840
pp2206,20220218,20220218,112032000,11:20:32,8364,18928,88540,789894760,0,0,0
pp2206,20220218,20220218,112032500,11:20:32,8364,18928,88540,789894760,0,0,0
pp2206,20220218,20220218,112033000,11:20:33,8364,18928,88540,789894760,0,0,0
pp2206,20220218,20220218,112033500,11:20:33,8364,18928,88540,789894760,0,0,0
pp2206,20220218,20220218,112034000,11:20:34,8364,18928,88540,789894760,0,0,0
pp2206,20220218,20220218,112034500,11:20:35,8364,18928,88540,789894760,0,0,0
pp2206,20220218,20220218,112035000,11:20:35,8364,18928,88540,789894760,0,0,0
pp2206,20220218,20220218,112035500,11:20:35,8364,18928,88540,789894760,0,0,0
pp2206,20220218,20220218,112036000,11:20:36,8364,18928,88540,789894760,0,0,0
pp2206,20220218,20220218,112036500,11:20:37,8364,18928,88540,789894760,0,0,0
pp2206,20220218,20220218,112037000,11:20:37,8364,18928,88540,789894760,0,0,0
pp2206,20220218,20220218,112037500,11:20:38,8364,18928,88540,789894760,0,0,0
pp2206,20220218,20220218,112038000,11:20:38,8364,18928,88540,789894760,0,0,0
pp2206,20220218,20220218,112045500,11:20:46,8364,18928,88540,789894760,0,0,0
pp2206,20220218,20220218,112046000,11:20:46,8364,18928,88540,789894760,0,0,0
pp2206,20220218,20220218,112046500,11:20:46,8364,18928,88540,789894760,0,0,0
pp2206,20220218,20220218,112047000,11:20:48,8364,18928,88540,789894760,0,0,0
pp2206,20220218,20220218,112051500,11:20:51,8364,18928,88540,789894760,0,0,0
pp2206,20220218,20220218,112052000,11:20:53,8364,18928,88540,789894760,0,0,0
pp2206,20220218,20220218,112052500,11:20:53,8364,18928,88540,789894760,0,0,0
pp2206,20220218,20220218,112053000,11:20:53,8364,18928,88540,789894760,0,0,0
pp2206,20220218,20220218,112053500,11:20:53,8364,18928,88540,789894760,0,0,0
pp2206,20220218,20220218,112054000,11:20:54,8364,18928,88540,789894760,0,0,0
pp2206,20220218,20220218,112054500,11:20:55,8364,18928,88540,789894760,0,0,0
pp2206,20220218,20220218,112055000,11:20:55,8364,18928,88540,789894760,0,0,0
pp2206,20220218,20220218,112055500,11:20:56,8364,18928,88540,789894760,0,0,0
pp2206,20220218,20220218,112056000,11:20:56,8364,18928,88540,789894760,0,0,0
pp2206,20220218,20220218,112056500,11:20:57,8364,18928,88540,789894760,0,0,0
pp2206,20220218,20220218,112057000,11:20:58,8364,18928,88540,789894760,0,0,0
pp2206,20220218,20220218,112057500,11:20:58,8364,18928,88540,789894760,0,0,0
pp2206,20220218,20220218,112058000,11:20:59,8364,18928,88540,789894760,0,0,0
pp2206,20220218,20220218,112058500,11:20:59,8364,18928,88540,789894760,0,0,0
pp2206,20220218,20220218,112059000,11:20:59,8364,18928,88540,789894760,0,0,0
pp2206,20220218,20220218,112059500,11:21:00,8364,18928,88540,789894760,0,0,0
pp2206,20220218,20220218,112100000,11:21:00,8364,18928,88540,789894760,0,0,0
pp2206,20220218,20220218,112103000,11:21:03,8367,18929,88541,789936595,1,1,41835
pp2206,20220218,20220218,112103500,11:21:04,8367,18929,88541,789936595,0,0,0
pp2206,20220218,20220218,112104000,11:21:04,8367,18929,88541,789936595,0,0,0
pp2206,20220218,20220218,112104500,11:21:05,8367,18929,88541,789936595,0,0,0
pp2206,20220218,20220218,112105000,11:21:05,8367,18929,88541,789936595,0,0,0
pp2206,20220218,20220218,112105500,11:21:07,8367,18929,88541,789936595,0,0,0
pp2206,20220218,20220218,112106000,11:21:07,8367,18929,88541,789936595,0,0,0
pp2206,20220218,20220218,112106500,11:21:07,8367,18929,88541,789936595,0,0,0
pp2206,20220218,20220218,112107000,11:21:09,8367,18929,88541,789936595,0,0,0
pp2206,20220218,20220218,112107500,11:21:10,8367,18929,88541,789936595,0,0,0
pp2206,20220218,20220218,112108000,11:21:10,8367,18929,88541,789936595,0,0,0
pp2206,20220218,20220218,112108500,11:21:10,8367,18929,88541,789936595,0,0,0
pp2206,20220218,20220218,112110000,11:21:11,8367,18929,88541,789936595,0,0,0
pp2206,20220218,20220218,112110500,11:21:11,8367,18929,88541,789936595,0,0,0
pp2206,20220218,20220218,112111000,11:21:11,8367,18929,88541,789936595,0,0,0
pp2206,20220218,20220218,112111500,11:21:12,8367,18929,88541,789936595,0,0,0
pp2206,20220218,20220218,112112000,11:21:12,8367,18929,88541,789936595,0,0,0
pp2206,20220218,20220218,112112500,11:21:13,8367,18929,88541,789936595,0,0,0
pp2206,20220218,20220218,112113000,11:21:13,8367,18929,88541,789936595,0,0,0
pp2206,20220218,20220218,112113500,11:21:13,8367,18929,88541,789936595,0,0,0
pp2206,20220218,20220218,112114000,11:21:14,8367,18929,88541,789936595,0,0,0
pp2206,20220218,20220218,112114500,11:21:15,8367,18929,88541,789936595,0,0,0
pp2206,20220218,20220218,112115000,11:21:15,8367,18929,88541,789936595,0,0,0
pp2206,20220218,20220218,112115500,11:21:15,8367,18929,88541,789936595,0,0,0
pp2206,20220218,20220218,112116000,11:21:16,8367,18929,88541,789936595,0,0,0
pp2206,20220218,20220218,112116500,11:21:17,8367,18929,88541,789936595,0,0,0
pp2206,20220218,20220218,112117000,11:21:17,8367,18929,88541,789936595,0,0,0
pp2206,20220218,20220218,112117500,11:21:18,8367,18929,88541,789936595,0,0,0
pp2206,20220218,20220218,112118000,11:21:18,8366,18933,88541,790103915,4,0,167320
pp2206,20220218,20220218,112118500,11:21:18,8366,18933,88541,790103915,0,0,0
pp2206,20220218,20220218,112119000,11:21:19,8366,18933,88541,790103915,0,0,0
pp2206,20220218,20220218,112119500,11:21:19,8366,18933,88541,790103915,0,0,0
pp2206,20220218,20220218,112120000,11:21:20,8366,18933,88541,790103915,0,0,0
pp2206,20220218,20220218,112120500,11:21:22,8366,18933,88541,790103915,0,0,0
pp2206,20220218,20220218,112121000,11:21:22,8366,18933,88541,790103915,0,0,0
pp2206,20220218,20220218,112121500,11:21:22,8366,18933,88541,790103915,0,0,0
pp2206,20220218,20220218,112122000,11:21:22,8366,18933,88541,790103915,0,0,0
pp2206,20220218,20220218,112122500,11:21:22,8366,18933,88541,790103915,0,0,0
pp2206,20220218,20220218,112123000,11:21:23,8366,18933,88541,790103915,0,0,0
pp2206,20220218,20220218,112123500,11:21:24,8366,18933,88541,790103915,0,0,0
pp2206,20220218,20220218,112124000,11:21:24,8366,18933,88541,790103915,0,0,0
pp2206,20220218,20220218,112124500,11:21:25,8366,18933,88541,790103915,0,0,0
pp2206,20220218,20220218,112125000,11:22:28,8366,18933,88541,790103915,0,0,0
pp2206,20220218,20220218,112125500,11:23:32,8366,18933,88541,790103915,0,0,0
pp2206,20220218,20220218,112126000,11:23:33,8366,18933,88541,790103915,0,0,0
pp2206,20220218,20220218,112332500,11:23:33,8366,18933,88541,790103915,0,0,0
pp2206,20220218,20220218,112333000,11:23:33,8366,18933,88541,790103915,0,0,0
pp2206,20220218,20220218,112338500,11:23:38,8366,18933,88541,790103915,0,0,0
pp2206,20220218,20220218,112339000,11:23:39,8366,18933,88541,790103915,0,0,0
pp2206,20220218,20220218,112340500,11:23:40,8366,18933,88541,790103915,0,0,0
pp2206,20220218,20220218,112341000,11:23:41,8363,18946,88544,790647510,13,3,543595
pp2206,20220218,20220218,112341500,11:23:42,8363,18946,88544,790647510,0,0,0
pp2206,20220218,20220218,112342000,11:23:42,8363,18946,88544,790647510,0,0,0
pp2206,20220218,20220218,112342500,11:23:43,8363,18946,88544,790647510,0,0,0
pp2206,20220218,20220218,112343000,11:23:43,8363,18946,88544,790647510,0,0,0
pp2206,20220218,20220218,112348000,11:23:48,8363,18946,88544,790647510,0,0,0
pp2206,20220218,20220218,112348500,11:23:49,8363,18946,88544,790647510,0,0,0
pp2206,20220218,20220218,112349500,11:23:50,8363,18946,88544,790647510,0,0,0
pp2206,20220218,20220218,112350000,11:23:50,8363,18946,88544,790647510,0,0,0
pp2206,20220218,20220218,112350500,11:23:50,8363,18946,88544,790647510,0,0,0
pp2206,20220218,20220218,112351000,11:23:51,8363,18946,88544,790647510,0,0,0
pp2206,20220218,20220218,112351500,11:23:51,8363,18946,88544,790647510,0,0,0
pp2206,20220218,20220218,112352000,11:23:52,8363,18946,88544,790647510,0,0,0
pp2206,20220218,20220218,112352500,11:23:52,8363,18946,88544,790647510,0,0,0
pp2206,20220218,20220218,112353000,11:23:53,8363,18946,88544,790647510,0,0,0
pp2206,20220218,20220218,112353500,11:23:53,8363,18946,88544,790647510,0,0,0
pp2206,20220218,20220218,112354000,11:23:54,8363,18946,88544,790647510,0,0,0
pp2206,20220218,20220218,112354500,11:23:55,8363,18946,88544,790647510,0,0,0
pp2206,20220218,20220218,112355000,11:23:55,8363,18946,88544,790647510,0,0,0
pp2206,20220218,20220218,112355500,11:23:55,8362,18949,88541,790772940,3,-3,125430
pp2206,20220218,20220218,112356000,11:23:56,8362,18949,88541,790772940,0,0,0
pp2206,20220218,20220218,112356500,11:23:56,8362,18949,88541,790772940,0,0,0
pp2206,20220218,20220218,112357000,11:23:57,8362,18949,88541,790772940,0,0,0
pp2206,20220218,20220218,112357500,11:23:57,8362,18949,88541,790772940,0,0,0
pp2206,20220218,20220218,112358000,11:23:58,8362,18949,88541,790772940,0,0,0
pp2206,20220218,20220218,112358500,11:23:58,8362,18949,88541,790772940,0,0,0
pp2206,20220218,20220218,112359000,11:23:59,8362,18949,88541,790772940,0,0,0
pp2206,20220218,20220218,112359500,11:23:59,8362,18949,88541,790772940,0,0,0
pp2206,20220218,20220218,112400000,11:24:00,8362,18949,88541,790772940,0,0,0
pp2206,20220218,20220218,112400500,11:24:00,8362,18949,88541,790772940,0,0,0
pp2206,20220218,20220218,112401000,11:24:01,8362,18949,88541,790772940,0,0,0
pp2206,20220218,20220218,112401500,11:24:01,8362,18949,88541,790772940,0,0,0
pp2206,20220218,20220218,112402000,11:24:02,8362,18949,88541,790772940,0,0,0
pp2206,20220218,20220218,112402500,11:24:02,8362,18949,88541,790772940,0,0,0
pp2206,20220218,20220218,112403000,11:24:03,8362,18949,88541,790772940,0,0,0
pp2206,20220218,20220218,112403500,11:24:04,8362,18949,88541,790772940,0,0,0
pp2206,20220218,20220218,112404000,11:24:04,8362,18949,88541,790772940,0,0,0
pp2206,20220218,20220218,112406000,11:24:06,8362,18949,88541,790772940,0,0,0
pp2206,20220218,20220218,112406500,11:24:06,8362,18949,88541,790772940,0,0,0
pp2206,20220218,20220218,112407000,11:24:07,8362,18949,88541,790772940,0,0,0
pp2206,20220218,20220218,112407500,11:24:08,8362,18949,88541,790772940,0,0,0
pp2206,20220218,20220218,112408000,11:24:08,8362,18949,88541,790772940,0,0,0
pp2206,20220218,20220218,112408500,11:24:08,8362,18949,88541,790772940,0,0,0
pp2206,20220218,20220218,112409000,11:24:09,8362,18949,88541,790772940,0,0,0
pp2206,20220218,20220218,112409500,11:24:11,8362,18949,88541,790772940,0,0,0
pp2206,20220218,20220218,112410000,11:24:12,8362,18949,88541,790772940,0,0,0
pp2206,20220218,20220218,112410500,11:24:12,8362,18949,88541,790772940,0,0,0
pp2206,20220218,20220218,112411500,11:24:12,8362,18949,88541,790772940,0,0,0
pp2206,20220218,20220218,112412000,11:24:12,8362,18949,88541,790772940,0,0,0
pp2206,20220218,20220218,112412500,11:24:13,8362,18949,88541,790772940,0,0,0
pp2206,20220218,20220218,112413000,11:24:13,8362,18949,88541,790772940,0,0,0
pp2206,20220218,20220218,112413500,11:24:14,8362,18949,88541,790772940,0,0,0
pp2206,20220218,20220218,112414000,11:24:14,8362,18949,88541,790772940,0,0,0
pp2206,20220218,20220218,112414500,11:24:15,8362,18949,88541,790772940,0,0,0
pp2206,20220218,20220218,112415000,11:24:15,8362,18949,88541,790772940,0,0,0
pp2206,20220218,20220218,112415500,11:24:15,8362,18949,88541,790772940,0,0,0
pp2206,20220218,20220218,112416000,11:24:16,8362,18949,88541,790772940,0,0,0
pp2206,20220218,20220218,112416500,11:24:17,8362,18949,88541,790772940,0,0,0
pp2206,20220218,20220218,112417000,11:24:17,8362,18949,88541,790772940,0,0,0
pp2206,20220218,20220218,112417500,11:24:18,8362,18949,88541,790772940,0,0,0
pp2206,20220218,20220218,112418000,11:24:18,8362,18949,88541,790772940,0,0,0
pp2206,20220218,20220218,112418500,11:24:19,8362,18949,88541,790772940,0,0,0
pp2206,20220218,20220218,112419000,11:24:19,8362,18949,88541,790772940,0,0,0
pp2206,20220218,20220218,112419500,11:24:20,8362,18949,88541,790772940,0,0,0
pp2206,20220218,20220218,112420000,11:24:20,8362,18949,88541,790772940,0,0,0
pp2206,20220218,20220218,112420500,11:24:20,8362,18949,88541,790772940,0,0,0
pp2206,20220218,20220218,112421000,11:24:21,8362,18949,88541,790772940,0,0,0
pp2206,20220218,20220218,112421500,11:24:22,8362,18949,88541,790772940,0,0,0
pp2206,20220218,20220218,112422000,11:24:22,8362,18949,88541,790772940,0,0,0
pp2206,20220218,20220218,112422500,11:24:23,8362,18949,88541,790772940,0,0,0
pp2206,20220218,20220218,112423000,11:24:23,8362,18949,88541,790772940,0,0,0
pp2206,20220218,20220218,112423500,11:24:23,8362,18949,88541,790772940,0,0,0
pp2206,20220218,20220218,112424000,11:24:24,8362,18949,88541,790772940,0,0,0
pp2206,20220218,20220218,112424500,11:24:24,8362,18949,88541,790772940,0,0,0
pp2206,20220218,20220218,112425000,11:24:25,8362,18949,88541,790772940,0,0,0
pp2206,20220218,20220218,112425500,11:24:25,8362,18949,88541,790772940,0,0,0
pp2206,20220218,20220218,112426000,11:24:26,8362,18949,88541,790772940,0,0,0
pp2206,20220218,20220218,112426500,11:24:26,8362,18949,88541,790772940,0,0,0
pp2206,20220218,20220218,112427000,11:24:27,8362,18949,88541,790772940,0,0,0
pp2206,20220218,20220218,112427500,11:24:28,8362,18949,88541,790772940,0,0,0
pp2206,20220218,20220218,112428000,11:24:28,8362,18949,88541,790772940,0,0,0
pp2206,20220218,20220218,112428500,11:24:28,8362,18949,88541,790772940,0,0,0
pp2206,20220218,20220218,112429000,11:24:29,8362,18949,88541,790772940,0,0,0
pp2206,20220218,20220218,112429500,11:24:29,8362,18949,88541,790772940,0,0,0
pp2206,20220218,20220218,112430000,11:24:30,8362,18949,88541,790772940,0,0,0
pp2206,20220218,20220218,112430500,11:24:30,8362,18949,88541,790772940,0,0,0
pp2206,20220218,20220218,112431000,11:24:31,8362,18949,88541,790772940,0,0,0
pp2206,20220218,20220218,112431500,11:24:31,8362,18949,88541,790772940,0,0,0
pp2206,20220218,20220218,112432000,11:24:32,8362,18949,88541,790772940,0,0,0
pp2206,20220218,20220218,112432500,11:24:32,8362,18949,88541,790772940,0,0,0
pp2206,20220218,20220218,112433000,11:24:33,8362,18949,88541,790772940,0,0,0
pp2206,20220218,20220218,112433500,11:24:33,8362,18949,88541,790772940,0,0,0
pp2206,20220218,20220218,112434000,11:24:34,8362,18949,88541,790772940,0,0,0
pp2206,20220218,20220218,112434500,11:24:34,8362,18949,88541,790772940,0,0,0
pp2206,20220218,20220218,112435000,11:24:35,8362,18949,88541,790772940,0,0,0
pp2206,20220218,20220218,112435500,11:24:35,8362,18949,88541,790772940,0,0,0
pp2206,20220218,20220218,112436000,11:24:36,8362,18949,88541,790772940,0,0,0
pp2206,20220218,20220218,112436500,11:24:36,8362,18949,88541,790772940,0,0,0
pp2206,20220218,20220218,112437000,11:24:37,8362,18949,88541,790772940,0,0,0
pp2206,20220218,20220218,112439500,11:24:40,8362,18949,88541,790772940,0,0,0
pp2206,20220218,20220218,112440000,11:24:40,8362,18949,88541,790772940,0,0,0
pp2206,20220218,20220218,112442500,11:24:42,8362,18949,88541,790772940,0,0,0
pp2206,20220218,20220218,112443000,11:24:43,8362,18949,88541,790772940,0,0,0
pp2206,20220218,20220218,112443500,11:24:43,8362,18949,88541,790772940,0,0,0
pp2206,20220218,20220218,112444000,11:24:44,8362,18949,88541,790772940,0,0,0
pp2206,20220218,20220218,112444500,11:24:44,8362,18949,88541,790772940,0,0,0
pp2206,20220218,20220218,112445000,11:24:45,8362,18949,88541,790772940,0,0,0
pp2206,20220218,20220218,112445500,11:24:45,8362,18949,88541,790772940,0,0,0
pp2206,20220218,20220218,112446000,11:24:46,8362,18949,88541,790772940,0,0,0
pp2206,20220218,20220218,112446500,11:24:46,8362,18949,88541,790772940,0,0,0
pp2206,20220218,20220218,112447000,11:24:47,8362,18949,88541,790772940,0,0,0
pp2206,20220218,20220218,112447500,11:24:47,8362,18949,88541,790772940,0,0,0
pp2206,20220218,20220218,112448000,11:24:48,8362,18949,88541,790772940,0,0,0
pp2206,20220218,20220218,112449000,11:24:49,8362,18949,88541,790772940,0,0,0
pp2206,20220218,20220218,112449500,11:24:49,8362,18949,88541,790772940,0,0,0
pp2206,20220218,20220218,112450000,11:24:50,8362,18949,88541,790772940,0,0,0
pp2206,20220218,20220218,112458500,11:24:58,8362,18949,88541,790772940,0,0,0
pp2206,20220218,20220218,112459000,11:24:59,8362,18949,88541,790772940,0,0,0
pp2206,20220218,20220218,112459500,11:24:59,8362,18949,88541,790772940,0,0,0
pp2206,20220218,20220218,112500000,11:25:00,8362,18949,88541,790772940,0,0,0
pp2206,20220218,20220218,112501500,11:25:04,8362,18949,88541,790772940,0,0,0
pp2206,20220218,20220218,112502000,11:25:05,8362,18949,88541,790772940,0,0,0
pp2206,20220218,20220218,112504500,11:25:06,8362,18978,88549,791985280,29,8,1212340
pp2206,20220218,20220218,112505000,11:25:06,8362,18978,88549,791985280,0,0,0
pp2206,20220218,20220218,112505500,11:25:06,8362,18978,88549,791985280,0,0,0
pp2206,20220218,20220218,112506000,11:25:06,8362,18978,88549,791985280,0,0,0
pp2206,20220218,20220218,112506500,11:25:07,8362,18978,88549,791985280,0,0,0
pp2206,20220218,20220218,112507000,11:25:07,8362,18978,88549,791985280,0,0,0
pp2206,20220218,20220218,112508000,11:25:08,8362,18978,88549,791985280,0,0,0
pp2206,20220218,20220218,112508500,11:25:08,8362,18978,88549,791985280,0,0,0
pp2206,20220218,20220218,112509000,11:25:09,8362,18978,88549,791985280,0,0,0
pp2206,20220218,20220218,112509500,11:25:09,8362,18978,88549,791985280,0,0,0
pp2206,20220218,20220218,112510000,11:25:10,8362,18978,88549,791985280,0,0,0
pp2206,20220218,20220218,112510500,11:25:10,8362,18978,88549,791985280,0,0,0
pp2206,20220218,20220218,112511000,11:25:11,8362,18978,88549,791985280,0,0,0
pp2206,20220218,20220218,112511500,11:25:11,8362,18978,88549,791985280,0,0,0
pp2206,20220218,20220218,112512500,11:25:12,8362,18978,88549,791985280,0,0,0
pp2206,20220218,20220218,112513000,11:25:13,8362,18978,88549,791985280,0,0,0
pp2206,20220218,20220218,112513500,11:25:15,8362,18978,88549,791985280,0,0,0
pp2206,20220218,20220218,112514000,11:25:15,8362,18978,88549,791985280,0,0,0
pp2206,20220218,20220218,112514500,11:25:15,8362,18978,88549,791985280,0,0,0
pp2206,20220218,20220218,112515000,11:25:16,8362,18978,88549,791985280,0,0,0
pp2206,20220218,20220218,112515500,11:25:16,8362,18978,88549,791985280,0,0,0
pp2206,20220218,20220218,112516000,11:25:16,8362,18978,88549,791985280,0,0,0
pp2206,20220218,20220218,112516500,11:25:16,8362,18978,88549,791985280,0,0,0
pp2206,20220218,20220218,112517000,11:25:18,8362,18978,88549,791985280,0,0,0
pp2206,20220218,20220218,112525000,11:25:25,8362,18978,88549,791985280,0,0,0
pp2206,20220218,20220218,112525500,11:25:26,8362,18978,88549,791985280,0,0,0
pp2206,20220218,20220218,112526000,11:25:26,8362,18978,88549,791985280,0,0,0
pp2206,20220218,20220218,112526500,11:25:27,8362,18978,88549,791985280,0,0,0
pp2206,20220218,20220218,112528500,11:25:28,8362,18978,88549,791985280,0,0,0
pp2206,20220218,20220218,112529000,11:25:29,8362,18978,88549,791985280,0,0,0
pp2206,20220218,20220218,112529500,11:25:30,8362,18978,88549,791985280,0,0,0
pp2206,20220218,20220218,112530000,11:25:31,8362,18978,88549,791985280,0,0,0
pp2206,20220218,20220218,112530500,11:25:31,8362,18978,88549,791985280,0,0,0
pp2206,20220218,20220218,112531000,11:25:31,8362,18978,88549,791985280,0,0,0
pp2206,20220218,20220218,112531500,11:25:32,8362,18978,88549,791985280,0,0,0
pp2206,20220218,20220218,112532000,11:25:32,8362,18978,88549,791985280,0,0,0
pp2206,20220218,20220218,112533000,11:25:33,8362,18978,88549,791985280,0,0,0
pp2206,20220218,20220218,112533500,11:25:33,8362,18978,88549,791985280,0,0,0
pp2206,20220218,20220218,112534000,11:25:34,8362,18978,88549,791985280,0,0,0
pp2206,20220218,20220218,112534500,11:25:36,8362,18978,88549,791985280,0,0,0
pp2206,20220218,20220218,112535000,11:25:36,8362,18978,88549,791985280,0,0,0
pp2206,20220218,20220218,112535500,11:25:37,8362,18978,88549,791985280,0,0,0
pp2206,20220218,20220218,112536000,11:25:37,8362,18978,88549,791985280,0,0,0
pp2206,20220218,20220218,112536500,11:25:37,8362,18978,88549,791985280,0,0,0
pp2206,20220218,20220218,112537000,11:25:38,8362,18978,88549,791985280,0,0,0
pp2206,20220218,20220218,112537500,11:25:38,8362,18978,88549,791985280,0,0,0
pp2206,20220218,20220218,112538000,11:25:38,8362,18978,88549,791985280,0,0,0
pp2206,20220218,20220218,112538500,11:25:39,8362,18978,88549,791985280,0,0,0
pp2206,20220218,20220218,112539000,11:25:39,8362,18978,88549,791985280,0,0,0
pp2206,20220218,20220218,112539500,11:25:40,8362,18978,88549,791985280,0,0,0
pp2206,20220218,20220218,112540000,11:25:40,8362,18978,88549,791985280,0,0,0
pp2206,20220218,20220218,112540500,11:25:41,8362,18978,88549,791985280,0,0,0
pp2206,20220218,20220218,112541000,11:25:41,8362,18978,88549,791985280,0,0,0
pp2206,20220218,20220218,112541500,11:25:41,8362,18978,88549,791985280,0,0,0
pp2206,20220218,20220218,112542000,11:25:42,8362,18978,88549,791985280,0,0,0
pp2206,20220218,20220218,112542500,11:25:43,8362,18978,88549,791985280,0,0,0
pp2206,20220218,20220218,112543000,11:25:43,8362,18978,88549,791985280,0,0,0
pp2206,20220218,20220218,112543500,11:25:43,8362,18978,88549,791985280,0,0,0
pp2206,20220218,20220218,112544000,11:25:44,8362,18978,88549,791985280,0,0,0
pp2206,20220218,20220218,112544500,11:25:44,8362,18978,88549,791985280,0,0,0
pp2206,20220218,20220218,112545000,11:25:45,8362,18978,88549,791985280,0,0,0
pp2206,20220218,20220218,112545500,11:25:46,8362,18978,88549,791985280,0,0,0
pp2206,20220218,20220218,112546000,11:25:47,8362,18978,88549,791985280,0,0,0
pp2206,20220218,20220218,112546500,11:25:47,8362,18978,88549,791985280,0,0,0
pp2206,20220218,20220218,112547000,11:25:48,8362,18978,88549,791985280,0,0,0
pp2206,20220218,20220218,112547500,11:25:48,8362,18978,88549,791985280,0,0,0
pp2206,20220218,20220218,112548000,11:25:48,8362,18978,88549,791985280,0,0,0
pp2206,20220218,20220218,112548500,11:25:48,8362,18978,88549,791985280,0,0,0
pp2206,20220218,20220218,112549000,11:25:49,8362,18978,88549,791985280,0,0,0
pp2206,20220218,20220218,112549500,11:25:49,8362,18978,88549,791985280,0,0,0
pp2206,20220218,20220218,112550000,11:25:50,8362,18978,88549,791985280,0,0,0
pp2206,20220218,20220218,112550500,11:25:51,8362,18978,88549,791985280,0,0,0
pp2206,20220218,20220218,112551000,11:25:51,8362,18978,88549,791985280,0,0,0
pp2206,20220218,20220218,112551500,11:25:51,8362,18978,88549,791985280,0,0,0
pp2206,20220218,20220218,112552000,11:25:52,8362,18978,88549,791985280,0,0,0
pp2206,20220218,20220218,112552500,11:25:52,8362,18978,88549,791985280,0,0,0
pp2206,20220218,20220218,112553000,11:25:53,8362,18978,88549,791985280,0,0,0
pp2206,20220218,20220218,112553500,11:25:54,8362,18978,88549,791985280,0,0,0
pp2206,20220218,20220218,112554000,11:25:54,8362,18978,88549,791985280,0,0,0
pp2206,20220218,20220218,112554500,11:25:55,8362,18978,88549,791985280,0,0,0
pp2206,20220218,20220218,112555000,11:25:55,8362,18978,88549,791985280,0,0,0
pp2206,20220218,20220218,112555500,11:25:57,8362,18978,88549,791985280,0,0,0
pp2206,20220218,20220218,112556500,11:25:57,8362,18978,88549,791985280,0,0,0
pp2206,20220218,20220218,112557000,11:25:57,8362,18978,88549,791985280,0,0,0
pp2206,20220218,20220218,112557500,11:25:57,8362,18978,88549,791985280,0,0,0
pp2206,20220218,20220218,112558000,11:25:59,8362,18978,88549,791985280,0,0,0
pp2206,20220218,20220218,112558500,11:25:59,8362,18978,88549,791985280,0,0,0
pp2206,20220218,20220218,112559000,11:26:00,8362,18978,88549,791985280,0,0,0
pp2206,20220218,20220218,112559500,11:26:00,8362,18978,88549,791985280,0,0,0
pp2206,20220218,20220218,112600000,11:26:00,8362,18978,88549,791985280,0,0,0
pp2206,20220218,20220218,112600500,11:26:01,8362,18978,88549,791985280,0,0,0
pp2206,20220218,20220218,112601000,11:26:01,8362,18978,88549,791985280,0,0,0
pp2206,20220218,20220218,112601500,11:26:03,8362,18978,88549,791985280,0,0,0
pp2206,20220218,20220218,112602000,11:26:03,8362,18978,88549,791985280,0,0,0
pp2206,20220218,20220218,112602500,11:26:03,8362,18978,88549,791985280,0,0,0
pp2206,20220218,20220218,112603000,11:26:03,8362,18978,88549,791985280,0,0,0
pp2206,20220218,20220218,112603500,11:26:03,8362,18978,88549,791985280,0,0,0
pp2206,20220218,20220218,112604000,11:26:05,8362,18978,88549,791985280,0,0,0
pp2206,20220218,20220218,112604500,11:26:05,8362,18978,88549,791985280,0,0,0
pp2206,20220218,20220218,112605000,11:26:05,8362,18978,88549,791985280,0,0,0
pp2206,20220218,20220218,112605500,11:26:06,8362,18978,88549,791985280,0,0,0
pp2206,20220218,20220218,112606000,11:26:06,8362,18978,88549,791985280,0,0,0
pp2206,20220218,20220218,112606500,11:26:07,8362,18978,88549,791985280,0,0,0
pp2206,20220218,20220218,112607000,11:26:09,8366,19014,88556,793491160,36,7,1505880
pp2206,20220218,20220218,112607500,11:26:09,8365,19016,88556,793574810,2,0,83650
pp2206,20220218,20220218,112609000,11:26:10,8365,19016,88556,793574810,0,0,0
pp2206,20220218,20220218,112609500,11:26:10,8365,19016,88556,793574810,0,0,0
pp2206,20220218,20220218,112610000,11:26:10,8365,19016,88556,793574810,0,0,0
pp2206,20220218,20220218,112611000,11:26:11,8365,19016,88556,793574810,0,0,0
pp2206,20220218,20220218,112611500,11:26:13,8365,19020,88556,793742110,4,0,167300
pp2206,20220218,20220218,112612000,11:26:14,8364,19036,88559,794411230,16,3,669120
pp2206,20220218,20220218,112612500,11:26:15,8364,19047,88562,794871250,11,3,460020
pp2206,20220218,20220218,112613000,11:26:15,8364,19051,88558,795038530,4,-4,167280
pp2206,20220218,20220218,112613500,11:26:15,8364,19051,88558,795038530,0,0,0
pp2206,20220218,20220218,112614000,11:26:15,8363,19053,88558,795122160,2,0,83630
pp2206,20220218,20220218,112614500,11:26:16,8363,19063,88556,795540310,10,-2,418150
pp2206,20220218,20220218,112615000,11:26:16,8363,19071,88556,795874830,8,0,334520
pp2206,20220218,20220218,112615500,11:26:16,8363,19071,88556,795874830,0,0,0
pp2206,20220218,20220218,112616000,11:26:16,8363,19071,88556,795874830,0,0,0
pp2206,20220218,20220218,112616500,11:26:17,8363,19071,88556,795874830,0,0,0
pp2206,20220218,20220218,112617000,11:26:17,8363,19071,88556,795874830,0,0,0
pp2206,20220218,20220218,112617500,11:26:17,8361,19091,88552,796710930,20,-4,836100
pp2206,20220218,20220218,112618000,11:26:18,8361,19091,88552,796710930,0,0,0
pp2206,20220218,20220218,112618500,11:26:18,8361,19091,88552,796710930,0,0,0
pp2206,20220218,20220218,112619000,11:26:19,8361,19091,88552,796710930,0,0,0
pp2206,20220218,20220218,112619500,11:26:20,8361,19091,88552,796710930,0,0,0
pp2206,20220218,20220218,112620000,11:26:20,8361,19091,88552,796710930,0,0,0
pp2206,20220218,20220218,112620500,11:26:20,8361,19091,88552,796710930,0,0,0
pp2206,20220218,20220218,112621000,11:26:21,8361,19091,88552,796710930,0,0,0
pp2206,20220218,20220218,112621500,11:26:21,8361,19091,88552,796710930,0,0,0
pp2206,20220218,20220218,112622000,11:26:22,8361,19091,88552,796710930,0,0,0
pp2206,20220218,20220218,112622500,11:26:23,8361,19091,88552,796710930,0,0,0
pp2206,20220218,20220218,112623000,11:26:23,8361,19091,88552,796710930,0,0,0
pp2206,20220218,20220218,112623500,11:26:23,8361,19091,88552,796710930,0,0,0
pp2206,20220218,20220218,112624000,11:26:24,8361,19091,88552,796710930,0,0,0
pp2206,20220218,20220218,112624500,11:26:24,8361,19091,88552,796710930,0,0,0
pp2206,20220218,20220218,112625000,11:26:25,8361,19091,88552,796710930,0,0,0
pp2206,20220218,20220218,112625500,11:26:26,8361,19091,88552,796710930,0,0,0
pp2206,20220218,20220218,112626000,11:26:26,8361,19091,88552,796710930,0,0,0
pp2206,20220218,20220218,112626500,11:26:27,8361,19097,88552,796961760,6,0,250830
pp2206,20220218,20220218,112627000,11:26:27,8361,19097,88552,796961760,0,0,0
pp2206,20220218,20220218,112627500,11:26:27,8361,19097,88552,796961760,0,0,0
pp2206,20220218,20220218,112628000,11:26:28,8361,19097,88552,796961760,0,0,0
pp2206,20220218,20220218,112628500,11:26:28,8361,19097,88552,796961760,0,0,0
pp2206,20220218,20220218,112629000,11:26:30,8361,19097,88552,796961760,0,0,0
pp2206,20220218,20220218,112629500,11:26:31,8361,19097,88552,796961760,0,0,0
pp2206,20220218,20220218,112630000,11:26:31,8361,19097,88552,796961760,0,0,0
pp2206,20220218,20220218,112630500,11:26:31,8361,19097,88552,796961760,0,0,0
pp2206,20220218,20220218,112631000,11:26:31,8361,19097,88552,796961760,0,0,0
pp2206,20220218,20220218,112631500,11:26:32,8361,19097,88552,796961760,0,0,0
pp2206,20220218,20220218,112632000,11:26:32,8361,19097,88552,796961760,0,0,0
pp2206,20220218,20220218,112632500,11:26:32,8361,19097,88552,796961760,0,0,0
pp2206,20220218,20220218,112633000,11:26:33,8361,19097,88552,796961760,0,0,0
pp2206,20220218,20220218,112633500,11:26:34,8361,19097,88552,796961760,0,0,0
pp2206,20220218,20220218,112634000,11:26:35,8361,19097,88552,796961760,0,0,0
pp2206,20220218,20220218,112634500,11:26:37,8361,19097,88552,796961760,0,0,0
pp2206,20220218,20220218,112635000,11:26:37,8361,19097,88552,796961760,0,0,0
pp2206,20220218,20220218,112635500,11:26:38,8361,19097,88552,796961760,0,0,0
pp2206,20220218,20220218,112637000,11:26:54,8361,19097,88552,796961760,0,0,0
pp2206,20220218,20220218,112637500,11:26:54,8361,19097,88552,796961760,0,0,0
pp2206,20220218,20220218,112638000,11:27:10,8361,19097,88552,796961760,0,0,0
pp2206,20220218,20220218,112638500,11:27:10,8361,19097,88552,796961760,0,0,0
pp2206,20220218,20220218,112653500,11:27:11,8361,19097,88552,796961760,0,0,0
pp2206,20220218,20220218,112710000,11:27:12,8361,19097,88552,796961760,0,0,0
pp2206,20220218,20220218,112710500,11:27:12,8361,19097,88552,796961760,0,0,0
pp2206,20220218,20220218,112711500,11:27:13,8361,19097,88552,796961760,0,0,0
pp2206,20220218,20220218,112714500,11:27:15,8361,19097,88552,796961760,0,0,0
pp2206,20220218,20220218,112715000,11:27:16,8361,19097,88552,796961760,0,0,0
pp2206,20220218,20220218,112715500,11:27:16,8361,19097,88552,796961760,0,0,0
pp2206,20220218,20220218,112716000,11:27:17,8361,19097,88552,796961760,0,0,0
pp2206,20220218,20220218,112716500,11:27:17,8361,19097,88552,796961760,0,0,0
pp2206,20220218,20220218,112717000,11:27:17,8361,19097,88552,796961760,0,0,0
pp2206,20220218,20220218,112717500,11:27:17,8361,19097,88552,796961760,0,0,0
pp2206,20220218,20220218,112718000,11:27:18,8361,19097,88552,796961760,0,0,0
pp2206,20220218,20220218,112718500,11:27:19,8361,19097,88552,796961760,0,0,0
pp2206,20220218,20220218,112719000,11:27:19,8361,19097,88552,796961760,0,0,0
pp2206,20220218,20220218,112719500,11:27:20,8361,19097,88552,796961760,0,0,0
pp2206,20220218,20220218,112720000,11:27:20,8361,19097,88552,796961760,0,0,0
pp2206,20220218,20220218,112720500,11:27:21,8361,19097,88552,796961760,0,0,0
pp2206,20220218,20220218,112721000,11:27:21,8361,19097,88552,796961760,0,0,0
pp2206,20220218,20220218,112721500,11:27:22,8361,19097,88552,796961760,0,0,0
pp2206,20220218,20220218,112722000,11:27:22,8361,19097,88552,796961760,0,0,0
pp2206,20220218,20220218,112722500,11:27:22,8361,19097,88552,796961760,0,0,0
pp2206,20220218,20220218,112723000,11:27:26,8361,19097,88552,796961760,0,0,0
pp2206,20220218,20220218,112723500,11:27:27,8361,19097,88552,796961760,0,0,0
pp2206,20220218,20220218,112724000,11:27:27,8361,19097,88552,796961760,0,0,0
pp2206,20220218,20220218,112726500,11:27:27,8361,19097,88552,796961760,0,0,0
pp2206,20220218,20220218,112727000,11:27:27,8361,19097,88552,796961760,0,0,0
pp2206,20220218,20220218,112727500,11:27:27,8361,19097,88552,796961760,0,0,0
pp2206,20220218,20220218,112728000,11:27:28,8361,19097,88552,796961760,0,0,0
pp2206,20220218,20220218,112728500,11:27:28,8361,19097,88552,796961760,0,0,0
pp2206,20220218,20220218,112729000,11:27:29,8361,19097,88552,796961760,0,0,0
pp2206,20220218,20220218,112729500,11:27:29,8361,19097,88552,796961760,0,0,0
pp2206,20220218,20220218,112730000,11:27:30,8361,19097,88552,796961760,0,0,0
pp2206,20220218,20220218,112730500,11:27:31,8361,19097,88552,796961760,0,0,0
pp2206,20220218,20220218,112731000,11:27:33,8361,19097,88552,796961760,0,0,0
pp2206,20220218,20220218,112731500,11:27:35,8361,19097,88552,796961760,0,0,0
pp2206,20220218,20220218,112732000,11:27:36,8361,19097,88552,796961760,0,0,0
pp2206,20220218,20220218,112732500,11:27:36,8361,19097,88552,796961760,0,0,0
pp2206,20220218,20220218,112734500,11:27:36,8361,19097,88552,796961760,0,0,0
pp2206,20220218,20220218,112736000,11:27:37,8361,19097,88552,796961760,0,0,0
pp2206,20220218,20220218,112736500,11:27:38,8361,19097,88552,796961760,0,0,0
pp2206,20220218,20220218,112737000,11:27:38,8361,19097,88552,796961760,0,0,0
pp2206,20220218,20220218,112741500,11:27:42,8361,19097,88552,796961760,0,0,0
pp2206,20220218,20220218,112742000,11:27:42,8361,19097,88552,796961760,0,0,0
pp2206,20220218,20220218,112742500,11:27:43,8361,19097,88552,796961760,0,0,0
pp2206,20220218,20220218,112743000,11:27:43,8361,19097,88552,796961760,0,0,0
pp2206,20220218,20220218,112743500,11:27:43,8361,19097,88552,796961760,0,0,0
pp2206,20220218,20220218,112744000,11:27:44,8361,19097,88552,796961760,0,0,0
pp2206,20220218,20220218,112744500,11:27:45,8361,19097,88552,796961760,0,0,0
pp2206,20220218,20220218,112754000,11:27:54,8361,19097,88552,796961760,0,0,0
pp2206,20220218,20220218,112754500,11:27:54,8361,19097,88552,796961760,0,0,0
pp2206,20220218,20220218,112755000,11:27:55,8361,19097,88552,796961760,0,0,0
pp2206,20220218,20220218,112755500,11:27:55,8361,19097,88552,796961760,0,0,0
pp2206,20220218,20220218,112756000,11:27:56,8361,19097,88552,796961760,0,0,0
pp2206,20220218,20220218,112756500,11:27:56,8361,19097,88552,796961760,0,0,0
pp2206,20220218,20220218,112757000,11:27:57,8361,19097,88552,796961760,0,0,0
pp2206,20220218,20220218,112757500,11:27:57,8361,19097,88552,796961760,0,0,0
pp2206,20220218,20220218,112758000,11:27:58,8361,19097,88552,796961760,0,0,0
pp2206,20220218,20220218,112758500,11:27:59,8361,19097,88552,796961760,0,0,0
pp2206,20220218,20220218,112759000,11:27:59,8361,19097,88552,796961760,0,0,0
pp2206,20220218,20220218,112759500,11:27:59,8360,19143,88566,798885045,46,14,1923285
pp2206,20220218,20220218,112800000,11:28:00,8360,19143,88566,798885045,0,0,0
pp2206,20220218,20220218,112800500,11:28:01,8360,19148,88565,799094045,5,-1,209000
pp2206,20220218,20220218,112801000,11:28:01,8360,19148,88565,799094045,0,0,0
pp2206,20220218,20220218,112801500,11:28:02,8360,19148,88565,799094045,0,0,0
pp2206,20220218,20220218,112802000,11:28:03,8360,19148,88565,799094045,0,0,0
pp2206,20220218,20220218,112802500,11:28:03,8360,19148,88565,799094045,0,0,0
pp2206,20220218,20220218,112803000,11:28:04,8360,19148,88565,799094045,0,0,0
pp2206,20220218,20220218,112803500,11:28:04,8360,19148,88565,799094045,0,0,0
pp2206,20220218,20220218,112804000,11:28:04,8360,19148,88565,799094045,0,0,0
pp2206,20220218,20220218,112804500,11:28:05,8360,19148,88565,799094045,0,0,0
pp2206,20220218,20220218,112805000,11:28:06,8360,19148,88565,799094045,0,0,0
pp2206,20220218,20220218,112805500,11:28:06,8360,19148,88565,799094045,0,0,0
pp2206,20220218,20220218,112807500,11:28:11,8360,19148,88565,799094045,0,0,0
pp2206,20220218,20220218,112810000,11:28:11,8360,19148,88565,799094045,0,0,0
pp2206,20220218,20220218,112810500,11:28:12,8360,19148,88565,799094045,0,0,0
pp2206,20220218,20220218,112811000,11:28:12,8360,19148,88565,799094045,0,0,0
pp2206,20220218,20220218,112811500,11:28:12,8360,19148,88565,799094045,0,0,0
pp2206,20220218,20220218,112812000,11:28:13,8360,19148,88565,799094045,0,0,0
pp2206,20220218,20220218,112812500,11:28:13,8360,19148,88565,799094045,0,0,0
pp2206,20220218,20220218,112813000,11:28:13,8360,19148,88565,799094045,0,0,0
pp2206,20220218,20220218,112813500,11:28:14,8360,19148,88565,799094045,0,0,0
pp2206,20220218,20220218,112814000,11:28:14,8360,19148,88565,799094045,0,0,0
pp2206,20220218,20220218,112814500,11:28:14,8360,19148,88565,799094045,0,0,0
pp2206,20220218,20220218,112815000,11:28:15,8360,19148,88565,799094045,0,0,0
pp2206,20220218,20220218,112817500,11:28:17,8360,19148,88565,799094045,0,0,0
pp2206,20220218,20220218,112818000,11:28:18,8360,19148,88565,799094045,0,0,0
pp2206,20220218,20220218,112818500,11:28:18,8360,19148,88565,799094045,0,0,0
pp2206,20220218,20220218,112819000,11:28:19,8360,19148,88565,799094045,0,0,0
pp2206,20220218,20220218,112819500,11:28:19,8360,19148,88565,799094045,0,0,0
pp2206,20220218,20220218,112820000,11:28:20,8360,19148,88565,799094045,0,0,0
pp2206,20220218,20220218,112820500,11:28:20,8360,19148,88565,799094045,0,0,0
pp2206,20220218,20220218,112821000,11:28:21,8360,19148,88565,799094045,0,0,0
pp2206,20220218,20220218,112821500,11:28:22,8360,19148,88565,799094045,0,0,0
pp2206,20220218,20220218,112822000,11:28:22,8360,19148,88565,799094045,0,0,0
pp2206,20220218,20220218,112823000,11:28:23,8360,19148,88565,799094045,0,0,0
pp2206,20220218,20220218,112823500,11:28:24,8360,19148,88565,799094045,0,0,0
pp2206,20220218,20220218,112824000,11:28:24,8360,19148,88565,799094045,0,0,0
pp2206,20220218,20220218,112824500,11:28:25,8360,19148,88565,799094045,0,0,0
pp2206,20220218,20220218,112825000,11:28:25,8360,19148,88565,799094045,0,0,0
pp2206,20220218,20220218,112825500,11:28:25,8360,19148,88565,799094045,0,0,0
pp2206,20220218,20220218,112826000,11:28:26,8360,19148,88565,799094045,0,0,0
pp2206,20220218,20220218,112826500,11:28:27,8360,19148,88565,799094045,0,0,0
pp2206,20220218,20220218,112827000,11:28:27,8360,19148,88565,799094045,0,0,0
pp2206,20220218,20220218,112827500,11:28:27,8360,19148,88565,799094045,0,0,0
pp2206,20220218,20220218,112828000,11:28:28,8360,19148,88565,799094045,0,0,0
pp2206,20220218,20220218,112828500,11:28:28,8360,19148,88565,799094045,0,0,0
pp2206,20220218,20220218,112829000,11:28:29,8360,19148,88565,799094045,0,0,0
pp2206,20220218,20220218,112829500,11:28:30,8360,19148,88565,799094045,0,0,0
pp2206,20220218,20220218,112830000,11:28:30,8360,19148,88565,799094045,0,0,0
pp2206,20220218,20220218,112830500,11:28:31,8360,19148,88565,799094045,0,0,0
pp2206,20220218,20220218,112831000,11:28:31,8360,19148,88565,799094045,0,0,0
pp2206,20220218,20220218,112831500,11:28:32,8360,19148,88565,799094045,0,0,0
pp2206,20220218,20220218,112832000,11:28:33,8360,19148,88565,799094045,0,0,0
pp2206,20220218,20220218,112832500,11:28:33,8360,19148,88565,799094045,0,0,0
pp2206,20220218,20220218,112833000,11:28:33,8360,19148,88565,799094045,0,0,0
pp2206,20220218,20220218,112833500,11:28:34,8360,19148,88565,799094045,0,0,0
pp2206,20220218,20220218,112835500,11:28:36,8360,19148,88565,799094045,0,0,0
pp2206,20220218,20220218,112836000,11:28:37,8360,19148,88565,799094045,0,0,0
pp2206,20220218,20220218,112836500,11:28:37,8360,19148,88565,799094045,0,0,0
pp2206,20220218,20220218,112837000,11:28:37,8360,19148,88565,799094045,0,0,0
pp2206,20220218,20220218,112837500,11:28:38,8360,19148,88565,799094045,0,0,0
pp2206,20220218,20220218,112838000,11:28:38,8360,19148,88565,799094045,0,0,0
pp2206,20220218,20220218,112838500,11:28:38,8360,19148,88565,799094045,0,0,0
pp2206,20220218,20220218,112839000,11:28:40,8360,19148,88565,799094045,0,0,0
pp2206,20220218,20220218,112839500,11:28:40,8360,19148,88565,799094045,0,0,0
pp2206,20220218,20220218,112840000,11:28:40,8360,19148,88565,799094045,0,0,0
pp2206,20220218,20220218,112840500,11:28:40,8360,19148,88565,799094045,0,0,0
pp2206,20220218,20220218,112841000,11:28:41,8360,19148,88565,799094045,0,0,0
pp2206,20220218,20220218,112841500,11:28:41,8360,19148,88565,799094045,0,0,0
pp2206,20220218,20220218,112842000,11:28:42,8360,19148,88565,799094045,0,0,0
pp2206,20220218,20220218,112842500,11:28:43,8360,19148,88565,799094045,0,0,0
pp2206,20220218,20220218,112843000,11:28:43,8360,19148,88565,799094045,0,0,0
pp2206,20220218,20220218,112843500,11:28:44,8360,19148,88565,799094045,0,0,0
pp2206,20220218,20220218,112844000,11:28:44,8360,19148,88565,799094045,0,0,0
pp2206,20220218,20220218,112844500,11:28:44,8360,19148,88565,799094045,0,0,0
pp2206,20220218,20220218,112845000,11:28:45,8360,19148,88565,799094045,0,0,0
pp2206,20220218,20220218,112845500,11:28:45,8360,19148,88565,799094045,0,0,0
pp2206,20220218,20220218,112846000,11:28:46,8360,19148,88565,799094045,0,0,0
pp2206,20220218,20220218,112846500,11:28:46,8360,19148,88565,799094045,0,0,0
pp2206,20220218,20220218,112847000,11:28:47,8360,19148,88565,799094045,0,0,0
pp2206,20220218,20220218,112847500,11:28:48,8360,19148,88565,799094045,0,0,0
pp2206,20220218,20220218,112848000,11:28:48,8360,19148,88565,799094045,0,0,0
pp2206,20220218,20220218,112848500,11:28:48,8360,19148,88565,799094045,0,0,0
pp2206,20220218,20220218,112849000,11:28:49,8360,19148,88565,799094045,0,0,0
pp2206,20220218,20220218,112850500,11:28:50,8360,19148,88565,799094045,0,0,0
pp2206,20220218,20220218,112854000,11:28:54,8360,19148,88565,799094045,0,0,0
pp2206,20220218,20220218,112854500,11:28:54,8360,19148,88565,799094045,0,0,0
pp2206,20220218,20220218,112855000,11:28:55,8360,19148,88565,799094045,0,0,0
pp2206,20220218,20220218,112855500,11:28:56,8360,19148,88565,799094045,0,0,0
pp2206,20220218,20220218,112856000,11:28:56,8360,19148,88565,799094045,0,0,0
pp2206,20220218,20220218,112856500,11:28:56,8360,19148,88565,799094045,0,0,0
pp2206,20220218,20220218,112857000,11:28:57,8360,19148,88565,799094045,0,0,0
pp2206,20220218,20220218,112857500,11:28:58,8360,19148,88565,799094045,0,0,0
pp2206,20220218,20220218,112858000,11:28:58,8360,19148,88565,799094045,0,0,0
pp2206,20220218,20220218,112858500,11:28:59,8360,19148,88565,799094045,0,0,0
pp2206,20220218,20220218,112900500,11:29:01,8360,19148,88565,799094045,0,0,0
pp2206,20220218,20220218,112902000,11:29:02,8359,19149,88565,799135840,1,0,41795
pp2206,20220218,20220218,112904000,11:29:04,8359,19149,88565,799135840,0,0,0
pp2206,20220218,20220218,112904500,11:29:04,8359,19149,88565,799135840,0,0,0
pp2206,20220218,20220218,112905000,11:29:05,8359,19149,88565,799135840,0,0,0
pp2206,20220218,20220218,112905500,11:29:06,8359,19149,88565,799135840,0,0,0
pp2206,20220218,20220218,112906000,11:29:06,8359,19149,88565,799135840,0,0,0
pp2206,20220218,20220218,112906500,11:29:06,8359,19149,88565,799135840,0,0,0
pp2206,20220218,20220218,112907000,11:29:08,8359,19149,88565,799135840,0,0,0
pp2206,20220218,20220218,112907500,11:29:08,8359,19149,88565,799135840,0,0,0
pp2206,20220218,20220218,112909000,11:29:09,8359,19149,88565,799135840,0,0,0
pp2206,20220218,20220218,112914500,11:29:15,8359,19149,88565,799135840,0,0,0
pp2206,20220218,20220218,112915000,11:29:15,8359,19149,88565,799135840,0,0,0
pp2206,20220218,20220218,112915500,11:29:16,8359,19149,88565,799135840,0,0,0
pp2206,20220218,20220218,112916000,11:29:16,8359,19149,88565,799135840,0,0,0
pp2206,20220218,20220218,112916500,11:29:20,8359,19149,88565,799135840,0,0,0
pp2206,20220218,20220218,112917000,11:29:20,8359,19149,88565,799135840,0,0,0
pp2206,20220218,20220218,112920500,11:29:22,8359,19149,88565,799135840,0,0,0
pp2206,20220218,20220218,112921000,11:29:22,8359,19149,88565,799135840,0,0,0
pp2206,20220218,20220218,112921500,11:29:24,8359,19149,88565,799135840,0,0,0
pp2206,20220218,20220218,112928500,11:29:29,8359,19149,88565,799135840,0,0,0
pp2206,20220218,20220218,112929000,11:29:29,8359,19149,88565,799135840,0,0,0
pp2206,20220218,20220218,112929500,11:29:29,8359,19149,88565,799135840,0,0,0
pp2206,20220218,20220218,112930000,11:29:30,8359,19149,88565,799135840,0,0,0
pp2206,20220218,20220218,112932000,11:29:32,8355,19150,88565,799177615,1,0,41775
pp2206,20220218,20220218,112932500,11:29:37,8355,19150,88565,799177615,0,0,0
pp2206,20220218,20220218,112933000,11:29:37,8355,19150,88565,799177615,0,0,0
pp2206,20220218,20220218,112938000,11:29:38,8355,19150,88565,799177615,0,0,0
pp2206,20220218,20220218,112938500,11:29:39,8355,19150,88565,799177615,0,0,0
pp2206,20220218,20220218,112939500,11:29:40,8355,19150,88565,799177615,0,0,0
pp2206,20220218,20220218,112940000,11:29:40,8355,19150,88565,799177615,0,0,0
pp2206,20220218,20220218,112945000,11:29:46,8355,19150,88565,799177615,0,0,0
pp2206,20220218,20220218,112948000,11:29:49,8355,19150,88565,799177615,0,0,0
pp2206,20220218,20220218,112948500,11:29:50,8355,19150,88565,799177615,0,0,0
pp2206,20220218,20220218,112949500,11:29:50,8355,19150,88565,799177615,0,0,0
pp2206,20220218,20220218,112950500,11:29:52,8355,19150,88565,799177615,0,0,0
pp2206,20220218,20220218,112951500,11:29:52,8355,19150,88565,799177615,0,0,0
pp2206,20220218,20220218,112952500,11:29:53,8355,19150,88565,799177615,0,0,0
pp2206,20220218,20220218,112953000,11:29:53,8355,19150,88565,799177615,0,0,0
pp2206,20220218,20220218,112953500,11:29:54,8355,19150,88565,799177615,0,0,0
pp2206,20220218,20220218,112954000,11:29:54,8355,19150,88565,799177615,0,0,0
pp2206,20220218,20220218,112954500,11:29:54,8355,19150,88565,799177615,0,0,0
pp2206,20220218,20220218,112955000,11:29:55,8355,19150,88565,799177615,0,0,0
pp2206,20220218,20220218,112955500,11:29:56,8355,19150,88565,799177615,0,0,0
pp2206,20220218,20220218,112956000,11:30:00,8355,19153,88568,799302940,3,3,125325
pp2206,20220218,20220218,112956500,11:30:00,8355,19153,88568,799302940,0,0,0
pp2206,20220218,20220218,112957000,11:30:02,8355,19153,88568,799302940,0,0,0
pp2206,20220218,20220218,112957500,11:30:02,8355,19153,88568,799302940,0,0,0
pp2206,20220218,20220218,112959500,11:30:02,8358,19157,88567,799470070,4,-1,167130
pp2206,20220218,20220218,113001000,11:30:03,8358,19157,88567,799470070,0,0,0
pp2206,20220218,20220218,133002000,13:30:08,8358,19157,88567,799470070,0,0,0
pp2206,20220218,20220218,133002500,13:30:09,8358,19157,88567,799470070,0,0,0
pp2206,20220218,20220218,133008000,13:30:10,8358,19157,88567,799470070,0,0,0
pp2206,20220218,20220218,133008500,13:30:10,8358,19157,88567,799470070,0,0,0
pp2206,20220218,20220218,133009500,13:30:11,8358,19157,88567,799470070,0,0,0
pp2206,20220218,20220218,133010000,13:30:11,8349,19169,88560,799971175,12,-7,501105
pp2206,20220218,20220218,133010500,13:30:12,8349,19169,88560,799971175,0,0,0
pp2206,20220218,20220218,133011000,13:30:13,8349,19169,88560,799971175,0,0,0
pp2206,20220218,20220218,133011500,13:30:13,8347,19170,88559,800012910,1,-1,41735
pp2206,20220218,20220218,133012500,13:30:13,8347,19170,88559,800012910,0,0,0
pp2206,20220218,20220218,133013000,13:30:14,8347,19170,88559,800012910,0,0,0
pp2206,20220218,20220218,133013500,13:30:14,8349,19173,88562,800138145,3,3,125235
pp2206,20220218,20220218,133014000,13:30:16,8349,19173,88562,800138145,0,0,0
pp2206,20220218,20220218,133014500,13:30:17,8351,19174,88562,800179900,1,0,41755
pp2206,20220218,20220218,133016500,13:30:18,8351,19174,88562,800179900,0,0,0
pp2206,20220218,20220218,133017500,13:30:19,8351,19174,88562,800179900,0,0,0
pp2206,20220218,20220218,133018000,13:30:19,8351,19179,88564,800388670,5,2,208770
pp2206,20220218,20220218,133018500,13:30:20,8352,19180,88564,800430430,1,0,41760
pp2206,20220218,20220218,133019000,13:30:20,8352,19181,88563,800472190,1,-1,41760
pp2206,20220218,20220218,133019500,13:30:21,8352,19181,88563,800472190,0,0,0
pp2206,20220218,20220218,133020000,13:30:21,8352,19181,88563,800472190,0,0,0
pp2206,20220218,20220218,133020500,13:30:21,8352,19181,88563,800472190,0,0,0
pp2206,20220218,20220218,133021000,13:30:21,8352,19181,88563,800472190,0,0,0
pp2206,20220218,20220218,133021500,13:30:22,8352,19181,88563,800472190,0,0,0
pp2206,20220218,20220218,133022000,13:30:38,8352,19181,88563,800472190,0,0,0
pp2206,20220218,20220218,133022500,13:30:38,8352,19181,88563,800472190,0,0,0
pp2206,20220218,20220218,133023000,13:30:38,8355,19182,88564,800513965,1,1,41775
pp2206,20220218,20220218,133038000,13:30:41,8355,19182,88564,800513965,0,0,0
pp2206,20220218,20220218,133040500,13:30:43,8355,19182,88564,800513965,0,0,0
pp2206,20220218,20220218,133041000,13:30:43,8355,19182,88564,800513965,0,0,0
pp2206,20220218,20220218,133042000,13:30:44,8355,19182,88564,800513965,0,0,0
pp2206,20220218,20220218,133042500,13:30:44,8355,19182,88564,800513965,0,0,0
pp2206,20220218,20220218,133047000,13:30:48,8355,19182,88564,800513965,0,0,0
pp2206,20220218,20220218,133047500,13:30:48,8360,19204,88557,801433300,22,-7,919335
pp2206,20220218,20220218,133048000,13:30:48,8360,19204,88557,801433300,0,0,0
pp2206,20220218,20220218,133048500,13:30:49,8360,19204,88557,801433300,0,0,0
pp2206,20220218,20220218,133050500,13:30:52,8360,19204,88557,801433300,0,0,0
pp2206,20220218,20220218,133051000,13:30:52,8360,19204,88557,801433300,0,0,0
pp2206,20220218,20220218,133051500,13:30:52,8360,19204,88557,801433300,0,0,0
pp2206,20220218,20220218,133052000,13:30:53,8360,19204,88557,801433300,0,0,0
pp2206,20220218,20220218,133052500,13:30:54,8362,19209,88557,801642350,5,0,209050
pp2206,20220218,20220218,133053000,13:30:54,8362,19209,88557,801642350,0,0,0
pp2206,20220218,20220218,133053500,13:30:54,8362,19209,88557,801642350,0,0,0
pp2206,20220218,20220218,133054500,13:30:55,8362,19209,88557,801642350,0,0,0
pp2206,20220218,20220218,133055000,13:30:56,8362,19209,88557,801642350,0,0,0
pp2206,20220218,20220218,133055500,13:30:56,8362,19209,88557,801642350,0,0,0
pp2206,20220218,20220218,133056000,13:30:57,8362,19209,88557,801642350,0,0,0
pp2206,20220218,20220218,133056500,13:30:57,8365,19212,88555,801767825,3,-2,125475
pp2206,20220218,20220218,133057000,13:30:58,8365,19214,88553,801851475,2,-2,83650
pp2206,20220218,20220218,133057500,13:30:58,8365,19214,88553,801851475,0,0,0
pp2206,20220218,20220218,133058500,13:30:59,8366,19216,88555,801935135,2,2,83660
pp2206,20220218,20220218,133059000,13:30:59,8366,19216,88555,801935135,0,0,0
pp2206,20220218,20220218,133059500,13:31:00,8366,19216,88555,801935135,0,0,0
pp2206,20220218,20220218,133100000,13:31:00,8366,19216,88555,801935135,0,0,0
pp2206,20220218,20220218,133101000,13:31:01,8366,19216,88555,801935135,0,0,0
pp2206,20220218,20220218,133101500,13:31:01,8366,19216,88555,801935135,0,0,0
pp2206,20220218,20220218,133102000,13:31:02,8366,19216,88555,801935135,0,0,0
pp2206,20220218,20220218,133103000,13:31:03,8366,19216,88555,801935135,0,0,0
pp2206,20220218,20220218,133103500,13:31:05,8366,19216,88555,801935135,0,0,0
pp2206,20220218,20220218,133104000,13:31:06,8366,19216,88555,801935135,0,0,0
pp2206,20220218,20220218,133104500,13:31:07,8366,19216,88555,801935135,0,0,0
pp2206,20220218,20220218,133105500,13:31:08,8369,19241,88552,802981010,25,-3,1045875
pp2206,20220218,20220218,133106000,13:31:08,8370,19245,88552,803148410,4,0,167400
pp2206,20220218,20220218,133107000,13:31:09,8370,19246,88553,803190260,1,1,41850
pp2206,20220218,20220218,133107500,13:31:09,8370,19246,88553,803190260,0,0,0
pp2206,20220218,20220218,133108500,13:31:09,8370,19246,88553,803190260,0,0,0
pp2206,20220218,20220218,133110000,13:31:11,8370,19246,88553,803190260,0,0,0
pp2206,20220218,20220218,133110500,13:31:11,8370,19246,88553,803190260,0,0,0
pp2206,20220218,20220218,133111500,13:31:12,8370,19246,88553,803190260,0,0,0
pp2206,20220218,20220218,133112000,13:31:12,8370,19246,88553,803190260,0,0,0
pp2206,20220218,20220218,133112500,13:31:13,8370,19246,88553,803190260,0,0,0
pp2206,20220218,20220218,133113000,13:31:13,8370,19246,88553,803190260,0,0,0
pp2206,20220218,20220218,133113500,13:31:15,8370,19246,88553,803190260,0,0,0
pp2206,20220218,20220218,133114000,13:31:15,8370,19246,88553,803190260,0,0,0
pp2206,20220218,20220218,133114500,13:31:15,8370,19246,88553,803190260,0,0,0
pp2206,20220218,20220218,133115000,13:31:15,8370,19246,88553,803190260,0,0,0
pp2206,20220218,20220218,133115500,13:31:16,8370,19246,88553,803190260,0,0,0
pp2206,20220218,20220218,133116000,13:31:16,8370,19246,88553,803190260,0,0,0
pp2206,20220218,20220218,133117500,13:31:18,8370,19246,88553,803190260,0,0,0
pp2206,20220218,20220218,133118000,13:31:19,8370,19246,88553,803190260,0,0,0
pp2206,20220218,20220218,133118500,13:31:19,8370,19246,88553,803190260,0,0,0
pp2206,20220218,20220218,133119000,13:31:20,8370,19246,88553,803190260,0,0,0
pp2206,20220218,20220218,133119500,13:31:20,8370,19246,88553,803190260,0,0,0
pp2206,20220218,20220218,133120000,13:31:20,8370,19246,88553,803190260,0,0,0
pp2206,20220218,20220218,133120500,13:31:21,8370,19246,88553,803190260,0,0,0
pp2206,20220218,20220218,133121000,13:31:21,8370,19246,88553,803190260,0,0,0
pp2206,20220218,20220218,133121500,13:31:22,8370,19246,88553,803190260,0,0,0
pp2206,20220218,20220218,133122000,13:31:23,8370,19246,88553,803190260,0,0,0
pp2206,20220218,20220218,133122500,13:31:23,8370,19248,88551,803273960,2,-2,83700
pp2206,20220218,20220218,133123000,13:31:25,8370,19248,88551,803273960,0,0,0
pp2206,20220218,20220218,133123500,13:31:25,8370,19248,88551,803273960,0,0,0
pp2206,20220218,20220218,133124500,13:31:25,8370,19248,88551,803273960,0,0,0
pp2206,20220218,20220218,133156000,13:31:56,8366,19250,88551,803357620,2,0,83660
pp2206,20220218,20220218,133158500,13:31:58,8365,19251,88551,803399445,1,0,41825
pp2206,20220218,20220218,133159500,13:32:00,8365,19251,88551,803399445,0,0,0
pp2206,20220218,20220218,133200500,13:32:01,8365,19251,88551,803399445,0,0,0
pp2206,20220218,20220218,133201000,13:32:01,8366,19269,88549,804152360,18,-2,752915
pp2206,20220218,20220218,133201500,13:32:01,8366,19269,88549,804152360,0,0,0
pp2206,20220218,20220218,133202000,13:32:03,8365,19273,88553,804319660,4,4,167300
pp2206,20220218,20220218,133202500,13:32:04,8365,19273,88553,804319660,0,0,0
pp2206,20220218,20220218,133203000,13:32:04,8365,19273,88553,804319660,0,0,0
pp2206,20220218,20220218,133203500,13:32:05,8365,19273,88553,804319660,0,0,0
pp2206,20220218,20220218,133205000,13:32:06,8364,19282,88545,804696050,9,-8,376390
pp2206,20220218,20220218,133205500,13:32:06,8364,19282,88545,804696050,0,0,0
pp2206,20220218,20220218,133206000,13:32:07,8362,19283,88544,804737860,1,-1,41810
pp2206,20220218,20220218,133206500,13:32:07,8362,19287,88546,804905100,4,2,167240
pp2206,20220218,20220218,133207000,13:32:07,8362,19287,88546,804905100,0,0,0
pp2206,20220218,20220218,133207500,13:32:07,8362,19287,88546,804905100,0,0,0
pp2206,20220218,20220218,133208000,13:32:09,8362,19287,88546,804905100,0,0,0
pp2206,20220218,20220218,133208500,13:32:10,8362,19287,88546,804905100,0,0,0
pp2206,20220218,20220218,133209000,13:32:10,8362,19287,88546,804905100,0,0,0
pp2206,20220218,20220218,133209500,13:32:10,8362,19287,88546,804905100,0,0,0
pp2206,20220218,20220218,133210000,13:32:11,8362,19287,88546,804905100,0,0,0
pp2206,20220218,20220218,133210500,13:32:13,8360,19291,88548,805072300,4,2,167200
pp2206,20220218,20220218,133211000,13:32:14,8359,19293,88550,805155890,2,2,83590
pp2206,20220218,20220218,133213000,13:32:15,8359,19293,88550,805155890,0,0,0
pp2206,20220218,20220218,133214000,13:32:15,8359,19293,88550,805155890,0,0,0
pp2206,20220218,20220218,133215500,13:32:16,8360,19297,88554,805323090,4,4,167200
pp2206,20220218,20220218,133216000,13:32:17,8360,19297,88554,805323090,0,0,0
pp2206,20220218,20220218,133217000,13:32:18,8361,19298,88554,805364895,1,0,41805
pp2206,20220218,20220218,133217500,13:32:18,8362,19307,88558,805741185,9,4,376290
pp2206,20220218,20220218,133218000,13:32:18,8359,19352,88543,807622185,45,-15,1881000
pp2206,20220218,20220218,133218500,13:32:19,8359,19358,88542,807872970,6,-1,250785
pp2206,20220218,20220218,133219000,13:32:20,8359,19358,88542,807872970,0,0,0
pp2206,20220218,20220218,133219500,13:32:20,8358,19360,88544,807956550,2,2,83580
pp2206,20220218,20220218,133220000,13:32:21,8358,19362,88544,808040130,2,0,83580
pp2206,20220218,20220218,133220500,13:32:21,8358,19362,88544,808040130,0,0,0
pp2206,20220218,20220218,133221000,13:32:21,8358,19362,88544,808040130,0,0,0
pp2206,20220218,20220218,133221500,13:32:22,8358,19362,88544,808040130,0,0,0
pp2206,20220218,20220218,133222000,13:32:23,8360,19376,88544,808625330,14,0,585200
pp2206,20220218,20220218,133222500,13:32:23,8360,19376,88544,808625330,0,0,0
pp2206,20220218,20220218,133223000,13:32:24,8360,19376,88544,808625330,0,0,0
pp2206,20220218,20220218,133223500,13:32:24,8360,19376,88544,808625330,0,0,0
pp2206,20220218,20220218,133224000,13:32:24,8360,19376,88544,808625330,0,0,0
pp2206,20220218,20220218,133224500,13:32:25,8360,19376,88544,808625330,0,0,0
pp2206,20220218,20220218,133225000,13:32:25,8360,19376,88544,808625330,0,0,0
pp2206,20220218,20220218,133225500,13:32:26,8360,19384,88548,808959730,8,4,334400
pp2206,20220218,20220218,133226000,13:32:27,8360,19384,88548,808959730,0,0,0
pp2206,20220218,20220218,133226500,13:32:27,8360,19384,88548,808959730,0,0,0
pp2206,20220218,20220218,133227000,13:32:27,8360,19384,88548,808959730,0,0,0
pp2206,20220218,20220218,133227500,13:32:32,8360,19384,88548,808959730,0,0,0
pp2206,20220218,20220218,133228000,13:32:32,8360,19384,88548,808959730,0,0,0
pp2206,20220218,20220218,133229000,13:32:33,8360,19384,88548,808959730,0,0,0
pp2206,20220218,20220218,133232000,13:32:35,8360,19384,88548,808959730,0,0,0
pp2206,20220218,20220218,133234500,13:32:35,8360,19384,88548,808959730,0,0,0
pp2206,20220218,20220218,133235000,13:32:36,8360,19384,88548,808959730,0,0,0
pp2206,20220218,20220218,133235500,13:32:36,8360,19384,88548,808959730,0,0,0
pp2206,20220218,20220218,133236000,13:32:37,8360,19384,88548,808959730,0,0,0
pp2206,20220218,20220218,133236500,13:32:37,8360,19384,88548,808959730,0,0,0
pp2206,20220218,20220218,133237000,13:32:37,8360,19384,88548,808959730,0,0,0
pp2206,20220218,20220218,133237500,13:32:38,8360,19384,88548,808959730,0,0,0
pp2206,20220218,20220218,133238000,13:32:38,8360,19384,88548,808959730,0,0,0
pp2206,20220218,20220218,133238500,13:32:39,8360,19384,88548,808959730,0,0,0
pp2206,20220218,20220218,133239000,13:32:39,8360,19384,88548,808959730,0,0,0
pp2206,20220218,20220218,133239500,13:32:40,8357,19388,88552,809126870,4,4,167140
pp2206,20220218,20220218,133240000,13:32:40,8357,19388,88552,809126870,0,0,0
pp2206,20220218,20220218,133240500,13:32:41,8357,19388,88552,809126870,0,0,0
pp2206,20220218,20220218,133241000,13:32:41,8357,19388,88552,809126870,0,0,0
pp2206,20220218,20220218,133241500,13:32:42,8357,19388,88552,809126870,0,0,0
pp2206,20220218,20220218,133242000,13:32:42,8357,19388,88552,809126870,0,0,0
pp2206,20220218,20220218,133242500,13:32:42,8357,19388,88552,809126870,0,0,0
pp2206,20220218,20220218,133243000,13:32:43,8357,19388,88552,809126870,0,0,0
pp2206,20220218,20220218,133243500,13:32:43,8357,19388,88552,809126870,0,0,0
pp2206,20220218,20220218,133244000,13:32:44,8357,19388,88552,809126870,0,0,0
pp2206,20220218,20220218,133244500,13:32:45,8357,19388,88552,809126870,0,0,0
pp2206,20220218,20220218,133245000,13:32:45,8357,19388,88552,809126870,0,0,0
pp2206,20220218,20220218,133245500,13:32:45,8357,19388,88552,809126870,0,0,0
pp2206,20220218,20220218,133246000,13:32:47,8357,19388,88552,809126870,0,0,0
pp2206,20220218,20220218,133246500,13:32:47,8357,19388,88552,809126870,0,0,0
pp2206,20220218,20220218,133247000,13:32:47,8357,19388,88552,809126870,0,0,0
pp2206,20220218,20220218,133247500,13:32:48,8357,19388,88552,809126870,0,0,0
pp2206,20220218,20220218,133248000,13:32:49,8357,19388,88552,809126870,0,0,0
pp2206,20220218,20220218,133248500,13:32:49,8357,19388,88552,809126870,0,0,0
pp2206,20220218,20220218,133249000,13:32:49,8357,19388,88552,809126870,0,0,0
pp2206,20220218,20220218,133249500,13:32:50,8355,19389,88552,809168645,1,0,41775
pp2206,20220218,20220218,133250000,13:32:50,8355,19389,88552,809168645,0,0,0
pp2206,20220218,20220218,133250500,13:32:52,8355,19389,88552,809168645,0,0,0
pp2206,20220218,20220218,133251000,13:32:52,8355,19389,88552,809168645,0,0,0
pp2206,20220218,20220218,133251500,13:32:53,8354,19393,88552,809335725,4,0,167080
pp2206,20220218,20220218,133252500,13:32:53,8353,19401,88556,809669865,8,4,334140
pp2206,20220218,20220218,133253000,13:32:53,8353,19401,88556,809669865,0,0,0
pp2206,20220218,20220218,133253500,13:32:54,8354,19402,88556,809711635,1,0,41770
pp2206,20220218,20220218,133254000,13:32:54,8354,19402,88556,809711635,0,0,0
pp2206,20220218,20220218,133254500,13:32:55,8354,19402,88556,809711635,0,0,0
pp2206,20220218,20220218,133255000,13:32:55,8354,19402,88556,809711635,0,0,0
pp2206,20220218,20220218,133255500,13:32:55,8354,19402,88556,809711635,0,0,0
pp2206,20220218,20220218,133256000,13:32:56,8354,19402,88556,809711635,0,0,0
pp2206,20220218,20220218,133256500,13:32:57,8354,19402,88556,809711635,0,0,0
pp2206,20220218,20220218,133257000,13:32:59,8354,19402,88556,809711635,0,0,0
pp2206,20220218,20220218,133257500,13:33:00,8354,19402,88556,809711635,0,0,0
pp2206,20220218,20220218,133258000,13:33:00,8354,19402,88556,809711635,0,0,0
pp2206,20220218,20220218,133259500,13:33:01,8353,19407,88557,809920460,5,1,208825
pp2206,20220218,20220218,133300000,13:33:01,8353,19407,88557,809920460,0,0,0
pp2206,20220218,20220218,133300500,13:33:01,8354,19408,88558,809962230,1,1,41770
pp2206,20220218,20220218,133301000,13:33:02,8354,19408,88558,809962230,0,0,0
pp2206,20220218,20220218,133301500,13:33:02,8355,19410,88558,810045780,2,0,83550
pp2206,20220218,20220218,133302000,13:33:03,8355,19410,88558,810045780,0,0,0
pp2206,20220218,20220218,133302500,13:33:03,8355,19410,88558,810045780,0,0,0
pp2206,20220218,20220218,133303000,13:33:04,8355,19410,88558,810045780,0,0,0
pp2206,20220218,20220218,133304000,13:33:04,8355,19410,88558,810045780,0,0,0
pp2206,20220218,20220218,133304500,13:33:05,8355,19410,88558,810045780,0,0,0
pp2206,20220218,20220218,133305000,13:33:05,8355,19410,88558,810045780,0,0,0
pp2206,20220218,20220218,133305500,13:33:06,8355,19410,88558,810045780,0,0,0
pp2206,20220218,20220218,133306000,13:33:06,8355,19410,88558,810045780,0,0,0
pp2206,20220218,20220218,133306500,13:33:06,8355,19410,88558,810045780,0,0,0
pp2206,20220218,20220218,133307000,13:33:07,8355,19410,88558,810045780,0,0,0
pp2206,20220218,20220218,133307500,13:33:08,8355,19410,88558,810045780,0,0,0
pp2206,20220218,20220218,133308000,13:33:08,8355,19410,88558,810045780,0,0,0
pp2206,20220218,20220218,133308500,13:33:09,8355,19410,88558,810045780,0,0,0
pp2206,20220218,20220218,133309000,13:33:09,8355,19410,88558,810045780,0,0,0
pp2206,20220218,20220218,133309500,13:33:11,8355,19410,88558,810045780,0,0,0
pp2206,20220218,20220218,133310000,13:33:11,8355,19410,88558,810045780,0,0,0
pp2206,20220218,20220218,133311000,13:33:13,8355,19410,88558,810045780,0,0,0
pp2206,20220218,20220218,133311500,13:33:14,8355,19410,88558,810045780,0,0,0
pp2206,20220218,20220218,133312000,13:33:14,8355,19410,88558,810045780,0,0,0
pp2206,20220218,20220218,133313500,13:33:15,8355,19410,88558,810045780,0,0,0
pp2206,20220218,20220218,133314000,13:33:17,8355,19410,88558,810045780,0,0,0
pp2206,20220218,20220218,133314500,13:33:17,8355,19410,88558,810045780,0,0,0
pp2206,20220218,20220218,133315000,13:33:18,8355,19410,88558,810045780,0,0,0
pp2206,20220218,20220218,133317000,13:33:19,8358,19414,88562,810212940,4,4,167160
pp2206,20220218,20220218,133318000,13:33:19,8358,19414,88562,810212940,0,0,0
pp2206,20220218,20220218,133318500,13:33:19,8358,19414,88562,810212940,0,0,0
pp2206,20220218,20220218,133319500,13:33:20,8358,19414,88562,810212940,0,0,0
pp2206,20220218,20220218,133320000,13:33:21,8358,19414,88562,810212940,0,0,0
pp2206,20220218,20220218,133320500,13:33:22,8358,19414,88562,810212940,0,0,0
pp2206,20220218,20220218,133321000,13:33:22,8358,19414,88562,810212940,0,0,0
pp2206,20220218,20220218,133321500,13:33:22,8358,19414,88562,810212940,0,0,0
pp2206,20220218,20220218,133322000,13:33:22,8358,19414,88562,810212940,0,0,0
pp2206,20220218,20220218,133322500,13:33:22,8358,19414,88562,810212940,0,0,0
pp2206,20220218,20220218,133323000,13:33:23,8358,19414,88562,810212940,0,0,0
pp2206,20220218,20220218,133323500,13:33:24,8358,19414,88562,810212940,0,0,0
pp2206,20220218,20220218,133324000,13:33:24,8358,19414,88562,810212940,0,0,0
pp2206,20220218,20220218,133324500,13:33:25,8356,19418,88566,810380060,4,4,167120
pp2206,20220218,20220218,133325000,13:33:26,8355,19422,88563,810547160,4,-3,167100
pp2206,20220218,20220218,133325500,13:33:26,8355,19422,88563,810547160,0,0,0
pp2206,20220218,20220218,133326000,13:33:28,8355,19422,88563,810547160,0,0,0
pp2206,20220218,20220218,133329000,13:33:30,8355,19422,88563,810547160,0,0,0
pp2206,20220218,20220218,133329500,13:33:30,8355,19422,88563,810547160,0,0,0
pp2206,20220218,20220218,133331500,13:33:32,8355,19422,88563,810547160,0,0,0
pp2206,20220218,20220218,133332000,13:33:32,8355,19422,88563,810547160,0,0,0
pp2206,20220218,20220218,133332500,13:33:33,8355,19423,88563,810588935,1,0,41775
pp2206,20220218,20220218,133333000,13:33:33,8355,19423,88563,810588935,0,0,0
pp2206,20220218,20220218,133333500,13:33:34,8355,19423,88563,810588935,0,0,0
pp2206,20220218,20220218,133334000,13:33:34,8355,19423,88563,810588935,0,0,0
pp2206,20220218,20220218,133334500,13:33:34,8355,19423,88563,810588935,0,0,0
pp2206,20220218,20220218,133335000,13:33:35,8355,19423,88563,810588935,0,0,0
pp2206,20220218,20220218,133335500,13:33:35,8355,19423,88563,810588935,0,0,0
pp2206,20220218,20220218,133337000,13:33:37,8355,19423,88563,810588935,0,0,0
pp2206,20220218,20220218,133338500,13:33:39,8357,19424,88562,810630720,1,-1,41785
pp2206,20220218,20220218,133339000,13:33:39,8357,19424,88562,810630720,0,0,0
pp2206,20220218,20220218,133340000,13:33:40,8357,19424,88562,810630720,0,0,0
pp2206,20220218,20220218,133341500,13:33:42,8357,19424,88562,810630720,0,0,0
pp2206,20220218,20220218,133342000,13:33:42,8357,19424,88562,810630720,0,0,0
pp2206,20220218,20220218,133342500,13:33:42,8357,19424,88562,810630720,0,0,0
pp2206,20220218,20220218,133343000,13:33:43,8357,19424,88562,810630720,0,0,0
pp2206,20220218,20220218,133343500,13:33:44,8357,19424,88562,810630720,0,0,0
pp2206,20220218,20220218,133344500,13:33:45,8357,19424,88562,810630720,0,0,0
pp2206,20220218,20220218,133348000,13:33:49,8357,19424,88562,810630720,0,0,0
pp2206,20220218,20220218,133348500,13:33:49,8357,19424,88562,810630720,0,0,0
pp2206,20220218,20220218,133349000,13:33:50,8357,19424,88562,810630720,0,0,0
pp2206,20220218,20220218,133349500,13:33:50,8357,19424,88562,810630720,0,0,0
pp2206,20220218,20220218,133350500,13:33:50,8357,19424,88562,810630720,0,0,0
pp2206,20220218,20220218,133351000,13:33:51,8357,19424,88562,810630720,0,0,0
pp2206,20220218,20220218,133352000,13:33:52,8357,19424,88562,810630720,0,0,0
pp2206,20220218,20220218,133353000,13:33:53,8357,19429,88566,810839645,5,4,208925
pp2206,20220218,20220218,133353500,13:33:53,8357,19429,88566,810839645,0,0,0
pp2206,20220218,20220218,133354000,13:33:54,8357,19429,88566,810839645,0,0,0
pp2206,20220218,20220218,133355500,13:33:56,8357,19429,88566,810839645,0,0,0
pp2206,20220218,20220218,133356000,13:33:57,8357,19429,88566,810839645,0,0,0
pp2206,20220218,20220218,133403000,13:34:10,8357,19429,88566,810839645,0,0,0
pp2206,20220218,20220218,133403500,13:34:11,8358,19431,88566,810923225,2,0,83580
pp2206,20220218,20220218,133410000,13:34:12,8358,19431,88566,810923225,0,0,0
pp2206,20220218,20220218,133410500,13:34:12,8358,19431,88566,810923225,0,0,0
pp2206,20220218,20220218,133411000,13:34:12,8358,19431,88566,810923225,0,0,0
pp2206,20220218,20220218,133412500,13:34:13,8358,19431,88566,810923225,0,0,0
pp2206,20220218,20220218,133413500,13:34:14,8358,19431,88566,810923225,0,0,0
pp2206,20220218,20220218,133414000,13:34:14,8358,19431,88566,810923225,0,0,0
pp2206,20220218,20220218,133414500,13:34:15,8358,19431,88566,810923225,0,0,0
pp2206,20220218,20220218,133415000,13:34:15,8361,19471,88559,812595345,40,-7,1672120
pp2206,20220218,20220218,133415500,13:34:16,8362,19484,88558,813138875,13,-1,543530
pp2206,20220218,20220218,133416000,13:34:16,8363,19488,88560,813306135,4,2,167260
pp2206,20220218,20220218,133416500,13:34:17,8363,19488,88560,813306135,0,0,0
pp2206,20220218,20220218,133417000,13:34:17,8363,19488,88560,813306135,0,0,0
pp2206,20220218,20220218,133417500,13:34:17,8363,19492,88557,813473395,4,-3,167260
pp2206,20220218,20220218,133418000,13:34:18,8363,19492,88557,813473395,0,0,0
pp2206,20220218,20220218,133418500,13:34:19,8363,19492,88557,813473395,0,0,0
pp2206,20220218,20220218,133419000,13:34:19,8363,19492,88557,813473395,0,0,0
pp2206,20220218,20220218,133419500,13:34:20,8363,19492,88557,813473395,0,0,0
pp2206,20220218,20220218,133420000,13:34:20,8363,19492,88557,813473395,0,0,0
pp2206,20220218,20220218,133420500,13:34:23,8363,19492,88557,813473395,0,0,0
pp2206,20220218,20220218,133421000,13:34:23,8363,19492,88557,813473395,0,0,0
pp2206,20220218,20220218,133421500,13:34:23,8363,19492,88557,813473395,0,0,0
pp2206,20220218,20220218,133423000,13:34:24,8363,19492,88557,813473395,0,0,0
pp2206,20220218,20220218,133423500,13:34:24,8363,19492,88557,813473395,0,0,0
pp2206,20220218,20220218,133424000,13:34:24,8363,19492,88557,813473395,0,0,0
pp2206,20220218,20220218,133426000,13:34:26,8363,19492,88557,813473395,0,0,0
pp2206,20220218,20220218,133427500,13:34:27,8363,19492,88557,813473395,0,0,0
pp2206,20220218,20220218,133428000,13:34:28,8363,19492,88557,813473395,0,0,0
pp2206,20220218,20220218,133429000,13:34:29,8363,19492,88557,813473395,0,0,0
pp2206,20220218,20220218,133429500,13:34:29,8363,19492,88557,813473395,0,0,0
pp2206,20220218,20220218,133431500,13:34:31,8363,19492,88557,813473395,0,0,0
pp2206,20220218,20220218,133432000,13:34:32,8363,19492,88557,813473395,0,0,0
pp2206,20220218,20220218,133432500,13:34:32,8363,19492,88557,813473395,0,0,0
pp2206,20220218,20220218,133433000,13:34:33,8363,19492,88557,813473395,0,0,0
pp2206,20220218,20220218,133433500,13:34:34,8363,19492,88557,813473395,0,0,0
pp2206,20220218,20220218,133434000,13:34:34,8363,19492,88557,813473395,0,0,0
pp2206,20220218,20220218,133434500,13:34:35,8363,19492,88557,813473395,0,0,0
pp2206,20220218,20220218,133435000,13:34:35,8363,19492,88557,813473395,0,0,0
pp2206,20220218,20220218,133435500,13:34:36,8361,19514,88555,814393105,22,-2,919710
pp2206,20220218,20220218,133436000,13:34:36,8360,19527,88563,814936505,13,8,543400
pp2206,20220218,20220218,133436500,13:34:36,8359,19529,88563,815020095,2,0,83590
pp2206,20220218,20220218,133437000,13:34:37,8359,19536,88560,815312660,7,-3,292565
pp2206,20220218,20220218,133437500,13:34:38,8360,19541,88560,815521660,5,0,209000
pp2206,20220218,20220218,133438000,13:34:38,8360,19541,88560,815521660,0,0,0
pp2206,20220218,20220218,133438500,13:34:39,8360,19541,88560,815521660,0,0,0
pp2206,20220218,20220218,133439000,13:34:39,8361,19545,88558,815688880,4,-2,167220
pp2206,20220218,20220218,133439500,13:34:40,8361,19545,88558,815688880,0,0,0
pp2206,20220218,20220218,133440000,13:34:40,8361,19545,88558,815688880,0,0,0
pp2206,20220218,20220218,133440500,13:34:41,8361,19545,88558,815688880,0,0,0
pp2206,20220218,20220218,133441000,13:34:41,8362,19546,88558,815730690,1,0,41810
pp2206,20220218,20220218,133441500,13:34:43,8362,19546,88558,815730690,0,0,0
pp2206,20220218,20220218,133442000,13:34:44,8362,19546,88558,815730690,0,0,0
pp2206,20220218,20220218,133442500,13:34:44,8362,19546,88558,815730690,0,0,0
pp2206,20220218,20220218,133443000,13:34:45,8362,19546,88558,815730690,0,0,0
pp2206,20220218,20220218,133443500,13:34:45,8362,19546,88558,815730690,0,0,0
pp2206,20220218,20220218,133444000,13:34:45,8362,19546,88558,815730690,0,0,0
pp2206,20220218,20220218,133445000,13:34:46,8362,19546,88558,815730690,0,0,0
pp2206,20220218,20220218,133445500,13:34:46,8362,19546,88558,815730690,0,0,0
pp2206,20220218,20220218,133446000,13:34:46,8362,19546,88558,815730690,0,0,0
pp2206,20220218,20220218,133446500,13:34:47,8362,19546,88558,815730690,0,0,0
pp2206,20220218,20220218,133447000,13:34:47,8362,19546,88558,815730690,0,0,0
pp2206,20220218,20220218,133448000,13:34:48,8362,19546,88558,815730690,0,0,0
pp2206,20220218,20220218,133448500,13:34:49,8361,19550,88556,815897910,4,-2,167220
pp2206,20220218,20220218,133449000,13:34:49,8361,19569,88548,816692205,19,-8,794295
pp2206,20220218,20220218,133449500,13:34:49,8361,19569,88548,816692205,0,0,0
pp2206,20220218,20220218,133450000,13:34:51,8361,19571,88546,816775815,2,-2,83610
pp2206,20220218,20220218,133450500,13:34:51,8361,19575,88549,816943035,4,3,167220
pp2206,20220218,20220218,133451000,13:34:51,8361,19575,88549,816943035,0,0,0
pp2206,20220218,20220218,133451500,13:34:52,8361,19575,88549,816943035,0,0,0
pp2206,20220218,20220218,133452000,13:34:52,8361,19575,88549,816943035,0,0,0
pp2206,20220218,20220218,133452500,13:34:53,8361,19575,88549,816943035,0,0,0
pp2206,20220218,20220218,133453000,13:34:53,8361,19575,88549,816943035,0,0,0
pp2206,20220218,20220218,133454500,13:34:56,8361,19575,88549,816943035,0,0,0
pp2206,20220218,20220218,133455500,13:34:56,8362,19576,88550,816984845,1,1,41810
pp2206,20220218,20220218,133456000,13:34:57,8362,19576,88550,816984845,0,0,0
pp2206,20220218,20220218,133456500,13:34:57,8362,19576,88550,816984845,0,0,0
pp2206,20220218,20220218,133457000,13:34:57,8362,19576,88550,816984845,0,0,0
pp2206,20220218,20220218,133458000,13:34:58,8362,19576,88550,816984845,0,0,0
pp2206,20220218,20220218,133458500,13:34:59,8362,19576,88550,816984845,0,0,0
pp2206,20220218,20220218,133459000,13:34:59,8362,19576,88550,816984845,0,0,0
pp2206,20220218,20220218,133459500,13:35:00,8362,19576,88550,816984845,0,0,0
pp2206,20220218,20220218,133500000,13:35:00,8362,19576,88550,816984845,0,0,0
pp2206,20220218,20220218,133500500,13:35:00,8362,19576,88550,816984845,0,0,0
pp2206,20220218,20220218,133501000,13:35:04,8362,19576,88550,816984845,0,0,0
pp2206,20220218,20220218,133501500,13:35:05,8361,19577,88551,817026650,1,1,41805
pp2206,20220218,20220218,133502000,13:35:10,8361,19577,88551,817026650,0,0,0
pp2206,20220218,20220218,133504500,13:35:10,8361,19577,88551,817026650,0,0,0
pp2206,20220218,20220218,133510000,13:35:11,8361,19577,88551,817026650,0,0,0
pp2206,20220218,20220218,133510500,13:35:11,8361,19577,88551,817026650,0,0,0
pp2206,20220218,20220218,133511000,13:35:11,8361,19577,88551,817026650,0,0,0
pp2206,20220218,20220218,133511500,13:35:12,8361,19577,88551,817026650,0,0,0
pp2206,20220218,20220218,133512000,13:35:13,8361,19577,88551,817026650,0,0,0
pp2206,20220218,20220218,133512500,13:35:13,8361,19577,88551,817026650,0,0,0
pp2206,20220218,20220218,133513000,13:35:13,8361,19577,88551,817026650,0,0,0
pp2206,20220218,20220218,133515000,13:35:15,8361,19577,88551,817026650,0,0,0
pp2206,20220218,20220218,133515500,13:35:16,8361,19577,88551,817026650,0,0,0
pp2206,20220218,20220218,133516000,13:35:16,8361,19577,88551,817026650,0,0,0
pp2206,20220218,20220218,133516500,13:35:17,8361,19577,88551,817026650,0,0,0
pp2206,20220218,20220218,133517000,13:35:17,8361,19577,88551,817026650,0,0,0
pp2206,20220218,20220218,133518000,13:35:19,8361,19577,88551,817026650,0,0,0
pp2206,20220218,20220218,133519000,13:35:19,8361,19577,88551,817026650,0,0,0
pp2206,20220218,20220218,133520000,13:35:20,8361,19577,88551,817026650,0,0,0
pp2206,20220218,20220218,133520500,13:35:21,8361,19577,88551,817026650,0,0,0
pp2206,20220218,20220218,133521000,13:35:21,8361,19577,88551,817026650,0,0,0
pp2206,20220218,20220218,133521500,13:35:22,8361,19577,88551,817026650,0,0,0
pp2206,20220218,20220218,133522000,13:35:22,8361,19577,88551,817026650,0,0,0
pp2206,20220218,20220218,133522500,13:35:23,8361,19577,88551,817026650,0,0,0
pp2206,20220218,20220218,133523000,13:35:23,8361,19577,88551,817026650,0,0,0
pp2206,20220218,20220218,133523500,13:35:23,8361,19577,88551,817026650,0,0,0
pp2206,20220218,20220218,133524000,13:35:25,8361,19577,88551,817026650,0,0,0
pp2206,20220218,20220218,133524500,13:35:25,8361,19577,88551,817026650,0,0,0
pp2206,20220218,20220218,133525000,13:35:25,8361,19577,88551,817026650,0,0,0
pp2206,20220218,20220218,133525500,13:35:26,8361,19577,88551,817026650,0,0,0
pp2206,20220218,20220218,133526000,13:35:26,8361,19577,88551,817026650,0,0,0
pp2206,20220218,20220218,133526500,13:35:27,8361,19577,88551,817026650,0,0,0
pp2206,20220218,20220218,133527000,13:35:31,8369,19644,88588,819828715,67,37,2802065
pp2206,20220218,20220218,133527500,13:35:31,8368,19673,88602,821042075,29,14,1213360
pp2206,20220218,20220218,133528000,13:35:32,8368,19676,88600,821167595,3,-2,125520
pp2206,20220218,20220218,133528500,13:35:32,8368,19678,88599,821251275,2,-1,83680
pp2206,20220218,20220218,133529000,13:35:33,8368,19678,88599,821251275,0,0,0
pp2206,20220218,20220218,133531500,13:35:41,8368,19688,88597,821669675,10,-2,418400
pp2206,20220218,20220218,133532000,13:35:42,8368,19688,88597,821669675,0,0,0
pp2206,20220218,20220218,133540500,13:35:43,8368,19688,88597,821669675,0,0,0
pp2206,20220218,20220218,133542000,13:35:44,8368,19688,88597,821669675,0,0,0
pp2206,20220218,20220218,133542500,13:35:44,8368,19688,88597,821669675,0,0,0
pp2206,20220218,20220218,133543500,13:35:44,8368,19688,88597,821669675,0,0,0
pp2206,20220218,20220218,133544000,13:35:44,8368,19688,88597,821669675,0,0,0
pp2206,20220218,20220218,133544500,13:35:45,8368,19688,88597,821669675,0,0,0
pp2206,20220218,20220218,133545000,13:35:46,8368,19688,88597,821669675,0,0,0
pp2206,20220218,20220218,133545500,13:35:46,8368,19688,88597,821669675,0,0,0
pp2206,20220218,20220218,133546000,13:35:46,8368,19688,88597,821669675,0,0,0
pp2206,20220218,20220218,133546500,13:35:46,8368,19688,88597,821669675,0,0,0
pp2206,20220218,20220218,133547000,13:35:47,8368,19688,88597,821669675,0,0,0
pp2206,20220218,20220218,133547500,13:35:48,8368,19688,88597,821669675,0,0,0
pp2206,20220218,20220218,133548000,13:35:48,8368,19688,88597,821669675,0,0,0
pp2206,20220218,20220218,133548500,13:35:48,8368,19688,88597,821669675,0,0,0
pp2206,20220218,20220218,133549000,13:35:49,8368,19688,88597,821669675,0,0,0
pp2206,20220218,20220218,133549500,13:35:49,8368,19688,88597,821669675,0,0,0
pp2206,20220218,20220218,133550000,13:35:50,8368,19688,88597,821669675,0,0,0
pp2206,20220218,20220218,133550500,13:35:50,8368,19688,88597,821669675,0,0,0
pp2206,20220218,20220218,133551000,13:35:51,8368,19689,88597,821711515,1,0,41840
pp2206,20220218,20220218,133551500,13:35:52,8369,19716,88588,822841330,27,-9,1129815
pp2206,20220218,20220218,133552000,13:35:52,8369,19718,88590,822925020,2,2,83690
pp2206,20220218,20220218,133552500,13:35:53,8369,19718,88590,822925020,0,0,0
pp2206,20220218,20220218,133553000,13:35:53,8369,19718,88590,822925020,0,0,0
pp2206,20220218,20220218,133553500,13:35:55,8369,19718,88590,822925020,0,0,0
pp2206,20220218,20220218,133554500,13:35:56,8369,19718,88590,822925020,0,0,0
pp2206,20220218,20220218,133555000,13:35:56,8369,19718,88590,822925020,0,0,0
pp2206,20220218,20220218,133555500,13:35:56,8369,19718,88590,822925020,0,0,0
pp2206,20220218,20220218,133556000,13:35:56,8369,19718,88590,822925020,0,0,0
pp2206,20220218,20220218,133556500,13:35:57,8369,19718,88590,822925020,0,0,0
pp2206,20220218,20220218,133557000,13:35:59,8369,19718,88590,822925020,0,0,0
pp2206,20220218,20220218,133557500,13:35:59,8369,19718,88590,822925020,0,0,0
pp2206,20220218,20220218,133558000,13:36:01,8369,19718,88590,822925020,0,0,0
pp2206,20220218,20220218,133558500,13:36:03,8369,19718,88590,822925020,0,0,0
pp2206,20220218,20220218,133559500,13:36:03,8369,19718,88590,822925020,0,0,0
pp2206,20220218,20220218,133600000,13:36:03,8369,19718,88590,822925020,0,0,0
pp2206,20220218,20220218,133601500,13:36:03,8369,19718,88590,822925020,0,0,0
pp2206,20220218,20220218,133602500,13:36:04,8369,19718,88590,822925020,0,0,0
pp2206,20220218,20220218,133603000,13:36:05,8369,19718,88590,822925020,0,0,0
pp2206,20220218,20220218,133603500,13:36:05,8369,19718,88590,822925020,0,0,0
pp2206,20220218,20220218,133604000,13:36:06,8369,19718,88590,822925020,0,0,0
pp2206,20220218,20220218,133605000,13:36:06,8369,19718,88590,822925020,0,0,0
pp2206,20220218,20220218,133605500,13:36:07,8369,19718,88590,822925020,0,0,0
pp2206,20220218,20220218,133606000,13:36:07,8369,19730,88590,823427160,12,0,502140
pp2206,20220218,20220218,133606500,13:36:07,8369,19730,88590,823427160,0,0,0
pp2206,20220218,20220218,133607000,13:36:08,8369,19730,88590,823427160,0,0,0
pp2206,20220218,20220218,133607500,13:36:08,8367,19738,88590,823761840,8,0,334680
pp2206,20220218,20220218,133608000,13:36:08,8367,19742,88587,823929180,4,-3,167340
pp2206,20220218,20220218,133608500,13:36:09,8367,19742,88587,823929180,0,0,0
pp2206,20220218,20220218,133609000,13:36:09,8367,19742,88587,823929180,0,0,0
pp2206,20220218,20220218,133609500,13:36:10,8367,19742,88587,823929180,0,0,0
pp2206,20220218,20220218,133610000,13:36:11,8367,19742,88587,823929180,0,0,0
pp2206,20220218,20220218,133610500,13:36:11,8367,19742,88587,823929180,0,0,0
pp2206,20220218,20220218,133611000,13:36:11,8367,19742,88587,823929180,0,0,0
pp2206,20220218,20220218,133611500,13:36:12,8367,19742,88587,823929180,0,0,0
pp2206,20220218,20220218,133612000,13:36:12,8367,19742,88587,823929180,0,0,0
pp2206,20220218,20220218,133612500,13:36:12,8367,19742,88587,823929180,0,0,0
pp2206,20220218,20220218,133613000,13:36:13,8367,19742,88587,823929180,0,0,0
pp2206,20220218,20220218,133613500,13:36:14,8367,19742,88587,823929180,0,0,0
pp2206,20220218,20220218,133614000,13:36:14,8367,19742,88587,823929180,0,0,0
pp2206,20220218,20220218,133614500,13:36:14,8367,19742,88587,823929180,0,0,0
pp2206,20220218,20220218,133615500,13:36:15,8367,19742,88587,823929180,0,0,0
pp2206,20220218,20220218,133616000,13:36:16,8367,19742,88587,823929180,0,0,0
pp2206,20220218,20220218,133616500,13:36:17,8367,19742,88587,823929180,0,0,0
pp2206,20220218,20220218,133617000,13:36:19,8367,19742,88587,823929180,0,0,0
pp2206,20220218,20220218,133618000,13:36:19,8367,19742,88587,823929180,0,0,0
pp2206,20220218,20220218,133618500,13:36:19,8367,19742,88587,823929180,0,0,0
pp2206,20220218,20220218,133619000,13:36:19,8369,19752,88592,824347630,10,5,418450
pp2206,20220218,20220218,133619500,13:36:19,8369,19752,88592,824347630,0,0,0
pp2206,20220218,20220218,133620000,13:36:20,8369,19752,88592,824347630,0,0,0
pp2206,20220218,20220218,133620500,13:36:20,8369,19752,88592,824347630,0,0,0
pp2206,20220218,20220218,133621000,13:36:21,8369,19752,88592,824347630,0,0,0
pp2206,20220218,20220218,133621500,13:36:21,8369,19752,88592,824347630,0,0,0
pp2206,20220218,20220218,133622000,13:36:22,8369,19752,88592,824347630,0,0,0
pp2206,20220218,20220218,133622500,13:36:22,8369,19752,88592,824347630,0,0,0
pp2206,20220218,20220218,133623000,13:36:23,8369,19752,88592,824347630,0,0,0
pp2206,20220218,20220218,133623500,13:36:23,8369,19752,88592,824347630,0,0,0
pp2206,20220218,20220218,133624000,13:36:24,8369,19752,88592,824347630,0,0,0
pp2206,20220218,20220218,133625000,13:36:25,8369,19752,88592,824347630,0,0,0
pp2206,20220218,20220218,133625500,13:36:26,8369,19752,88592,824347630,0,0,0
pp2206,20220218,20220218,133626000,13:36:26,8369,19752,88592,824347630,0,0,0
pp2206,20220218,20220218,133626500,13:36:27,8369,19752,88592,824347630,0,0,0
pp2206,20220218,20220218,133627000,13:36:28,8369,19752,88592,824347630,0,0,0
pp2206,20220218,20220218,133628500,13:36:29,8369,19752,88592,824347630,0,0,0
pp2206,20220218,20220218,133629000,13:36:30,8369,19752,88592,824347630,0,0,0
pp2206,20220218,20220218,133629500,13:36:30,8369,19752,88592,824347630,0,0,0
pp2206,20220218,20220218,133630000,13:36:30,8369,19752,88592,824347630,0,0,0
pp2206,20220218,20220218,133630500,13:36:31,8369,19752,88592,824347630,0,0,0
pp2206,20220218,20220218,133631000,13:36:31,8369,19752,88592,824347630,0,0,0
pp2206,20220218,20220218,133631500,13:36:31,8369,19752,88592,824347630,0,0,0
pp2206,20220218,20220218,133632000,13:36:32,8369,19752,88592,824347630,0,0,0
pp2206,20220218,20220218,133632500,13:36:33,8369,19752,88592,824347630,0,0,0
pp2206,20220218,20220218,133633000,13:36:33,8369,19752,88592,824347630,0,0,0
pp2206,20220218,20220218,133633500,13:36:34,8369,19752,88592,824347630,0,0,0
pp2206,20220218,20220218,133634000,13:36:34,8369,19753,88593,824389475,1,1,41845
pp2206,20220218,20220218,133634500,13:36:35,8369,19753,88593,824389475,0,0,0
pp2206,20220218,20220218,133635000,13:36:36,8369,19753,88593,824389475,0,0,0
pp2206,20220218,20220218,133635500,13:36:36,8369,19753,88593,824389475,0,0,0
pp2206,20220218,20220218,133636000,13:36:36,8369,19753,88593,824389475,0,0,0
pp2206,20220218,20220218,133636500,13:36:36,8369,19753,88593,824389475,0,0,0
pp2206,20220218,20220218,133637000,13:36:38,8369,19753,88593,824389475,0,0,0
pp2206,20220218,20220218,133637500,13:36:38,8369,19753,88593,824389475,0,0,0
pp2206,20220218,20220218,133638000,13:36:38,8369,19753,88593,824389475,0,0,0
pp2206,20220218,20220218,133638500,13:36:39,8369,19753,88593,824389475,0,0,0
pp2206,20220218,20220218,133639000,13:36:39,8369,19753,88593,824389475,0,0,0
pp2206,20220218,20220218,133639500,13:36:39,8369,19753,88593,824389475,0,0,0
pp2206,20220218,20220218,133640000,13:36:40,8369,19753,88593,824389475,0,0,0
pp2206,20220218,20220218,133640500,13:36:40,8369,19753,88593,824389475,0,0,0
pp2206,20220218,20220218,133641000,13:36:41,8369,19753,88593,824389475,0,0,0
pp2206,20220218,20220218,133641500,13:36:42,8369,19753,88593,824389475,0,0,0
pp2206,20220218,20220218,133642000,13:36:42,8369,19753,88593,824389475,0,0,0
pp2206,20220218,20220218,133643500,13:36:44,8369,19753,88593,824389475,0,0,0
pp2206,20220218,20220218,133644000,13:36:44,8369,19753,88593,824389475,0,0,0
pp2206,20220218,20220218,133644500,13:36:44,8369,19753,88593,824389475,0,0,0
pp2206,20220218,20220218,133645000,13:36:45,8369,19753,88593,824389475,0,0,0
pp2206,20220218,20220218,133645500,13:36:46,8369,19753,88593,824389475,0,0,0
pp2206,20220218,20220218,133646500,13:36:46,8369,19753,88593,824389475,0,0,0
pp2206,20220218,20220218,133647000,13:36:47,8369,19753,88593,824389475,0,0,0
pp2206,20220218,20220218,133647500,13:36:48,8369,19753,88593,824389475,0,0,0
pp2206,20220218,20220218,133648000,13:36:48,8369,19753,88593,824389475,0,0,0
pp2206,20220218,20220218,133648500,13:36:48,8369,19753,88593,824389475,0,0,0
pp2206,20220218,20220218,133649000,13:36:49,8369,19753,88593,824389475,0,0,0
pp2206,20220218,20220218,133649500,13:36:49,8369,19753,88593,824389475,0,0,0
pp2206,20220218,20220218,133650000,13:36:50,8369,19753,88593,824389475,0,0,0
pp2206,20220218,20220218,133650500,13:36:50,8369,19753,88593,824389475,0,0,0
pp2206,20220218,20220218,133651000,13:36:51,8369,19753,88593,824389475,0,0,0
pp2206,20220218,20220218,133651500,13:36:51,8369,19753,88593,824389475,0,0,0
pp2206,20220218,20220218,133652000,13:36:52,8369,19753,88593,824389475,0,0,0
pp2206,20220218,20220218,133652500,13:36:53,8369,19753,88593,824389475,0,0,0
pp2206,20220218,20220218,133653000,13:36:53,8369,19753,88593,824389475,0,0,0
pp2206,20220218,20220218,133653500,13:36:54,8369,19753,88593,824389475,0,0,0
pp2206,20220218,20220218,133654000,13:36:54,8369,19753,88593,824389475,0,0,0
pp2206,20220218,20220218,133654500,13:36:54,8369,19753,88593,824389475,0,0,0
pp2206,20220218,20220218,133655000,13:36:55,8369,19754,88594,824431320,1,1,41845
pp2206,20220218,20220218,133655500,13:36:56,8369,19754,88594,824431320,0,0,0
pp2206,20220218,20220218,133657000,13:36:58,8369,19754,88594,824431320,0,0,0
pp2206,20220218,20220218,133657500,13:36:58,8369,19754,88594,824431320,0,0,0
pp2206,20220218,20220218,133658000,13:36:58,8369,19754,88594,824431320,0,0,0
pp2206,20220218,20220218,133659000,13:36:59,8369,19754,88594,824431320,0,0,0
pp2206,20220218,20220218,133659500,13:37:00,8369,19754,88594,824431320,0,0,0
pp2206,20220218,20220218,133700000,13:37:00,8369,19754,88594,824431320,0,0,0
pp2206,20220218,20220218,133700500,13:37:00,8369,19754,88594,824431320,0,0,0
pp2206,20220218,20220218,133702000,13:37:02,8369,19754,88594,824431320,0,0,0
pp2206,20220218,20220218,133702500,13:37:03,8369,19754,88594,824431320,0,0,0
pp2206,20220218,20220218,133703000,13:37:03,8369,19754,88594,824431320,0,0,0
pp2206,20220218,20220218,133703500,13:37:03,8369,19754,88594,824431320,0,0,0
pp2206,20220218,20220218,133704000,13:37:04,8369,19754,88594,824431320,0,0,0
pp2206,20220218,20220218,133705000,13:37:05,8369,19754,88594,824431320,0,0,0
pp2206,20220218,20220218,133705500,13:37:08,8369,19754,88594,824431320,0,0,0
pp2206,20220218,20220218,133706000,13:37:08,8369,19754,88594,824431320,0,0,0
pp2206,20220218,20220218,133709500,13:37:11,8372,19757,88592,824556900,3,-2,125580
pp2206,20220218,20220218,133710000,13:37:11,8373,19784,88592,825687255,27,0,1130355
pp2206,20220218,20220218,133710500,13:37:11,8374,19785,88592,825729125,1,0,41870
pp2206,20220218,20220218,133711000,13:37:12,8373,19789,88588,825896585,4,-4,167460
pp2206,20220218,20220218,133711500,13:37:13,8373,19790,88588,825938450,1,0,41865
pp2206,20220218,20220218,133712000,13:37:13,8373,19790,88588,825938450,0,0,0
pp2206,20220218,20220218,133712500,13:37:13,8373,19790,88588,825938450,0,0,0
pp2206,20220218,20220218,133713000,13:37:14,8373,19790,88588,825938450,0,0,0
pp2206,20220218,20220218,133713500,13:37:14,8373,19790,88588,825938450,0,0,0
pp2206,20220218,20220218,133714000,13:37:14,8373,19790,88588,825938450,0,0,0
pp2206,20220218,20220218,133714500,13:37:15,8373,19790,88588,825938450,0,0,0
pp2206,20220218,20220218,133715000,13:37:15,8373,19794,88587,826105910,4,-1,167460
pp2206,20220218,20220218,133715500,13:37:16,8373,19794,88587,826105910,0,0,0
pp2206,20220218,20220218,133716000,13:37:16,8373,19794,88587,826105910,0,0,0
pp2206,20220218,20220218,133716500,13:37:17,8373,19794,88587,826105910,0,0,0
pp2206,20220218,20220218,133717000,13:37:18,8373,19794,88587,826105910,0,0,0
pp2206,20220218,20220218,133717500,13:37:18,8373,19794,88587,826105910,0,0,0
pp2206,20220218,20220218,133718000,13:37:18,8373,19794,88587,826105910,0,0,0
pp2206,20220218,20220218,133718500,13:37:19,8372,19797,88587,826231490,3,0,125580
pp2206,20220218,20220218,133719000,13:37:19,8372,19797,88587,826231490,0,0,0
pp2206,20220218,20220218,133719500,13:37:20,8372,19797,88587,826231490,0,0,0
pp2206,20220218,20220218,133720000,13:37:21,8372,19797,88587,826231490,0,0,0
pp2206,20220218,20220218,133720500,13:37:21,8372,19797,88587,826231490,0,0,0
pp2206,20220218,20220218,133721000,13:37:21,8372,19797,88587,826231490,0,0,0
pp2206,20220218,20220218,133721500,13:37:21,8372,19797,88587,826231490,0,0,0
pp2206,20220218,20220218,133722500,13:37:22,8372,19797,88587,826231490,0,0,0
pp2206,20220218,20220218,133723000,13:37:23,8372,19797,88587,826231490,0,0,0
pp2206,20220218,20220218,133723500,13:37:23,8372,19797,88587,826231490,0,0,0
pp2206,20220218,20220218,133724000,13:37:24,8372,19797,88587,826231490,0,0,0
pp2206,20220218,20220218,133724500,13:37:25,8372,19797,88587,826231490,0,0,0
pp2206,20220218,20220218,133725000,13:37:25,8372,19797,88587,826231490,0,0,0
pp2206,20220218,20220218,133725500,13:37:26,8372,19797,88587,826231490,0,0,0
pp2206,20220218,20220218,133726000,13:37:26,8372,19797,88587,826231490,0,0,0
pp2206,20220218,20220218,133726500,13:37:27,8372,19797,88587,826231490,0,0,0
pp2206,20220218,20220218,133727000,13:37:27,8372,19797,88587,826231490,0,0,0
pp2206,20220218,20220218,133727500,13:37:27,8372,19797,88587,826231490,0,0,0
pp2206,20220218,20220218,133728000,13:37:28,8372,19797,88587,826231490,0,0,0
pp2206,20220218,20220218,133728500,13:37:29,8372,19797,88587,826231490,0,0,0
pp2206,20220218,20220218,133729000,13:37:29,8372,19797,88587,826231490,0,0,0
pp2206,20220218,20220218,133729500,13:37:30,8372,19797,88587,826231490,0,0,0
pp2206,20220218,20220218,133730000,13:37:30,8372,19797,88587,826231490,0,0,0
pp2206,20220218,20220218,133730500,13:37:31,8372,19797,88587,826231490,0,0,0
pp2206,20220218,20220218,133731000,13:37:31,8372,19797,88587,826231490,0,0,0
pp2206,20220218,20220218,133731500,13:37:31,8372,19797,88587,826231490,0,0,0
pp2206,20220218,20220218,133732500,13:37:33,8372,19797,88587,826231490,0,0,0
pp2206,20220218,20220218,133733000,13:37:33,8372,19797,88587,826231490,0,0,0
pp2206,20220218,20220218,133733500,13:37:33,8372,19797,88587,826231490,0,0,0
pp2206,20220218,20220218,133734000,13:37:34,8372,19797,88587,826231490,0,0,0
pp2206,20220218,20220218,133734500,13:37:34,8372,19797,88587,826231490,0,0,0
pp2206,20220218,20220218,133735000,13:37:35,8372,19797,88587,826231490,0,0,0
pp2206,20220218,20220218,133735500,13:37:36,8372,19797,88587,826231490,0,0,0
pp2206,20220218,20220218,133736000,13:37:36,8372,19797,88587,826231490,0,0,0
pp2206,20220218,20220218,133736500,13:37:37,8372,19797,88587,826231490,0,0,0
pp2206,20220218,20220218,133737000,13:37:37,8372,19797,88587,826231490,0,0,0
pp2206,20220218,20220218,133737500,13:37:37,8372,19797,88587,826231490,0,0,0
pp2206,20220218,20220218,133738000,13:37:38,8372,19797,88587,826231490,0,0,0
pp2206,20220218,20220218,133738500,13:37:39,8372,19797,88587,826231490,0,0,0
pp2206,20220218,20220218,133739000,13:37:39,8372,19797,88587,826231490,0,0,0
pp2206,20220218,20220218,133739500,13:37:39,8372,19797,88587,826231490,0,0,0
pp2206,20220218,20220218,133740000,13:37:40,8372,19797,88587,826231490,0,0,0
pp2206,20220218,20220218,133740500,13:37:40,8372,19797,88587,826231490,0,0,0
pp2206,20220218,20220218,133741000,13:37:41,8372,19797,88587,826231490,0,0,0
pp2206,20220218,20220218,133741500,13:37:42,8372,19797,88587,826231490,0,0,0
pp2206,20220218,20220218,133742000,13:37:42,8372,19797,88587,826231490,0,0,0
pp2206,20220218,20220218,133742500,13:37:43,8372,19797,88587,826231490,0,0,0
pp2206,20220218,20220218,133743000,13:37:44,8372,19797,88587,826231490,0,0,0
pp2206,20220218,20220218,133743500,13:37:44,8372,19797,88587,826231490,0,0,0
pp2206,20220218,20220218,133744000,13:37:45,8372,19797,88587,826231490,0,0,0
pp2206,20220218,20220218,133744500,13:37:45,8372,19797,88587,826231490,0,0,0
pp2206,20220218,20220218,133745500,13:37:45,8372,19797,88587,826231490,0,0,0
pp2206,20220218,20220218,133746000,13:37:46,8372,19797,88587,826231490,0,0,0
pp2206,20220218,20220218,133746500,13:37:47,8372,19797,88587,826231490,0,0,0
pp2206,20220218,20220218,133747000,13:37:47,8372,19797,88587,826231490,0,0,0
pp2206,20220218,20220218,133747500,13:37:48,8372,19797,88587,826231490,0,0,0
pp2206,20220218,20220218,133748000,13:37:48,8372,19797,88587,826231490,0,0,0
pp2206,20220218,20220218,133750000,13:37:50,8372,19797,88587,826231490,0,0,0
pp2206,20220218,20220218,133750500,13:37:51,8372,19797,88587,826231490,0,0,0
pp2206,20220218,20220218,133751500,13:37:53,8372,19797,88587,826231490,0,0,0
pp2206,20220218,20220218,133752000,13:37:53,8372,19797,88587,826231490,0,0,0
pp2206,20220218,20220218,133754000,13:37:55,8372,19797,88587,826231490,0,0,0
pp2206,20220218,20220218,133755500,13:37:55,8372,19797,88587,826231490,0,0,0
pp2206,20220218,20220218,133756000,13:37:56,8372,19797,88587,826231490,0,0,0
pp2206,20220218,20220218,133757000,13:37:57,8372,19797,88587,826231490,0,0,0
pp2206,20220218,20220218,133758500,13:37:59,8372,19797,88587,826231490,0,0,0
pp2206,20220218,20220218,133759500,13:38:00,8372,19797,88587,826231490,0,0,0
pp2206,20220218,20220218,133800000,13:38:02,8374,19799,88589,826315230,2,2,83740
pp2206,20220218,20220218,133800500,13:38:02,8374,19799,88589,826315230,0,0,0
pp2206,20220218,20220218,133801000,13:38:03,8374,19799,88589,826315230,0,0,0
pp2206,20220218,20220218,133802000,13:38:04,8374,19799,88589,826315230,0,0,0
pp2206,20220218,20220218,133802500,13:38:05,8374,19799,88589,826315230,0,0,0
pp2206,20220218,20220218,133803000,13:38:06,8374,19827,88591,827487705,28,2,1172475
pp2206,20220218,20220218,133805000,13:38:07,8374,19827,88591,827487705,0,0,0
pp2206,20220218,20220218,133806000,13:38:09,8374,19827,88591,827487705,0,0,0
pp2206,20220218,20220218,133806500,13:38:09,8374,19827,88591,827487705,0,0,0
pp2206,20220218,20220218,133809000,13:38:09,8374,19827,88591,827487705,0,0,0
pp2206,20220218,20220218,133809500,13:38:10,8374,19827,88591,827487705,0,0,0
pp2206,20220218,20220218,133810000,13:38:10,8374,19827,88591,827487705,0,0,0
pp2206,20220218,20220218,133810500,13:38:10,8374,19827,88591,827487705,0,0,0
pp2206,20220218,20220218,133811000,13:38:14,8374,19827,88591,827487705,0,0,0
pp2206,20220218,20220218,133811500,13:38:14,8374,19827,88591,827487705,0,0,0
pp2206,20220218,20220218,133812500,13:38:14,8374,19827,88591,827487705,0,0,0
pp2206,20220218,20220218,133813500,13:38:15,8374,19827,88591,827487705,0,0,0
pp2206,20220218,20220218,133814000,13:38:17,8374,19827,88591,827487705,0,0,0
pp2206,20220218,20220218,133814500,13:38:17,8374,19827,88591,827487705,0,0,0
pp2206,20220218,20220218,133815000,13:38:17,8372,19831,88587,827655145,4,-4,167440
pp2206,20220218,20220218,133817000,13:38:18,8372,19831,88587,827655145,0,0,0
pp2206,20220218,20220218,133817500,13:38:18,8372,19831,88587,827655145,0,0,0
pp2206,20220218,20220218,133818000,13:38:18,8372,19831,88587,827655145,0,0,0
pp2206,20220218,20220218,133818500,13:38:19,8372,19831,88587,827655145,0,0,0
pp2206,20220218,20220218,133819000,13:38:19,8372,19831,88587,827655145,0,0,0
pp2206,20220218,20220218,133819500,13:38:19,8372,19831,88587,827655145,0,0,0
pp2206,20220218,20220218,133820000,13:38:20,8372,19831,88587,827655145,0,0,0
pp2206,20220218,20220218,133820500,13:38:22,8372,19831,88587,827655145,0,0,0
pp2206,20220218,20220218,133821000,13:38:22,8372,19831,88587,827655145,0,0,0
pp2206,20220218,20220218,133821500,13:38:23,8372,19831,88587,827655145,0,0,0
pp2206,20220218,20220218,133822500,13:38:23,8372,19831,88587,827655145,0,0,0
pp2206,20220218,20220218,133823000,13:38:24,8372,19831,88587,827655145,0,0,0
pp2206,20220218,20220218,133823500,13:38:24,8372,19831,88587,827655145,0,0,0
pp2206,20220218,20220218,133824000,13:38:24,8372,19831,88587,827655145,0,0,0
pp2206,20220218,20220218,133824500,13:38:41,8372,19831,88587,827655145,0,0,0
pp2206,20220218,20220218,133825000,13:38:41,8372,19831,88587,827655145,0,0,0
pp2206,20220218,20220218,133825500,13:38:41,8372,19831,88587,827655145,0,0,0
