pp2204,20220218,20220218,112003000,11:20:04,8368,30179,120723,1259924710,30179,2494,1259924710
pp2204,20220218,20220218,112004500,11:20:10,8368,30179,120723,1259924710,0,0,0
pp2204,20220218,20220218,112005000,11:20:10,8368,30179,120723,1259924710,0,0,0
pp2204,20220218,20220218,112006000,11:20:10,8368,30179,120723,1259924710,0,0,0
pp2204,20220218,20220218,112006500,11:20:10,8368,30179,120723,1259924710,0,0,0
pp2204,20220218,20220218,112007000,11:20:10,8368,30179,120723,1259924710,0,0,0
pp2204,20220218,20220218,112007500,11:20:10,8370,30180,120723,1259966560,1,0,41850
pp2204,20220218,20220218,112008000,11:20:10,8370,30180,120723,1259966560,0,0,0
pp2204,20220218,20220218,112008500,11:20:10,8370,30180,120723,1259966560,0,0,0
pp2204,20220218,20220218,112009000,11:20:10,8370,30180,120723,1259966560,0,0,0
pp2204,20220218,20220218,112010000,11:20:10,8370,30180,120723,1259966560,0,0,0
pp2204,20220218,20220218,112010500,11:20:10,8370,30180,120723,1259966560,0,0,0
pp2204,20220218,20220218,112011000,11:20:11,8370,30180,120723,1259966560,0,0,0
pp2204,20220218,20220218,112011500,11:20:12,8370,30180,120723,1259966560,0,0,0
pp2204,20220218,20220218,112012000,11:20:12,8370,30180,120723,1259966560,0,0,0
pp2204,20220218,20220218,112012500,11:20:12,8371,30206,120728,1261054790,26,5,1088230
pp2204,20220218,20220218,112013000,11:20:13,8371,30206,120728,1261054790,0,0,0
pp2204,20220218,20220218,112013500,11:20:13,8371,30206,120728,1261054790,0,0,0
pp2204,20220218,20220218,112014000,11:20:14,8371,30206,120728,1261054790,0,0,0
pp2204,20220218,20220218,112014500,11:20:14,8371,30206,120728,1261054790,0,0,0
pp2204,20220218,20220218,112015000,11:20:15,8371,30206,120728,1261054790,0,0,0
pp2204,20220218,20220218,112015500,11:20:16,8371,30206,120728,1261054790,0,0,0
pp2204,20220218,20220218,112016000,11:20:16,8371,30206,120728,1261054790,0,0,0
pp2204,20220218,20220218,112016500,11:20:16,8371,30206,120728,1261054790,0,0,0
pp2204,20220218,20220218,112017000,11:20:17,8371,30206,120728,1261054790,0,0,0
pp2204,20220218,20220218,112017500,11:20:17,8371,30206,120728,1261054790,0,0,0
pp2204,20220218,20220218,112018000,11:20:18,8371,30206,120728,1261054790,0,0,0
pp2204,20220218,20220218,112018500,11:20:18,8371,30206,120728,1261054790,0,0,0
pp2204,20220218,20220218,112019000,11:20:19,8371,30206,120728,1261054790,0,0,0
pp2204,20220218,20220218,112019500,11:20:20,8371,30206,120728,1261054790,0,0,0
pp2204,20220218,20220218,112020000,11:20:20,8371,30206,120728,1261054790,0,0,0
pp2204,20220218,20220218,112020500,11:20:21,8371,30206,120728,1261054790,0,0,0
pp2204,20220218,20220218,112021000,11:20:21,8371,30206,120728,1261054790,0,0,0
pp2204,20220218,20220218,112021500,11:20:21,8371,30206,120728,1261054790,0,0,0
pp2204,20220218,20220218,112022000,11:20:22,8371,30206,120728,1261054790,0,0,0
pp2204,20220218,20220218,112022500,11:20:23,8371,30206,120728,1261054790,0,0,0
pp2204,20220218,20220218,112023000,11:20:23,8371,30206,120728,1261054790,0,0,0
pp2204,20220218,20220218,112023500,11:20:23,8371,30206,120728,1261054790,0,0,0
pp2204,20220218,20220218,112024000,11:20:24,8371,30206,120728,1261054790,0,0,0
pp2204,20220218,20220218,112024500,11:20:24,8371,30206,120728,1261054790,0,0,0
pp2204,20220218,20220218,112025000,11:20:25,8371,30206,120728,1261054790,0,0,0
pp2204,20220218,20220218,112025500,11:20:25,8371,30206,120728,1261054790,0,0,0
pp2204,20220218,20220218,112026000,11:20:26,8371,30206,120728,1261054790,0,0,0
pp2204,20220218,20220218,112026500,11:20:26,8371,30206,120728,1261054790,0,0,0
pp2204,20220218,20220218,112027000,11:20:27,8371,30206,120728,1261054790,0,0,0
pp2204,20220218,20220218,112027500,11:20:28,8371,30206,120728,1261054790,0,0,0
pp2204,20220218,20220218,112029000,11:20:29,8371,30206,120728,1261054790,0,0,0
pp2204,20220218,20220218,112029500,11:20:30,8371,30206,120728,1261054790,0,0,0
pp2204,20220218,20220218,112030000,11:20:31,8371,30206,120728,1261054790,0,0,0
pp2204,20220218,20220218,112030500,11:20:31,8370,30219,120728,1261598865,13,0,544075
pp2204,20220218,20220218,112031000,11:20:32,8370,30219,120728,1261598865,0,0,0
pp2204,20220218,20220218,112031500,11:20:32,8370,30225,120730,1261849955,6,2,251090
pp2204,20220218,20220218,112032000,11:20:32,8370,30225,120730,1261849955,0,0,0
pp2204,20220218,20220218,112032500,11:20:32,8370,30225,120730,1261849955,0,0,0
pp2204,20220218,20220218,112033000,11:20:33,8370,30225,120730,1261849955,0,0,0
pp2204,20220218,20220218,112033500,11:20:33,8370,30225,120730,1261849955,0,0,0
pp2204,20220218,20220218,112034000,11:20:34,8370,30225,120730,1261849955,0,0,0
pp2204,20220218,20220218,112034500,11:20:34,8370,30225,120730,1261849955,0,0,0
pp2204,20220218,20220218,112035000,11:20:35,8370,30225,120730,1261849955,0,0,0
pp2204,20220218,20220218,112035500,11:20:35,8371,30226,120731,1261891810,1,1,41855
pp2204,20220218,20220218,112036000,11:20:36,8371,30226,120731,1261891810,0,0,0
pp2204,20220218,20220218,112036500,11:20:37,8371,30226,120731,1261891810,0,0,0
pp2204,20220218,20220218,112037500,11:20:38,8371,30226,120731,1261891810,0,0,0
pp2204,20220218,20220218,112045000,11:20:45,8371,30226,120731,1261891810,0,0,0
pp2204,20220218,20220218,112045500,11:20:46,8371,30226,120731,1261891810,0,0,0
pp2204,20220218,20220218,112046000,11:20:46,8371,30226,120731,1261891810,0,0,0
pp2204,20220218,20220218,112046500,11:20:46,8371,30226,120731,1261891810,0,0,0
pp2204,20220218,20220218,112051500,11:20:51,8372,30227,120731,1261933670,1,0,41860
pp2204,20220218,20220218,112052000,11:20:53,8372,30227,120731,1261933670,0,0,0
pp2204,20220218,20220218,112052500,11:20:53,8372,30227,120731,1261933670,0,0,0
pp2204,20220218,20220218,112053000,11:20:53,8372,30227,120731,1261933670,0,0,0
pp2204,20220218,20220218,112053500,11:20:53,8372,30227,120731,1261933670,0,0,0
pp2204,20220218,20220218,112054000,11:20:54,8372,30227,120731,1261933670,0,0,0
pp2204,20220218,20220218,112054500,11:20:55,8372,30227,120731,1261933670,0,0,0
pp2204,20220218,20220218,112055000,11:20:55,8372,30227,120731,1261933670,0,0,0
pp2204,20220218,20220218,112055500,11:20:56,8372,30227,120731,1261933670,0,0,0
pp2204,20220218,20220218,112056000,11:20:56,8372,30227,120731,1261933670,0,0,0
pp2204,20220218,20220218,112056500,11:20:57,8372,30227,120731,1261933670,0,0,0
pp2204,20220218,20220218,112057000,11:20:58,8372,30227,120731,1261933670,0,0,0
pp2204,20220218,20220218,112057500,11:20:58,8372,30227,120731,1261933670,0,0,0
pp2204,20220218,20220218,112058000,11:20:58,8372,30227,120731,1261933670,0,0,0
pp2204,20220218,20220218,112058500,11:20:59,8372,30227,120731,1261933670,0,0,0
pp2204,20220218,20220218,112059000,11:20:59,8372,30227,120731,1261933670,0,0,0
pp2204,20220218,20220218,112059500,11:21:00,8372,30227,120731,1261933670,0,0,0
pp2204,20220218,20220218,112100000,11:21:00,8372,30227,120731,1261933670,0,0,0
pp2204,20220218,20220218,112100500,11:21:01,8372,30227,120731,1261933670,0,0,0
pp2204,20220218,20220218,112101000,11:21:01,8372,30227,120731,1261933670,0,0,0
pp2204,20220218,20220218,112101500,11:21:02,8372,30227,120731,1261933670,0,0,0
pp2204,20220218,20220218,112102000,11:21:03,8372,30227,120731,1261933670,0,0,0
pp2204,20220218,20220218,112102500,11:21:03,8372,30227,120731,1261933670,0,0,0
pp2204,20220218,20220218,112103000,11:21:03,8372,30227,120731,1261933670,0,0,0
pp2204,20220218,20220218,112103500,11:21:04,8372,30227,120731,1261933670,0,0,0
pp2204,20220218,20220218,112104000,11:21:04,8371,30228,120732,1261975525,1,1,41855
pp2204,20220218,20220218,112104500,11:21:05,8371,30228,120732,1261975525,0,0,0
pp2204,20220218,20220218,112105000,11:21:05,8372,30230,120732,1262059245,2,0,83720
pp2204,20220218,20220218,112105500,11:21:07,8372,30230,120732,1262059245,0,0,0
pp2204,20220218,20220218,112106000,11:21:07,8372,30230,120732,1262059245,0,0,0
pp2204,20220218,20220218,112106500,11:21:07,8372,30230,120732,1262059245,0,0,0
pp2204,20220218,20220218,112107000,11:21:09,8372,30230,120732,1262059245,0,0,0
pp2204,20220218,20220218,112107500,11:21:10,8372,30230,120732,1262059245,0,0,0
pp2204,20220218,20220218,112108000,11:21:10,8372,30230,120732,1262059245,0,0,0
pp2204,20220218,20220218,112108500,11:21:10,8372,30230,120732,1262059245,0,0,0
pp2204,20220218,20220218,112110000,11:21:11,8372,30230,120732,1262059245,0,0,0
pp2204,20220218,20220218,112110500,11:21:11,8372,30230,120732,1262059245,0,0,0
pp2204,20220218,20220218,112111000,11:21:11,8372,30230,120732,1262059245,0,0,0
pp2204,20220218,20220218,112111500,11:21:12,8372,30230,120732,1262059245,0,0,0
pp2204,20220218,20220218,112112000,11:21:12,8372,30230,120732,1262059245,0,0,0
pp2204,20220218,20220218,112112500,11:21:13,8372,30230,120732,1262059245,0,0,0
pp2204,20220218,20220218,112113000,11:21:13,8372,30230,120732,1262059245,0,0,0
pp2204,20220218,20220218,112113500,11:21:13,8372,30230,120732,1262059245,0,0,0
pp2204,20220218,20220218,112114000,11:21:14,8372,30230,120732,1262059245,0,0,0
pp2204,20220218,20220218,112114500,11:21:14,8372,30230,120732,1262059245,0,0,0
pp2204,20220218,20220218,112115000,11:21:15,8372,30230,120732,1262059245,0,0,0
pp2204,20220218,20220218,112115500,11:21:15,8372,30230,120732,1262059245,0,0,0
pp2204,20220218,20220218,112116000,11:21:16,8372,30230,120732,1262059245,0,0,0
pp2204,20220218,20220218,112116500,11:21:17,8372,30230,120732,1262059245,0,0,0
pp2204,20220218,20220218,112117000,11:21:17,8372,30230,120732,1262059245,0,0,0
pp2204,20220218,20220218,112117500,11:21:18,8372,30230,120732,1262059245,0,0,0
pp2204,20220218,20220218,112118000,11:21:18,8372,30230,120732,1262059245,0,0,0
pp2204,20220218,20220218,112118500,11:21:18,8372,30230,120732,1262059245,0,0,0
pp2204,20220218,20220218,112119000,11:21:19,8372,30230,120732,1262059245,0,0,0
pp2204,20220218,20220218,112119500,11:21:19,8372,30230,120732,1262059245,0,0,0
pp2204,20220218,20220218,112120000,11:21:20,8372,30230,120732,1262059245,0,0,0
pp2204,20220218,20220218,112120500,11:21:22,8372,30230,120732,1262059245,0,0,0
pp2204,20220218,20220218,112121000,11:21:22,8372,30230,120732,1262059245,0,0,0
pp2204,20220218,20220218,112121500,11:21:22,8372,30230,120732,1262059245,0,0,0
pp2204,20220218,20220218,112122000,11:21:22,8372,30230,120732,1262059245,0,0,0
pp2204,20220218,20220218,112122500,11:21:22,8372,30230,120732,1262059245,0,0,0
pp2204,20220218,20220218,112123000,11:21:23,8372,30230,120732,1262059245,0,0,0
pp2204,20220218,20220218,112123500,11:21:24,8372,30230,120732,1262059245,0,0,0
pp2204,20220218,20220218,112124000,11:21:24,8372,30230,120732,1262059245,0,0,0
pp2204,20220218,20220218,112124500,11:21:25,8372,30230,120732,1262059245,0,0,0
pp2204,20220218,20220218,112125000,11:21:29,8372,30230,120732,1262059245,0,0,0
pp2204,20220218,20220218,112125500,11:23:32,8372,30230,120732,1262059245,0,0,0
pp2204,20220218,20220218,112126000,11:23:33,8372,30230,120732,1262059245,0,0,0
pp2204,20220218,20220218,112332500,11:23:33,8372,30230,120732,1262059245,0,0,0
pp2204,20220218,20220218,112333000,11:23:33,8372,30230,120732,1262059245,0,0,0
pp2204,20220218,20220218,112333500,11:23:33,8372,30230,120732,1262059245,0,0,0
pp2204,20220218,20220218,112334000,11:23:34,8372,30230,120732,1262059245,0,0,0
pp2204,20220218,20220218,112334500,11:23:34,8372,30230,120732,1262059245,0,0,0
pp2204,20220218,20220218,112335000,11:23:35,8372,30230,120732,1262059245,0,0,0
pp2204,20220218,20220218,112335500,11:23:35,8372,30230,120732,1262059245,0,0,0
pp2204,20220218,20220218,112336000,11:23:36,8372,30230,120732,1262059245,0,0,0
pp2204,20220218,20220218,112336500,11:23:38,8372,30230,120732,1262059245,0,0,0
pp2204,20220218,20220218,112337000,11:23:38,8372,30230,120732,1262059245,0,0,0
pp2204,20220218,20220218,112337500,11:23:38,8372,30230,120732,1262059245,0,0,0
pp2204,20220218,20220218,112338000,11:23:38,8372,30230,120732,1262059245,0,0,0
pp2204,20220218,20220218,112338500,11:23:38,8372,30230,120732,1262059245,0,0,0
pp2204,20220218,20220218,112339000,11:23:39,8372,30230,120732,1262059245,0,0,0
pp2204,20220218,20220218,112339500,11:23:39,8372,30230,120732,1262059245,0,0,0
pp2204,20220218,20220218,112340000,11:23:40,8372,30230,120732,1262059245,0,0,0
pp2204,20220218,20220218,112340500,11:23:40,8372,30230,120732,1262059245,0,0,0
pp2204,20220218,20220218,112341000,11:23:41,8368,30244,120735,1262645160,14,3,585915
pp2204,20220218,20220218,112341500,11:23:42,8368,30244,120735,1262645160,0,0,0
pp2204,20220218,20220218,112342000,11:23:42,8368,30244,120735,1262645160,0,0,0
pp2204,20220218,20220218,112342500,11:23:42,8368,30244,120735,1262645160,0,0,0
pp2204,20220218,20220218,112343000,11:23:43,8368,30244,120735,1262645160,0,0,0
pp2204,20220218,20220218,112343500,11:23:43,8368,30244,120735,1262645160,0,0,0
pp2204,20220218,20220218,112344000,11:23:48,8368,30244,120735,1262645160,0,0,0
pp2204,20220218,20220218,112344500,11:23:48,8368,30244,120735,1262645160,0,0,0
pp2204,20220218,20220218,112345000,11:23:48,8368,30244,120735,1262645160,0,0,0
pp2204,20220218,20220218,112345500,11:23:48,8368,30244,120735,1262645160,0,0,0
pp2204,20220218,20220218,112348000,11:23:48,8368,30244,120735,1262645160,0,0,0
pp2204,20220218,20220218,112348500,11:23:49,8368,30244,120735,1262645160,0,0,0
pp2204,20220218,20220218,112349000,11:23:49,8368,30244,120735,1262645160,0,0,0
pp2204,20220218,20220218,112349500,11:23:50,8368,30244,120735,1262645160,0,0,0
pp2204,20220218,20220218,112350000,11:23:50,8368,30244,120735,1262645160,0,0,0
pp2204,20220218,20220218,112350500,11:23:50,8368,30244,120735,1262645160,0,0,0
pp2204,20220218,20220218,112351000,11:23:51,8368,30244,120735,1262645160,0,0,0
pp2204,20220218,20220218,112351500,11:23:51,8368,30244,120735,1262645160,0,0,0
pp2204,20220218,20220218,112352000,11:23:52,8368,30244,120735,1262645160,0,0,0
pp2204,20220218,20220218,112352500,11:23:52,8368,30244,120735,1262645160,0,0,0
pp2204,20220218,20220218,112353000,11:23:53,8368,30244,120735,1262645160,0,0,0
pp2204,20220218,20220218,112353500,11:23:53,8368,30244,120735,1262645160,0,0,0
pp2204,20220218,20220218,112354000,11:23:54,8368,30244,120735,1262645160,0,0,0
pp2204,20220218,20220218,112354500,11:23:55,8368,30244,120735,1262645160,0,0,0
pp2204,20220218,20220218,112355000,11:23:55,8368,30244,120735,1262645160,0,0,0
pp2204,20220218,20220218,112355500,11:23:55,8367,30247,120735,1262770665,3,0,125505
pp2204,20220218,20220218,112356000,11:23:56,8367,30247,120735,1262770665,0,0,0
pp2204,20220218,20220218,112356500,11:23:56,8367,30247,120735,1262770665,0,0,0
pp2204,20220218,20220218,112357000,11:23:57,8367,30247,120735,1262770665,0,0,0
pp2204,20220218,20220218,112357500,11:23:57,8367,30247,120735,1262770665,0,0,0
pp2204,20220218,20220218,112358000,11:23:58,8367,30247,120735,1262770665,0,0,0
pp2204,20220218,20220218,112358500,11:23:58,8367,30247,120735,1262770665,0,0,0
pp2204,20220218,20220218,112359000,11:23:59,8367,30247,120735,1262770665,0,0,0
pp2204,20220218,20220218,112359500,11:23:59,8367,30247,120735,1262770665,0,0,0
pp2204,20220218,20220218,112400000,11:24:00,8367,30247,120735,1262770665,0,0,0
pp2204,20220218,20220218,112400500,11:24:00,8367,30247,120735,1262770665,0,0,0
pp2204,20220218,20220218,112401000,11:24:01,8367,30247,120735,1262770665,0,0,0
pp2204,20220218,20220218,112401500,11:24:01,8367,30247,120735,1262770665,0,0,0
pp2204,20220218,20220218,112402000,11:24:02,8367,30247,120735,1262770665,0,0,0
pp2204,20220218,20220218,112402500,11:24:02,8367,30247,120735,1262770665,0,0,0
pp2204,20220218,20220218,112403000,11:24:03,8367,30247,120735,1262770665,0,0,0
pp2204,20220218,20220218,112403500,11:24:04,8367,30247,120735,1262770665,0,0,0
pp2204,20220218,20220218,112404000,11:24:04,8367,30247,120735,1262770665,0,0,0
pp2204,20220218,20220218,112404500,11:24:04,8367,30247,120735,1262770665,0,0,0
pp2204,20220218,20220218,112405000,11:24:05,8367,30247,120735,1262770665,0,0,0
pp2204,20220218,20220218,112405500,11:24:05,8367,30247,120735,1262770665,0,0,0
pp2204,20220218,20220218,112406000,11:24:06,8367,30247,120735,1262770665,0,0,0
pp2204,20220218,20220218,112406500,11:24:06,8367,30247,120735,1262770665,0,0,0
pp2204,20220218,20220218,112407000,11:24:07,8367,30247,120735,1262770665,0,0,0
pp2204,20220218,20220218,112407500,11:24:08,8367,30247,120735,1262770665,0,0,0
pp2204,20220218,20220218,112408000,11:24:08,8367,30247,120735,1262770665,0,0,0
pp2204,20220218,20220218,112408500,11:24:08,8367,30247,120735,1262770665,0,0,0
pp2204,20220218,20220218,112409000,11:24:09,8367,30251,120733,1262938005,4,-2,167340
pp2204,20220218,20220218,112409500,11:24:11,8367,30251,120733,1262938005,0,0,0
pp2204,20220218,20220218,112410000,11:24:12,8367,30251,120733,1262938005,0,0,0
pp2204,20220218,20220218,112410500,11:24:12,8367,30251,120733,1262938005,0,0,0
pp2204,20220218,20220218,112411500,11:24:12,8367,30251,120733,1262938005,0,0,0
pp2204,20220218,20220218,112412000,11:24:12,8367,30251,120733,1262938005,0,0,0
pp2204,20220218,20220218,112412500,11:24:12,8367,30251,120733,1262938005,0,0,0
pp2204,20220218,20220218,112413000,11:24:13,8367,30251,120733,1262938005,0,0,0
pp2204,20220218,20220218,112413500,11:24:14,8367,30251,120733,1262938005,0,0,0
pp2204,20220218,20220218,112414000,11:24:14,8367,30251,120733,1262938005,0,0,0
pp2204,20220218,20220218,112414500,11:24:15,8367,30251,120733,1262938005,0,0,0
pp2204,20220218,20220218,112415000,11:24:15,8367,30251,120733,1262938005,0,0,0
pp2204,20220218,20220218,112415500,11:24:15,8367,30251,120733,1262938005,0,0,0
pp2204,20220218,20220218,112417500,11:24:18,8367,30251,120733,1262938005,0,0,0
pp2204,20220218,20220218,112418000,11:24:18,8367,30251,120733,1262938005,0,0,0
pp2204,20220218,20220218,112418500,11:24:19,8367,30251,120733,1262938005,0,0,0
pp2204,20220218,20220218,112419000,11:24:19,8367,30251,120733,1262938005,0,0,0
pp2204,20220218,20220218,112419500,11:24:20,8367,30251,120733,1262938005,0,0,0
pp2204,20220218,20220218,112420000,11:24:20,8367,30251,120733,1262938005,0,0,0
pp2204,20220218,20220218,112420500,11:24:20,8367,30251,120733,1262938005,0,0,0
pp2204,20220218,20220218,112421000,11:24:21,8367,30251,120733,1262938005,0,0,0
pp2204,20220218,20220218,112421500,11:24:22,8367,30251,120733,1262938005,0,0,0
pp2204,20220218,20220218,112422000,11:24:22,8367,30251,120733,1262938005,0,0,0
pp2204,20220218,20220218,112422500,11:24:23,8367,30251,120733,1262938005,0,0,0
pp2204,20220218,20220218,112423000,11:24:23,8367,30251,120733,1262938005,0,0,0
pp2204,20220218,20220218,112423500,11:24:23,8367,30251,120733,1262938005,0,0,0
pp2204,20220218,20220218,112424000,11:24:24,8367,30251,120733,1262938005,0,0,0
pp2204,20220218,20220218,112424500,11:24:24,8367,30251,120733,1262938005,0,0,0
pp2204,20220218,20220218,112425000,11:24:25,8367,30251,120733,1262938005,0,0,0
pp2204,20220218,20220218,112425500,11:24:25,8367,30251,120733,1262938005,0,0,0
pp2204,20220218,20220218,112426000,11:24:26,8367,30251,120733,1262938005,0,0,0
pp2204,20220218,20220218,112426500,11:24:26,8367,30251,120733,1262938005,0,0,0
pp2204,20220218,20220218,112427000,11:24:27,8367,30251,120733,1262938005,0,0,0
pp2204,20220218,20220218,112427500,11:24:28,8367,30251,120733,1262938005,0,0,0
pp2204,20220218,20220218,112428000,11:24:28,8367,30251,120733,1262938005,0,0,0
pp2204,20220218,20220218,112428500,11:24:28,8367,30251,120733,1262938005,0,0,0
pp2204,20220218,20220218,112429000,11:24:29,8367,30251,120733,1262938005,0,0,0
pp2204,20220218,20220218,112429500,11:24:29,8367,30251,120733,1262938005,0,0,0
pp2204,20220218,20220218,112430000,11:24:30,8367,30251,120733,1262938005,0,0,0
pp2204,20220218,20220218,112430500,11:24:30,8367,30251,120733,1262938005,0,0,0
pp2204,20220218,20220218,112431000,11:24:31,8367,30251,120733,1262938005,0,0,0
pp2204,20220218,20220218,112431500,11:24:31,8367,30251,120733,1262938005,0,0,0
pp2204,20220218,20220218,112432000,11:24:32,8367,30251,120733,1262938005,0,0,0
pp2204,20220218,20220218,112432500,11:24:32,8367,30251,120733,1262938005,0,0,0
pp2204,20220218,20220218,112433000,11:24:33,8367,30251,120733,1262938005,0,0,0
pp2204,20220218,20220218,112433500,11:24:33,8367,30251,120733,1262938005,0,0,0
pp2204,20220218,20220218,112434000,11:24:34,8367,30251,120733,1262938005,0,0,0
pp2204,20220218,20220218,112434500,11:24:34,8367,30251,120733,1262938005,0,0,0
pp2204,20220218,20220218,112435000,11:24:35,8367,30251,120733,1262938005,0,0,0
pp2204,20220218,20220218,112435500,11:24:35,8367,30251,120733,1262938005,0,0,0
pp2204,20220218,20220218,112436000,11:24:36,8367,30251,120733,1262938005,0,0,0
pp2204,20220218,20220218,112436500,11:24:36,8367,30251,120733,1262938005,0,0,0
pp2204,20220218,20220218,112437000,11:24:37,8367,30251,120733,1262938005,0,0,0
pp2204,20220218,20220218,112437500,11:24:39,8367,30251,120733,1262938005,0,0,0
pp2204,20220218,20220218,112438000,11:24:39,8367,30251,120733,1262938005,0,0,0
pp2204,20220218,20220218,112438500,11:24:39,8367,30251,120733,1262938005,0,0,0
pp2204,20220218,20220218,112439000,11:24:40,8367,30251,120733,1262938005,0,0,0
pp2204,20220218,20220218,112439500,11:24:40,8367,30251,120733,1262938005,0,0,0
pp2204,20220218,20220218,112440000,11:24:40,8367,30251,120733,1262938005,0,0,0
pp2204,20220218,20220218,112440500,11:24:40,8367,30251,120733,1262938005,0,0,0
pp2204,20220218,20220218,112441000,11:24:41,8367,30251,120733,1262938005,0,0,0
pp2204,20220218,20220218,112441500,11:24:41,8367,30251,120733,1262938005,0,0,0
pp2204,20220218,20220218,112442000,11:24:42,8367,30251,120733,1262938005,0,0,0
pp2204,20220218,20220218,112442500,11:24:42,8367,30251,120733,1262938005,0,0,0
pp2204,20220218,20220218,112443000,11:24:43,8367,30251,120733,1262938005,0,0,0
pp2204,20220218,20220218,112443500,11:24:43,8367,30251,120733,1262938005,0,0,0
pp2204,20220218,20220218,112444000,11:24:44,8367,30251,120733,1262938005,0,0,0
pp2204,20220218,20220218,112444500,11:24:44,8367,30251,120733,1262938005,0,0,0
pp2204,20220218,20220218,112445000,11:24:45,8367,30251,120733,1262938005,0,0,0
pp2204,20220218,20220218,112445500,11:24:45,8367,30251,120733,1262938005,0,0,0
pp2204,20220218,20220218,112446000,11:24:46,8367,30251,120733,1262938005,0,0,0
pp2204,20220218,20220218,112446500,11:24:46,8367,30251,120733,1262938005,0,0,0
pp2204,20220218,20220218,112447000,11:24:47,8367,30251,120733,1262938005,0,0,0
pp2204,20220218,20220218,112447500,11:24:47,8367,30251,120733,1262938005,0,0,0
pp2204,20220218,20220218,112448000,11:24:48,8367,30251,120733,1262938005,0,0,0
pp2204,20220218,20220218,112448500,11:24:49,8367,30251,120733,1262938005,0,0,0
pp2204,20220218,20220218,112449000,11:24:49,8367,30251,120733,1262938005,0,0,0
pp2204,20220218,20220218,112449500,11:24:49,8367,30251,120733,1262938005,0,0,0
pp2204,20220218,20220218,112450000,11:24:50,8367,30251,120733,1262938005,0,0,0
pp2204,20220218,20220218,112450500,11:24:50,8367,30251,120733,1262938005,0,0,0
pp2204,20220218,20220218,112451000,11:24:51,8367,30251,120733,1262938005,0,0,0
pp2204,20220218,20220218,112451500,11:24:52,8367,30251,120733,1262938005,0,0,0
pp2204,20220218,20220218,112452000,11:24:52,8367,30251,120733,1262938005,0,0,0
pp2204,20220218,20220218,112452500,11:24:52,8367,30251,120733,1262938005,0,0,0
pp2204,20220218,20220218,112453000,11:24:53,8367,30251,120733,1262938005,0,0,0
pp2204,20220218,20220218,112453500,11:24:53,8367,30251,120733,1262938005,0,0,0
pp2204,20220218,20220218,112454000,11:24:54,8367,30251,120733,1262938005,0,0,0
pp2204,20220218,20220218,112454500,11:24:54,8367,30251,120733,1262938005,0,0,0
pp2204,20220218,20220218,112455000,11:24:55,8367,30251,120733,1262938005,0,0,0
pp2204,20220218,20220218,112455500,11:24:56,8367,30251,120733,1262938005,0,0,0
pp2204,20220218,20220218,112456000,11:24:56,8367,30251,120733,1262938005,0,0,0
pp2204,20220218,20220218,112456500,11:24:56,8367,30251,120733,1262938005,0,0,0
pp2204,20220218,20220218,112457000,11:24:57,8367,30251,120733,1262938005,0,0,0
pp2204,20220218,20220218,112457500,11:24:57,8367,30251,120733,1262938005,0,0,0
pp2204,20220218,20220218,112458000,11:24:58,8367,30251,120733,1262938005,0,0,0
pp2204,20220218,20220218,112458500,11:24:58,8367,30251,120733,1262938005,0,0,0
pp2204,20220218,20220218,112459000,11:24:59,8364,30255,120737,1263105285,4,4,167280
pp2204,20220218,20220218,112459500,11:24:59,8364,30255,120737,1263105285,0,0,0
pp2204,20220218,20220218,112500000,11:25:00,8364,30255,120737,1263105285,0,0,0
pp2204,20220218,20220218,112500500,11:25:01,8364,30255,120737,1263105285,0,0,0
pp2204,20220218,20220218,112501000,11:25:01,8364,30255,120737,1263105285,0,0,0
pp2204,20220218,20220218,112501500,11:25:04,8364,30255,120737,1263105285,0,0,0
pp2204,20220218,20220218,112502000,11:25:05,8364,30255,120737,1263105285,0,0,0
pp2204,20220218,20220218,112502500,11:25:06,8364,30255,120737,1263105285,0,0,0
pp2204,20220218,20220218,112504500,11:25:06,8364,30255,120737,1263105285,0,0,0
pp2204,20220218,20220218,112505000,11:25:06,8364,30255,120737,1263105285,0,0,0
pp2204,20220218,20220218,112505500,11:25:06,8364,30255,120737,1263105285,0,0,0
pp2204,20220218,20220218,112506000,11:25:06,8364,30255,120737,1263105285,0,0,0
pp2204,20220218,20220218,112506500,11:25:07,8364,30255,120737,1263105285,0,0,0
pp2204,20220218,20220218,112507000,11:25:07,8364,30255,120737,1263105285,0,0,0
pp2204,20220218,20220218,112508000,11:25:08,8364,30255,120737,1263105285,0,0,0
pp2204,20220218,20220218,112508500,11:25:08,8364,30255,120737,1263105285,0,0,0
pp2204,20220218,20220218,112509000,11:25:09,8364,30255,120737,1263105285,0,0,0
pp2204,20220218,20220218,112509500,11:25:09,8364,30255,120737,1263105285,0,0,0
pp2204,20220218,20220218,112510000,11:25:10,8364,30255,120737,1263105285,0,0,0
pp2204,20220218,20220218,112510500,11:25:10,8364,30255,120737,1263105285,0,0,0
pp2204,20220218,20220218,112511000,11:25:11,8364,30255,120737,1263105285,0,0,0
pp2204,20220218,20220218,112511500,11:25:11,8364,30255,120737,1263105285,0,0,0
pp2204,20220218,20220218,112512000,11:25:12,8364,30255,120737,1263105285,0,0,0
pp2204,20220218,20220218,112512500,11:25:12,8364,30255,120737,1263105285,0,0,0
pp2204,20220218,20220218,112513000,11:25:13,8364,30255,120737,1263105285,0,0,0
pp2204,20220218,20220218,112513500,11:25:15,8364,30255,120737,1263105285,0,0,0
pp2204,20220218,20220218,112514000,11:25:15,8364,30255,120737,1263105285,0,0,0
pp2204,20220218,20220218,112514500,11:25:15,8364,30255,120737,1263105285,0,0,0
pp2204,20220218,20220218,112515000,11:25:16,8364,30255,120737,1263105285,0,0,0
pp2204,20220218,20220218,112525000,11:25:25,8364,30255,120737,1263105285,0,0,0
pp2204,20220218,20220218,112526000,11:25:26,8364,30255,120737,1263105285,0,0,0
pp2204,20220218,20220218,112526500,11:25:27,8364,30255,120737,1263105285,0,0,0
pp2204,20220218,20220218,112528500,11:25:28,8367,30257,120739,1263188950,2,2,83665
pp2204,20220218,20220218,112529000,11:25:29,8366,30266,120738,1263565425,9,-1,376475
pp2204,20220218,20220218,112529500,11:25:30,8366,30266,120738,1263565425,0,0,0
pp2204,20220218,20220218,112530000,11:25:31,8365,30269,120738,1263690900,3,0,125475
pp2204,20220218,20220218,112530500,11:25:31,8365,30269,120738,1263690900,0,0,0
pp2204,20220218,20220218,112531000,11:25:31,8365,30269,120738,1263690900,0,0,0
pp2204,20220218,20220218,112531500,11:25:32,8365,30269,120738,1263690900,0,0,0
pp2204,20220218,20220218,112532000,11:25:32,8365,30269,120738,1263690900,0,0,0
pp2204,20220218,20220218,112532500,11:25:33,8365,30269,120738,1263690900,0,0,0
pp2204,20220218,20220218,112533000,11:25:33,8365,30269,120738,1263690900,0,0,0
pp2204,20220218,20220218,112533500,11:25:33,8365,30269,120738,1263690900,0,0,0
pp2204,20220218,20220218,112534000,11:25:34,8365,30269,120738,1263690900,0,0,0
pp2204,20220218,20220218,112534500,11:25:35,8365,30269,120738,1263690900,0,0,0
pp2204,20220218,20220218,112535000,11:25:36,8365,30269,120738,1263690900,0,0,0
pp2204,20220218,20220218,112535500,11:25:37,8365,30269,120738,1263690900,0,0,0
pp2204,20220218,20220218,112536000,11:25:37,8365,30269,120738,1263690900,0,0,0
pp2204,20220218,20220218,112536500,11:25:37,8365,30269,120738,1263690900,0,0,0
pp2204,20220218,20220218,112537000,11:25:38,8365,30269,120738,1263690900,0,0,0
pp2204,20220218,20220218,112537500,11:25:38,8365,30269,120738,1263690900,0,0,0
pp2204,20220218,20220218,112538000,11:25:38,8365,30269,120738,1263690900,0,0,0
pp2204,20220218,20220218,112538500,11:25:39,8365,30269,120738,1263690900,0,0,0
pp2204,20220218,20220218,112539000,11:25:39,8365,30269,120738,1263690900,0,0,0
pp2204,20220218,20220218,112539500,11:25:40,8365,30269,120738,1263690900,0,0,0
pp2204,20220218,20220218,112540000,11:25:40,8365,30269,120738,1263690900,0,0,0
pp2204,20220218,20220218,112540500,11:25:41,8365,30269,120738,1263690900,0,0,0
pp2204,20220218,20220218,112541000,11:25:41,8365,30269,120738,1263690900,0,0,0
pp2204,20220218,20220218,112541500,11:25:41,8365,30269,120738,1263690900,0,0,0
pp2204,20220218,20220218,112542000,11:25:42,8365,30269,120738,1263690900,0,0,0
pp2204,20220218,20220218,112542500,11:25:43,8365,30269,120738,1263690900,0,0,0
pp2204,20220218,20220218,112543000,11:25:43,8365,30269,120738,1263690900,0,0,0
pp2204,20220218,20220218,112543500,11:25:43,8365,30269,120738,1263690900,0,0,0
pp2204,20220218,20220218,112544000,11:25:44,8368,30278,120741,1264067460,9,3,376560
pp2204,20220218,20220218,112544500,11:25:44,8368,30278,120741,1264067460,0,0,0
pp2204,20220218,20220218,112545000,11:25:45,8368,30278,120741,1264067460,0,0,0
pp2204,20220218,20220218,112545500,11:25:46,8368,30278,120741,1264067460,0,0,0
pp2204,20220218,20220218,112546000,11:25:47,8368,30278,120741,1264067460,0,0,0
pp2204,20220218,20220218,112546500,11:25:47,8368,30278,120741,1264067460,0,0,0
pp2204,20220218,20220218,112547000,11:25:48,8368,30278,120741,1264067460,0,0,0
pp2204,20220218,20220218,112547500,11:25:48,8368,30278,120741,1264067460,0,0,0
pp2204,20220218,20220218,112548000,11:25:48,8368,30278,120741,1264067460,0,0,0
pp2204,20220218,20220218,112548500,11:25:48,8368,30278,120741,1264067460,0,0,0
pp2204,20220218,20220218,112549000,11:25:49,8368,30278,120741,1264067460,0,0,0
pp2204,20220218,20220218,112549500,11:25:49,8368,30278,120741,1264067460,0,0,0
pp2204,20220218,20220218,112550000,11:25:50,8368,30278,120741,1264067460,0,0,0
pp2204,20220218,20220218,112550500,11:25:51,8368,30278,120741,1264067460,0,0,0
pp2204,20220218,20220218,112551000,11:25:51,8368,30278,120741,1264067460,0,0,0
pp2204,20220218,20220218,112551500,11:25:51,8368,30278,120741,1264067460,0,0,0
pp2204,20220218,20220218,112552000,11:25:52,8368,30278,120741,1264067460,0,0,0
pp2204,20220218,20220218,112552500,11:25:52,8368,30278,120741,1264067460,0,0,0
pp2204,20220218,20220218,112553000,11:25:53,8368,30278,120741,1264067460,0,0,0
pp2204,20220218,20220218,112553500,11:25:54,8368,30278,120741,1264067460,0,0,0
pp2204,20220218,20220218,112554000,11:25:54,8368,30278,120741,1264067460,0,0,0
pp2204,20220218,20220218,112554500,11:25:55,8368,30278,120741,1264067460,0,0,0
pp2204,20220218,20220218,112555000,11:25:55,8368,30278,120741,1264067460,0,0,0
pp2204,20220218,20220218,112555500,11:25:56,8368,30278,120741,1264067460,0,0,0
pp2204,20220218,20220218,112556000,11:25:57,8368,30278,120741,1264067460,0,0,0
pp2204,20220218,20220218,112556500,11:25:57,8368,30278,120741,1264067460,0,0,0
pp2204,20220218,20220218,112557000,11:25:57,8368,30283,120740,1264276660,5,-1,209200
pp2204,20220218,20220218,112557500,11:25:57,8368,30283,120740,1264276660,0,0,0
pp2204,20220218,20220218,112558000,11:25:59,8368,30283,120740,1264276660,0,0,0
pp2204,20220218,20220218,112558500,11:25:59,8368,30283,120740,1264276660,0,0,0
pp2204,20220218,20220218,112559000,11:26:00,8368,30283,120740,1264276660,0,0,0
pp2204,20220218,20220218,112559500,11:26:00,8368,30283,120740,1264276660,0,0,0
pp2204,20220218,20220218,112600000,11:26:00,8368,30283,120740,1264276660,0,0,0
pp2204,20220218,20220218,112600500,11:26:01,8368,30283,120740,1264276660,0,0,0
pp2204,20220218,20220218,112601000,11:26:01,8368,30283,120740,1264276660,0,0,0
pp2204,20220218,20220218,112601500,11:26:03,8368,30283,120740,1264276660,0,0,0
pp2204,20220218,20220218,112602000,11:26:03,8368,30283,120740,1264276660,0,0,0
pp2204,20220218,20220218,112602500,11:26:03,8368,30283,120740,1264276660,0,0,0
pp2204,20220218,20220218,112603000,11:26:03,8368,30283,120740,1264276660,0,0,0
pp2204,20220218,20220218,112603500,11:26:03,8371,30288,120741,1264485935,5,1,209275
pp2204,20220218,20220218,112604000,11:26:05,8371,30292,120737,1264653355,4,-4,167420
pp2204,20220218,20220218,112604500,11:26:05,8371,30295,120737,1264778920,3,0,125565
pp2204,20220218,20220218,112605000,11:26:05,8371,30295,120737,1264778920,0,0,0
pp2204,20220218,20220218,112605500,11:26:06,8371,30295,120737,1264778920,0,0,0
pp2204,20220218,20220218,112606000,11:26:06,8373,30308,120737,1265323165,13,0,544245
pp2204,20220218,20220218,112606500,11:26:07,8373,30308,120737,1265323165,0,0,0
pp2204,20220218,20220218,112607000,11:26:09,8371,30354,120735,1267248540,46,-2,1925375
pp2204,20220218,20220218,112607500,11:26:09,8371,30358,120738,1267415960,4,3,167420
pp2204,20220218,20220218,112609000,11:26:10,8371,30358,120738,1267415960,0,0,0
pp2204,20220218,20220218,112609500,11:26:10,8371,30358,120738,1267415960,0,0,0
pp2204,20220218,20220218,112610000,11:26:10,8371,30358,120738,1267415960,0,0,0
pp2204,20220218,20220218,112610500,11:26:11,8371,30358,120738,1267415960,0,0,0
pp2204,20220218,20220218,112611000,11:26:11,8371,30358,120738,1267415960,0,0,0
pp2204,20220218,20220218,112611500,11:26:13,8370,30385,120741,1268545965,27,3,1130005
pp2204,20220218,20220218,112612000,11:26:14,8370,30416,120752,1269843315,31,11,1297350
pp2204,20220218,20220218,112612500,11:26:14,8370,30420,120752,1270010715,4,0,167400
pp2204,20220218,20220218,112613000,11:26:15,8370,30424,120752,1270178115,4,0,167400
pp2204,20220218,20220218,112613500,11:26:15,8370,30424,120752,1270178115,0,0,0
pp2204,20220218,20220218,112614000,11:26:15,8370,30424,120752,1270178115,0,0,0
pp2204,20220218,20220218,112614500,11:26:16,8370,30424,120752,1270178115,0,0,0
pp2204,20220218,20220218,112615000,11:26:16,8370,30424,120752,1270178115,0,0,0
pp2204,20220218,20220218,112615500,11:26:16,8370,30424,120752,1270178115,0,0,0
pp2204,20220218,20220218,112616000,11:26:16,8370,30424,120752,1270178115,0,0,0
pp2204,20220218,20220218,112616500,11:26:17,8370,30424,120752,1270178115,0,0,0
pp2204,20220218,20220218,112617000,11:26:17,8370,30424,120752,1270178115,0,0,0
pp2204,20220218,20220218,112617500,11:26:17,8370,30424,120752,1270178115,0,0,0
pp2204,20220218,20220218,112618000,11:26:18,8370,30424,120752,1270178115,0,0,0
pp2204,20220218,20220218,112618500,11:26:18,8370,30424,120752,1270178115,0,0,0
pp2204,20220218,20220218,112619000,11:26:19,8370,30424,120752,1270178115,0,0,0
pp2204,20220218,20220218,112619500,11:26:20,8370,30424,120752,1270178115,0,0,0
pp2204,20220218,20220218,112620000,11:26:20,8370,30424,120752,1270178115,0,0,0
pp2204,20220218,20220218,112620500,11:26:20,8370,30424,120752,1270178115,0,0,0
pp2204,20220218,20220218,112621000,11:26:21,8370,30424,120752,1270178115,0,0,0
pp2204,20220218,20220218,112621500,11:26:21,8370,30424,120752,1270178115,0,0,0
pp2204,20220218,20220218,112622000,11:26:22,8370,30424,120752,1270178115,0,0,0
pp2204,20220218,20220218,112622500,11:26:22,8367,30426,120753,1270261785,2,1,83670
pp2204,20220218,20220218,112623000,11:26:23,8367,30426,120753,1270261785,0,0,0
pp2204,20220218,20220218,112623500,11:26:23,8367,30426,120753,1270261785,0,0,0
pp2204,20220218,20220218,112624000,11:26:24,8367,30426,120753,1270261785,0,0,0
pp2204,20220218,20220218,112624500,11:26:24,8367,30426,120753,1270261785,0,0,0
pp2204,20220218,20220218,112625000,11:26:25,8367,30426,120753,1270261785,0,0,0
pp2204,20220218,20220218,112625500,11:26:25,8367,30426,120753,1270261785,0,0,0
pp2204,20220218,20220218,112626000,11:26:26,8367,30426,120753,1270261785,0,0,0
pp2204,20220218,20220218,112626500,11:26:26,8366,30429,120753,1270387275,3,0,125490
pp2204,20220218,20220218,112627000,11:26:27,8366,30429,120753,1270387275,0,0,0
pp2204,20220218,20220218,112627500,11:26:27,8366,30429,120753,1270387275,0,0,0
pp2204,20220218,20220218,112628000,11:26:28,8366,30429,120753,1270387275,0,0,0
pp2204,20220218,20220218,112628500,11:26:28,8366,30429,120753,1270387275,0,0,0
pp2204,20220218,20220218,112629000,11:26:29,8366,30429,120753,1270387275,0,0,0
pp2204,20220218,20220218,112629500,11:26:30,8366,30429,120753,1270387275,0,0,0
pp2204,20220218,20220218,112630000,11:26:31,8366,30429,120753,1270387275,0,0,0
pp2204,20220218,20220218,112630500,11:26:31,8366,30429,120753,1270387275,0,0,0
pp2204,20220218,20220218,112631000,11:26:31,8366,30429,120753,1270387275,0,0,0
pp2204,20220218,20220218,112631500,11:26:32,8366,30429,120753,1270387275,0,0,0
pp2204,20220218,20220218,112632000,11:26:32,8366,30429,120753,1270387275,0,0,0
pp2204,20220218,20220218,112632500,11:26:32,8366,30429,120753,1270387275,0,0,0
pp2204,20220218,20220218,112633000,11:26:33,8366,30429,120753,1270387275,0,0,0
pp2204,20220218,20220218,112633500,11:26:34,8366,30429,120753,1270387275,0,0,0
pp2204,20220218,20220218,112634000,11:26:35,8366,30429,120753,1270387275,0,0,0
pp2204,20220218,20220218,112634500,11:26:37,8366,30429,120753,1270387275,0,0,0
pp2204,20220218,20220218,112635000,11:26:37,8367,30433,120753,1270554615,4,0,167340
pp2204,20220218,20220218,112635500,11:26:38,8367,30433,120753,1270554615,0,0,0
pp2204,20220218,20220218,112636000,11:26:38,8368,30440,120760,1270847495,7,7,292880
pp2204,20220218,20220218,112637000,11:26:54,8368,30440,120760,1270847495,0,0,0
pp2204,20220218,20220218,112637500,11:26:54,8368,30440,120760,1270847495,0,0,0
pp2204,20220218,20220218,112638000,11:27:10,8368,30440,120760,1270847495,0,0,0
pp2204,20220218,20220218,112638500,11:27:10,8368,30440,120760,1270847495,0,0,0
pp2204,20220218,20220218,112653500,11:27:11,8368,30440,120760,1270847495,0,0,0
pp2204,20220218,20220218,112710000,11:27:12,8368,30440,120760,1270847495,0,0,0
pp2204,20220218,20220218,112710500,11:27:12,8368,30440,120760,1270847495,0,0,0
pp2204,20220218,20220218,112712000,11:27:13,8368,30440,120760,1270847495,0,0,0
pp2204,20220218,20220218,112712500,11:27:13,8368,30440,120760,1270847495,0,0,0
pp2204,20220218,20220218,112713000,11:27:14,8368,30440,120760,1270847495,0,0,0
pp2204,20220218,20220218,112713500,11:27:14,8368,30440,120760,1270847495,0,0,0
pp2204,20220218,20220218,112714000,11:27:15,8368,30440,120760,1270847495,0,0,0
pp2204,20220218,20220218,112714500,11:27:15,8368,30440,120760,1270847495,0,0,0
pp2204,20220218,20220218,112715000,11:27:16,8368,30440,120760,1270847495,0,0,0
pp2204,20220218,20220218,112715500,11:27:16,8368,30496,120766,1273190375,56,6,2342880
pp2204,20220218,20220218,112716000,11:27:17,8368,30496,120766,1273190375,0,0,0
pp2204,20220218,20220218,112716500,11:27:17,8368,30496,120766,1273190375,0,0,0
pp2204,20220218,20220218,112717000,11:27:17,8368,30496,120766,1273190375,0,0,0
pp2204,20220218,20220218,112717500,11:27:17,8368,30496,120766,1273190375,0,0,0
pp2204,20220218,20220218,112718000,11:27:18,8368,30496,120766,1273190375,0,0,0
pp2204,20220218,20220218,112718500,11:27:19,8368,30496,120766,1273190375,0,0,0
pp2204,20220218,20220218,112719000,11:27:19,8368,30496,120766,1273190375,0,0,0
pp2204,20220218,20220218,112719500,11:27:20,8368,30496,120766,1273190375,0,0,0
pp2204,20220218,20220218,112720000,11:27:20,8368,30496,120766,1273190375,0,0,0
pp2204,20220218,20220218,112720500,11:27:21,8368,30496,120766,1273190375,0,0,0
pp2204,20220218,20220218,112721000,11:27:21,8368,30496,120766,1273190375,0,0,0
pp2204,20220218,20220218,112721500,11:27:22,8368,30496,120766,1273190375,0,0,0
pp2204,20220218,20220218,112722000,11:27:22,8368,30496,120766,1273190375,0,0,0
pp2204,20220218,20220218,112722500,11:27:22,8368,30496,120766,1273190375,0,0,0
pp2204,20220218,20220218,112723000,11:27:26,8368,30496,120766,1273190375,0,0,0
pp2204,20220218,20220218,112723500,11:27:27,8368,30496,120766,1273190375,0,0,0
pp2204,20220218,20220218,112724000,11:27:27,8368,30496,120766,1273190375,0,0,0
pp2204,20220218,20220218,112726500,11:27:27,8368,30496,120766,1273190375,0,0,0
pp2204,20220218,20220218,112727000,11:27:27,8368,30496,120766,1273190375,0,0,0
pp2204,20220218,20220218,112727500,11:27:27,8368,30496,120766,1273190375,0,0,0
pp2204,20220218,20220218,112728000,11:27:28,8368,30496,120766,1273190375,0,0,0
pp2204,20220218,20220218,112728500,11:27:28,8367,30606,120656,1277792225,110,-110,4601850
pp2204,20220218,20220218,112729000,11:27:29,8367,30606,120656,1277792225,0,0,0
pp2204,20220218,20220218,112729500,11:27:29,8367,30606,120656,1277792225,0,0,0
pp2204,20220218,20220218,112730000,11:27:30,8367,30606,120656,1277792225,0,0,0
pp2204,20220218,20220218,112730500,11:27:31,8367,30606,120656,1277792225,0,0,0
pp2204,20220218,20220218,112731000,11:27:33,8367,30606,120656,1277792225,0,0,0
pp2204,20220218,20220218,112731500,11:27:35,8367,30606,120656,1277792225,0,0,0
pp2204,20220218,20220218,112732000,11:27:36,8367,30606,120656,1277792225,0,0,0
pp2204,20220218,20220218,112732500,11:27:36,8367,30606,120656,1277792225,0,0,0
pp2204,20220218,20220218,112735500,11:27:36,8367,30606,120656,1277792225,0,0,0
pp2204,20220218,20220218,112736000,11:27:37,8367,30606,120656,1277792225,0,0,0
pp2204,20220218,20220218,112736500,11:27:38,8367,30606,120656,1277792225,0,0,0
pp2204,20220218,20220218,112737000,11:27:38,8367,30606,120656,1277792225,0,0,0
pp2204,20220218,20220218,112737500,11:27:38,8367,30606,120656,1277792225,0,0,0
pp2204,20220218,20220218,112738000,11:27:39,8367,30606,120656,1277792225,0,0,0
pp2204,20220218,20220218,112738500,11:27:39,8367,30606,120656,1277792225,0,0,0
pp2204,20220218,20220218,112741000,11:27:41,8367,30606,120656,1277792225,0,0,0
pp2204,20220218,20220218,112741500,11:27:42,8365,30608,120654,1277875875,2,-2,83650
pp2204,20220218,20220218,112742000,11:27:42,8365,30608,120654,1277875875,0,0,0
pp2204,20220218,20220218,112742500,11:27:43,8365,30608,120654,1277875875,0,0,0
pp2204,20220218,20220218,112743000,11:27:43,8365,30608,120654,1277875875,0,0,0
pp2204,20220218,20220218,112743500,11:27:43,8365,30608,120654,1277875875,0,0,0
pp2204,20220218,20220218,112744000,11:27:44,8365,30608,120654,1277875875,0,0,0
pp2204,20220218,20220218,112744500,11:27:45,8365,30608,120654,1277875875,0,0,0
pp2204,20220218,20220218,112745000,11:27:45,8365,30608,120654,1277875875,0,0,0
pp2204,20220218,20220218,112745500,11:27:46,8365,30608,120654,1277875875,0,0,0
pp2204,20220218,20220218,112746000,11:27:46,8365,30608,120654,1277875875,0,0,0
pp2204,20220218,20220218,112746500,11:27:47,8365,30608,120654,1277875875,0,0,0
pp2204,20220218,20220218,112747000,11:27:47,8365,30608,120654,1277875875,0,0,0
pp2204,20220218,20220218,112747500,11:27:47,8365,30608,120654,1277875875,0,0,0
pp2204,20220218,20220218,112748000,11:27:53,8365,30608,120654,1277875875,0,0,0
pp2204,20220218,20220218,112748500,11:27:54,8365,30608,120654,1277875875,0,0,0
pp2204,20220218,20220218,112749000,11:27:54,8365,30608,120654,1277875875,0,0,0
pp2204,20220218,20220218,112749500,11:27:54,8365,30608,120654,1277875875,0,0,0
pp2204,20220218,20220218,112754000,11:27:54,8365,30608,120654,1277875875,0,0,0
pp2204,20220218,20220218,112754500,11:27:54,8365,30608,120654,1277875875,0,0,0
pp2204,20220218,20220218,112755000,11:27:55,8365,30608,120654,1277875875,0,0,0
pp2204,20220218,20220218,112755500,11:27:55,8365,30608,120654,1277875875,0,0,0
pp2204,20220218,20220218,112756000,11:27:56,8365,30608,120654,1277875875,0,0,0
pp2204,20220218,20220218,112756500,11:27:56,8365,30608,120654,1277875875,0,0,0
pp2204,20220218,20220218,112757000,11:27:57,8365,30608,120654,1277875875,0,0,0
pp2204,20220218,20220218,112757500,11:27:57,8365,30608,120654,1277875875,0,0,0
pp2204,20220218,20220218,112758000,11:27:58,8365,30608,120654,1277875875,0,0,0
pp2204,20220218,20220218,112758500,11:27:59,8365,30608,120654,1277875875,0,0,0
pp2204,20220218,20220218,112759000,11:27:59,8365,30608,120654,1277875875,0,0,0
pp2204,20220218,20220218,112759500,11:27:59,8365,30608,120654,1277875875,0,0,0
pp2204,20220218,20220218,112800000,11:28:00,8365,30608,120654,1277875875,0,0,0
pp2204,20220218,20220218,112800500,11:28:01,8365,30611,120657,1278001350,3,3,125475
pp2204,20220218,20220218,112801000,11:28:01,8365,30611,120657,1278001350,0,0,0
pp2204,20220218,20220218,112801500,11:28:02,8365,30611,120657,1278001350,0,0,0
pp2204,20220218,20220218,112802000,11:28:03,8368,30612,120657,1278043190,1,0,41840
pp2204,20220218,20220218,112802500,11:28:03,8368,30612,120657,1278043190,0,0,0
pp2204,20220218,20220218,112803000,11:28:04,8367,30613,120657,1278085025,1,0,41835
pp2204,20220218,20220218,112803500,11:28:04,8367,30615,120657,1278168695,2,0,83670
pp2204,20220218,20220218,112804000,11:28:04,8367,30615,120657,1278168695,0,0,0
pp2204,20220218,20220218,112804500,11:28:05,8367,30615,120657,1278168695,0,0,0
pp2204,20220218,20220218,112805000,11:28:06,8367,30615,120657,1278168695,0,0,0
pp2204,20220218,20220218,112805500,11:28:06,8367,30615,120657,1278168695,0,0,0
pp2204,20220218,20220218,112806000,11:28:10,8367,30615,120657,1278168695,0,0,0
pp2204,20220218,20220218,112806500,11:28:10,8367,30615,120657,1278168695,0,0,0
pp2204,20220218,20220218,112807000,11:28:10,8367,30615,120657,1278168695,0,0,0
pp2204,20220218,20220218,112807500,11:28:11,8367,30615,120657,1278168695,0,0,0
pp2204,20220218,20220218,112810000,11:28:11,8367,30615,120657,1278168695,0,0,0
pp2204,20220218,20220218,112810500,11:28:12,8367,30615,120657,1278168695,0,0,0
pp2204,20220218,20220218,112811000,11:28:12,8367,30615,120657,1278168695,0,0,0
pp2204,20220218,20220218,112811500,11:28:12,8367,30615,120657,1278168695,0,0,0
pp2204,20220218,20220218,112812000,11:28:13,8367,30615,120657,1278168695,0,0,0
pp2204,20220218,20220218,112812500,11:28:13,8367,30615,120657,1278168695,0,0,0
pp2204,20220218,20220218,112813000,11:28:13,8367,30615,120657,1278168695,0,0,0
pp2204,20220218,20220218,112813500,11:28:14,8367,30615,120657,1278168695,0,0,0
pp2204,20220218,20220218,112814000,11:28:14,8367,30615,120657,1278168695,0,0,0
pp2204,20220218,20220218,112817500,11:28:17,8367,30623,120657,1278503390,8,0,334695
pp2204,20220218,20220218,112818000,11:28:18,8367,30623,120657,1278503390,0,0,0
pp2204,20220218,20220218,112818500,11:28:18,8366,30629,120661,1278754370,6,4,250980
pp2204,20220218,20220218,112819000,11:28:19,8366,30630,120661,1278796200,1,0,41830
pp2204,20220218,20220218,112819500,11:28:19,8366,30630,120661,1278796200,0,0,0
pp2204,20220218,20220218,112820000,11:28:20,8366,30630,120661,1278796200,0,0,0
pp2204,20220218,20220218,112820500,11:28:20,8366,30630,120661,1278796200,0,0,0
pp2204,20220218,20220218,112821000,11:28:21,8366,30630,120661,1278796200,0,0,0
pp2204,20220218,20220218,112821500,11:28:22,8366,30630,120661,1278796200,0,0,0
pp2204,20220218,20220218,112822000,11:28:22,8366,30630,120661,1278796200,0,0,0
pp2204,20220218,20220218,112822500,11:28:22,8366,30630,120661,1278796200,0,0,0
pp2204,20220218,20220218,112823000,11:28:23,8366,30630,120661,1278796200,0,0,0
pp2204,20220218,20220218,112823500,11:28:24,8366,30630,120661,1278796200,0,0,0
pp2204,20220218,20220218,112824000,11:28:24,8366,30630,120661,1278796200,0,0,0
pp2204,20220218,20220218,112824500,11:28:25,8366,30630,120661,1278796200,0,0,0
pp2204,20220218,20220218,112825000,11:28:25,8366,30634,120661,1278963520,4,0,167320
pp2204,20220218,20220218,112825500,11:28:25,8366,30634,120661,1278963520,0,0,0
pp2204,20220218,20220218,112826000,11:28:26,8366,30634,120661,1278963520,0,0,0
pp2204,20220218,20220218,112826500,11:28:27,8366,30634,120661,1278963520,0,0,0
pp2204,20220218,20220218,112827500,11:28:27,8366,30638,120661,1279130840,4,0,167320
pp2204,20220218,20220218,112828000,11:28:28,8366,30638,120661,1279130840,0,0,0
pp2204,20220218,20220218,112828500,11:28:28,8366,30638,120661,1279130840,0,0,0
pp2204,20220218,20220218,112829000,11:28:29,8364,30648,120666,1279549040,10,5,418200
pp2204,20220218,20220218,112829500,11:28:29,8364,30666,120675,1280301800,18,9,752760
pp2204,20220218,20220218,112830000,11:28:30,8364,30674,120675,1280636360,8,0,334560
pp2204,20220218,20220218,112830500,11:28:31,8364,30674,120675,1280636360,0,0,0
pp2204,20220218,20220218,112831000,11:28:31,8364,30674,120675,1280636360,0,0,0
pp2204,20220218,20220218,112831500,11:28:31,8364,30674,120675,1280636360,0,0,0
pp2204,20220218,20220218,112832000,11:28:33,8363,30686,120670,1281138140,12,-5,501780
pp2204,20220218,20220218,112832500,11:28:33,8363,30686,120670,1281138140,0,0,0
pp2204,20220218,20220218,112833000,11:28:33,8363,30686,120670,1281138140,0,0,0
pp2204,20220218,20220218,112833500,11:28:33,8363,30686,120670,1281138140,0,0,0
pp2204,20220218,20220218,112834000,11:28:34,8363,30686,120670,1281138140,0,0,0
pp2204,20220218,20220218,112834500,11:28:34,8363,30686,120670,1281138140,0,0,0
pp2204,20220218,20220218,112835000,11:28:35,8363,30686,120670,1281138140,0,0,0
pp2204,20220218,20220218,112835500,11:28:36,8363,30686,120670,1281138140,0,0,0
pp2204,20220218,20220218,112836000,11:28:37,8363,30686,120670,1281138140,0,0,0
pp2204,20220218,20220218,112836500,11:28:37,8363,30686,120670,1281138140,0,0,0
pp2204,20220218,20220218,112837000,11:28:37,8363,30686,120670,1281138140,0,0,0
pp2204,20220218,20220218,112837500,11:28:38,8363,30686,120670,1281138140,0,0,0
pp2204,20220218,20220218,112838000,11:28:38,8363,30686,120670,1281138140,0,0,0
pp2204,20220218,20220218,112839500,11:28:40,8363,30686,120670,1281138140,0,0,0
pp2204,20220218,20220218,112840000,11:28:40,8363,30686,120670,1281138140,0,0,0
pp2204,20220218,20220218,112840500,11:28:40,8363,30686,120670,1281138140,0,0,0
pp2204,20220218,20220218,112841000,11:28:41,8363,30686,120670,1281138140,0,0,0
pp2204,20220218,20220218,112841500,11:28:41,8363,30686,120670,1281138140,0,0,0
pp2204,20220218,20220218,112842000,11:28:42,8363,30686,120670,1281138140,0,0,0
pp2204,20220218,20220218,112842500,11:28:43,8363,30686,120670,1281138140,0,0,0
pp2204,20220218,20220218,112843000,11:28:43,8363,30686,120670,1281138140,0,0,0
pp2204,20220218,20220218,112843500,11:28:44,8363,30686,120670,1281138140,0,0,0
pp2204,20220218,20220218,112844000,11:28:44,8363,30686,120670,1281138140,0,0,0
pp2204,20220218,20220218,112844500,11:28:44,8364,30687,120670,1281179960,1,0,41820
pp2204,20220218,20220218,112845000,11:28:45,8364,30687,120670,1281179960,0,0,0
pp2204,20220218,20220218,112845500,11:28:45,8364,30687,120670,1281179960,0,0,0
pp2204,20220218,20220218,112846000,11:28:46,8364,30687,120670,1281179960,0,0,0
pp2204,20220218,20220218,112846500,11:28:46,8364,30687,120670,1281179960,0,0,0
pp2204,20220218,20220218,112847000,11:28:47,8364,30687,120670,1281179960,0,0,0
pp2204,20220218,20220218,112847500,11:28:48,8364,30687,120670,1281179960,0,0,0
pp2204,20220218,20220218,112848000,11:28:48,8364,30687,120670,1281179960,0,0,0
pp2204,20220218,20220218,112848500,11:28:48,8364,30687,120670,1281179960,0,0,0
pp2204,20220218,20220218,112849000,11:28:49,8364,30687,120670,1281179960,0,0,0
pp2204,20220218,20220218,112849500,11:28:50,8364,30687,120670,1281179960,0,0,0
pp2204,20220218,20220218,112850000,11:28:50,8364,30687,120670,1281179960,0,0,0
pp2204,20220218,20220218,112850500,11:28:50,8364,30687,120670,1281179960,0,0,0
pp2204,20220218,20220218,112851000,11:28:51,8364,30687,120670,1281179960,0,0,0
pp2204,20220218,20220218,112853500,11:28:54,8364,30687,120670,1281179960,0,0,0
pp2204,20220218,20220218,112854000,11:28:54,8364,30687,120670,1281179960,0,0,0
pp2204,20220218,20220218,112854500,11:28:54,8364,30687,120670,1281179960,0,0,0
pp2204,20220218,20220218,112855000,11:28:55,8364,30687,120670,1281179960,0,0,0
pp2204,20220218,20220218,112855500,11:28:56,8364,30687,120670,1281179960,0,0,0
pp2204,20220218,20220218,112856000,11:28:56,8364,30687,120670,1281179960,0,0,0
pp2204,20220218,20220218,112856500,11:28:56,8364,30687,120670,1281179960,0,0,0
pp2204,20220218,20220218,112857000,11:28:57,8364,30687,120670,1281179960,0,0,0
pp2204,20220218,20220218,112857500,11:28:58,8364,30687,120670,1281179960,0,0,0
pp2204,20220218,20220218,112858000,11:28:58,8364,30687,120670,1281179960,0,0,0
pp2204,20220218,20220218,112858500,11:28:59,8364,30687,120670,1281179960,0,0,0
pp2204,20220218,20220218,112859000,11:28:59,8364,30687,120670,1281179960,0,0,0
pp2204,20220218,20220218,112859500,11:29:00,8364,30687,120670,1281179960,0,0,0
pp2204,20220218,20220218,112900000,11:29:00,8364,30687,120670,1281179960,0,0,0
pp2204,20220218,20220218,112900500,11:29:01,8364,30687,120670,1281179960,0,0,0
pp2204,20220218,20220218,112901500,11:29:01,8364,30687,120670,1281179960,0,0,0
pp2204,20220218,20220218,112902000,11:29:02,8365,30692,120669,1281389085,5,-1,209125
pp2204,20220218,20220218,112902500,11:29:03,8365,30692,120669,1281389085,0,0,0
pp2204,20220218,20220218,112903000,11:29:03,8365,30692,120669,1281389085,0,0,0
pp2204,20220218,20220218,112903500,11:29:04,8365,30692,120669,1281389085,0,0,0
pp2204,20220218,20220218,112904000,11:29:04,8365,30692,120669,1281389085,0,0,0
pp2204,20220218,20220218,112904500,11:29:04,8365,30692,120669,1281389085,0,0,0
pp2204,20220218,20220218,112905000,11:29:05,8365,30692,120669,1281389085,0,0,0
pp2204,20220218,20220218,112905500,11:29:06,8365,30692,120669,1281389085,0,0,0
pp2204,20220218,20220218,112906000,11:29:06,8365,30692,120669,1281389085,0,0,0
pp2204,20220218,20220218,112906500,11:29:06,8362,30707,120666,1282016235,15,-3,627150
pp2204,20220218,20220218,112907000,11:29:07,8362,30710,120669,1282141665,3,3,125430
pp2204,20220218,20220218,112907500,11:29:08,8362,30710,120669,1282141665,0,0,0
pp2204,20220218,20220218,112908000,11:29:08,8362,30710,120669,1282141665,0,0,0
pp2204,20220218,20220218,112909000,11:29:09,8362,30710,120669,1282141665,0,0,0
pp2204,20220218,20220218,112910500,11:29:10,8362,30710,120669,1282141665,0,0,0
pp2204,20220218,20220218,112914000,11:29:14,8362,30710,120669,1282141665,0,0,0
pp2204,20220218,20220218,112914500,11:29:15,8362,30710,120669,1282141665,0,0,0
pp2204,20220218,20220218,112915000,11:29:15,8362,30710,120669,1282141665,0,0,0
pp2204,20220218,20220218,112915500,11:29:16,8362,30710,120669,1282141665,0,0,0
pp2204,20220218,20220218,112916000,11:29:16,8360,30711,120669,1282183465,1,0,41800
pp2204,20220218,20220218,112916500,11:29:20,8360,30711,120669,1282183465,0,0,0
pp2204,20220218,20220218,112917000,11:29:20,8360,30711,120669,1282183465,0,0,0
pp2204,20220218,20220218,112920500,11:29:22,8360,30711,120669,1282183465,0,0,0
pp2204,20220218,20220218,112921000,11:29:22,8360,30711,120669,1282183465,0,0,0
pp2204,20220218,20220218,112921500,11:29:24,8360,30711,120669,1282183465,0,0,0
pp2204,20220218,20220218,112922500,11:29:24,8360,30711,120669,1282183465,0,0,0
pp2204,20220218,20220218,112926000,11:29:26,8360,30711,120669,1282183465,0,0,0
pp2204,20220218,20220218,112929000,11:29:29,8362,30714,120671,1282308895,3,2,125430
pp2204,20220218,20220218,112929500,11:29:29,8362,30714,120671,1282308895,0,0,0
pp2204,20220218,20220218,112932000,11:29:32,8362,30714,120671,1282308895,0,0,0
pp2204,20220218,20220218,112932500,11:29:37,8362,30714,120671,1282308895,0,0,0
pp2204,20220218,20220218,112933000,11:29:37,8362,30714,120671,1282308895,0,0,0
pp2204,20220218,20220218,112936500,11:29:38,8362,30714,120671,1282308895,0,0,0
pp2204,20220218,20220218,112937500,11:29:38,8362,30714,120671,1282308895,0,0,0
pp2204,20220218,20220218,112938000,11:29:38,8362,30714,120671,1282308895,0,0,0
pp2204,20220218,20220218,112938500,11:29:39,8362,30714,120671,1282308895,0,0,0
pp2204,20220218,20220218,112939500,11:29:40,8362,30714,120671,1282308895,0,0,0
pp2204,20220218,20220218,112940000,11:29:40,8362,30714,120671,1282308895,0,0,0
pp2204,20220218,20220218,112941000,11:29:41,8362,30714,120671,1282308895,0,0,0
pp2204,20220218,20220218,112945000,11:29:46,8362,30714,120671,1282308895,0,0,0
pp2204,20220218,20220218,112947500,11:29:48,8362,30714,120671,1282308895,0,0,0
pp2204,20220218,20220218,112948000,11:29:49,8362,30714,120671,1282308895,0,0,0
pp2204,20220218,20220218,112948500,11:29:50,8362,30714,120671,1282308895,0,0,0
pp2204,20220218,20220218,112949000,11:29:50,8362,30714,120671,1282308895,0,0,0
pp2204,20220218,20220218,112949500,11:29:50,8362,30714,120671,1282308895,0,0,0
pp2204,20220218,20220218,112950000,11:29:51,8362,30714,120671,1282308895,0,0,0
pp2204,20220218,20220218,112950500,11:29:52,8362,30714,120671,1282308895,0,0,0
pp2204,20220218,20220218,112951500,11:29:52,8362,30714,120671,1282308895,0,0,0
pp2204,20220218,20220218,112952000,11:29:53,8362,30714,120671,1282308895,0,0,0
pp2204,20220218,20220218,112952500,11:29:53,8362,30714,120671,1282308895,0,0,0
pp2204,20220218,20220218,112953000,11:29:53,8362,30714,120671,1282308895,0,0,0
pp2204,20220218,20220218,112953500,11:29:54,8362,30714,120671,1282308895,0,0,0
pp2204,20220218,20220218,112954000,11:29:54,8362,30714,120671,1282308895,0,0,0
pp2204,20220218,20220218,112954500,11:29:54,8362,30714,120671,1282308895,0,0,0
pp2204,20220218,20220218,112955000,11:29:55,8362,30714,120671,1282308895,0,0,0
pp2204,20220218,20220218,112955500,11:29:56,8362,30714,120671,1282308895,0,0,0
pp2204,20220218,20220218,112956000,11:30:00,8362,30714,120671,1282308895,0,0,0
pp2204,20220218,20220218,112957000,11:30:00,8362,30714,120671,1282308895,0,0,0
pp2204,20220218,20220218,112957500,11:30:02,8362,30714,120671,1282308895,0,0,0
pp2204,20220218,20220218,112959500,11:30:02,8364,30719,120672,1282517960,5,1,209065
pp2204,20220218,20220218,113001000,11:30:03,8364,30719,120672,1282517960,0,0,0
pp2204,20220218,20220218,113001500,11:30:03,8364,30719,120672,1282517960,0,0,0
pp2204,20220218,20220218,133001500,13:30:02,8364,30729,120675,1282936160,10,3,418200
pp2204,20220218,20220218,133002000,13:30:08,8364,30729,120675,1282936160,0,0,0
pp2204,20220218,20220218,133002500,13:30:09,8369,30743,120674,1283521925,14,-1,585765
pp2204,20220218,20220218,133008000,13:30:10,8369,30743,120674,1283521925,0,0,0
pp2204,20220218,20220218,133008500,13:30:10,8369,30743,120674,1283521925,0,0,0
pp2204,20220218,20220218,133009500,13:30:10,8369,30743,120674,1283521925,0,0,0
pp2204,20220218,20220218,133010000,13:30:11,8357,30773,120668,1284775995,30,-6,1254070
pp2204,20220218,20220218,133010500,13:30:12,8357,30773,120668,1284775995,0,0,0
pp2204,20220218,20220218,133011000,13:30:13,8356,30774,120667,1284817775,1,-1,41780
pp2204,20220218,20220218,133011500,13:30:13,8353,30775,120666,1284859540,1,-1,41765
pp2204,20220218,20220218,133012500,13:30:13,8353,30775,120666,1284859540,0,0,0
pp2204,20220218,20220218,133013000,13:30:13,8353,30775,120666,1284859540,0,0,0
pp2204,20220218,20220218,133013500,13:30:14,8353,30775,120666,1284859540,0,0,0
pp2204,20220218,20220218,133014000,13:30:16,8353,30775,120666,1284859540,0,0,0
pp2204,20220218,20220218,133016500,13:30:18,8353,30775,120666,1284859540,0,0,0
pp2204,20220218,20220218,133017000,13:30:18,8353,30775,120666,1284859540,0,0,0
pp2204,20220218,20220218,133017500,13:30:19,8353,30775,120666,1284859540,0,0,0
pp2204,20220218,20220218,133018000,13:30:19,8356,30777,120666,1284943100,2,0,83560
pp2204,20220218,20220218,133018500,13:30:20,8356,30777,120666,1284943100,0,0,0
pp2204,20220218,20220218,133019000,13:30:20,8356,30777,120666,1284943100,0,0,0
pp2204,20220218,20220218,133019500,13:30:21,8356,30777,120666,1284943100,0,0,0
pp2204,20220218,20220218,133020000,13:30:21,8356,30777,120666,1284943100,0,0,0
pp2204,20220218,20220218,133020500,13:30:21,8356,30777,120666,1284943100,0,0,0
pp2204,20220218,20220218,133021000,13:30:21,8356,30777,120666,1284943100,0,0,0
pp2204,20220218,20220218,133021500,13:30:22,8356,30777,120666,1284943100,0,0,0
pp2204,20220218,20220218,133022000,13:30:38,8356,30777,120666,1284943100,0,0,0
pp2204,20220218,20220218,133022500,13:30:38,8356,30777,120666,1284943100,0,0,0
pp2204,20220218,20220218,133023000,13:30:38,8359,30779,120666,1285026690,2,0,83590
pp2204,20220218,20220218,133038000,13:30:41,8359,30779,120666,1285026690,0,0,0
pp2204,20220218,20220218,133038500,13:30:42,8359,30779,120666,1285026690,0,0,0
pp2204,20220218,20220218,133040500,13:30:43,8365,30815,120674,1286532135,36,8,1505445
pp2204,20220218,20220218,133041000,13:30:43,8365,30819,120674,1286699435,4,0,167300
pp2204,20220218,20220218,133042000,13:30:44,8365,30819,120674,1286699435,0,0,0
pp2204,20220218,20220218,133042500,13:30:44,8365,30819,120674,1286699435,0,0,0
pp2204,20220218,20220218,133043000,13:30:44,8365,30819,120674,1286699435,0,0,0
pp2204,20220218,20220218,133043500,13:30:45,8365,30819,120674,1286699435,0,0,0
pp2204,20220218,20220218,133044000,13:30:46,8365,30819,120674,1286699435,0,0,0
pp2204,20220218,20220218,133044500,13:30:46,8365,30819,120674,1286699435,0,0,0
pp2204,20220218,20220218,133045500,13:30:46,8365,30819,120674,1286699435,0,0,0
pp2204,20220218,20220218,133046000,13:30:47,8365,30819,120674,1286699435,0,0,0
pp2204,20220218,20220218,133046500,13:30:47,8365,30819,120674,1286699435,0,0,0
pp2204,20220218,20220218,133047000,13:30:48,8366,30821,120673,1286783095,2,-1,83660
pp2204,20220218,20220218,133047500,13:30:48,8366,30821,120673,1286783095,0,0,0
pp2204,20220218,20220218,133048000,13:30:48,8366,30821,120673,1286783095,0,0,0
pp2204,20220218,20220218,133048500,13:30:49,8366,30821,120673,1286783095,0,0,0
pp2204,20220218,20220218,133049000,13:30:50,8366,30821,120673,1286783095,0,0,0
pp2204,20220218,20220218,133049500,13:30:50,8366,30821,120673,1286783095,0,0,0
pp2204,20220218,20220218,133050000,13:30:51,8366,30821,120673,1286783095,0,0,0
pp2204,20220218,20220218,133050500,13:30:52,8366,30821,120673,1286783095,0,0,0
pp2204,20220218,20220218,133051000,13:30:52,8366,30821,120673,1286783095,0,0,0
pp2204,20220218,20220218,133051500,13:30:52,8366,30821,120673,1286783095,0,0,0
pp2204,20220218,20220218,133052000,13:30:53,8366,30821,120673,1286783095,0,0,0
pp2204,20220218,20220218,133052500,13:30:54,8366,30821,120673,1286783095,0,0,0
pp2204,20220218,20220218,133053000,13:30:54,8366,30821,120673,1286783095,0,0,0
pp2204,20220218,20220218,133053500,13:30:54,8366,30821,120673,1286783095,0,0,0
pp2204,20220218,20220218,133054000,13:30:55,8366,30821,120673,1286783095,0,0,0
pp2204,20220218,20220218,133054500,13:30:55,8366,30821,120673,1286783095,0,0,0
pp2204,20220218,20220218,133055000,13:30:56,8366,30821,120673,1286783095,0,0,0
pp2204,20220218,20220218,133055500,13:30:56,8366,30821,120673,1286783095,0,0,0
pp2204,20220218,20220218,133056000,13:30:57,8366,30821,120673,1286783095,0,0,0
pp2204,20220218,20220218,133056500,13:30:57,8372,30824,120672,1286908675,3,-1,125580
pp2204,20220218,20220218,133057000,13:30:58,8372,30824,120672,1286908675,0,0,0
pp2204,20220218,20220218,133057500,13:30:58,8372,30824,120672,1286908675,0,0,0
pp2204,20220218,20220218,133058000,13:30:58,8372,30824,120672,1286908675,0,0,0
pp2204,20220218,20220218,133058500,13:30:59,8372,30824,120672,1286908675,0,0,0
pp2204,20220218,20220218,133059000,13:30:59,8372,30824,120672,1286908675,0,0,0
pp2204,20220218,20220218,133059500,13:31:00,8372,30824,120672,1286908675,0,0,0
pp2204,20220218,20220218,133100000,13:31:00,8372,30824,120672,1286908675,0,0,0
pp2204,20220218,20220218,133100500,13:31:00,8372,30824,120672,1286908675,0,0,0
pp2204,20220218,20220218,133101000,13:31:01,8372,30824,120672,1286908675,0,0,0
pp2204,20220218,20220218,133101500,13:31:01,8372,30824,120672,1286908675,0,0,0
pp2204,20220218,20220218,133102000,13:31:02,8372,30824,120672,1286908675,0,0,0
pp2204,20220218,20220218,133102500,13:31:03,8372,30824,120672,1286908675,0,0,0
pp2204,20220218,20220218,133103000,13:31:03,8372,30824,120672,1286908675,0,0,0
pp2204,20220218,20220218,133103500,13:31:05,8372,30824,120672,1286908675,0,0,0
pp2204,20220218,20220218,133104000,13:31:06,8372,30824,120672,1286908675,0,0,0
pp2204,20220218,20220218,133104500,13:31:07,8372,30824,120672,1286908675,0,0,0
pp2204,20220218,20220218,133105500,13:31:08,8377,30870,120648,1288834700,46,-24,1926025
pp2204,20220218,20220218,133106000,13:31:08,8377,30872,120650,1288918470,2,2,83770
pp2204,20220218,20220218,133107000,13:31:09,8377,30872,120650,1288918470,0,0,0
pp2204,20220218,20220218,133107500,13:31:09,8377,30872,120650,1288918470,0,0,0
pp2204,20220218,20220218,133108500,13:31:09,8377,30872,120650,1288918470,0,0,0
pp2204,20220218,20220218,133109500,13:31:10,8377,30872,120650,1288918470,0,0,0
pp2204,20220218,20220218,133110000,13:31:11,8377,30872,120650,1288918470,0,0,0
pp2204,20220218,20220218,133111000,13:31:12,8377,30872,120650,1288918470,0,0,0
pp2204,20220218,20220218,133111500,13:31:12,8377,30872,120650,1288918470,0,0,0
pp2204,20220218,20220218,133112000,13:31:12,8377,30872,120650,1288918470,0,0,0
pp2204,20220218,20220218,133112500,13:31:13,8377,30872,120650,1288918470,0,0,0
pp2204,20220218,20220218,133113000,13:31:13,8377,30872,120650,1288918470,0,0,0
pp2204,20220218,20220218,133113500,13:31:14,8377,30872,120650,1288918470,0,0,0
pp2204,20220218,20220218,133114000,13:31:15,8377,30872,120650,1288918470,0,0,0
pp2204,20220218,20220218,133114500,13:31:15,8377,30872,120650,1288918470,0,0,0
pp2204,20220218,20220218,133115000,13:31:15,8377,30872,120650,1288918470,0,0,0
pp2204,20220218,20220218,133115500,13:31:16,8377,30872,120650,1288918470,0,0,0
pp2204,20220218,20220218,133116000,13:31:16,8377,30872,120650,1288918470,0,0,0
pp2204,20220218,20220218,133117000,13:31:17,8377,30872,120650,1288918470,0,0,0
pp2204,20220218,20220218,133117500,13:31:18,8377,30872,120650,1288918470,0,0,0
pp2204,20220218,20220218,133118000,13:31:19,8377,30872,120650,1288918470,0,0,0
pp2204,20220218,20220218,133118500,13:31:19,8377,30872,120650,1288918470,0,0,0
pp2204,20220218,20220218,133119000,13:31:20,8378,30881,120645,1289295430,9,-5,376960
pp2204,20220218,20220218,133119500,13:31:20,8378,30885,120642,1289462990,4,-3,167560
pp2204,20220218,20220218,133120000,13:31:20,8378,30885,120642,1289462990,0,0,0
pp2204,20220218,20220218,133120500,13:31:21,8378,30889,120641,1289630550,4,-1,167560
pp2204,20220218,20220218,133121000,13:31:21,8377,30893,120639,1289798090,4,-2,167540
pp2204,20220218,20220218,133121500,13:31:22,8377,30893,120639,1289798090,0,0,0
pp2204,20220218,20220218,133122000,13:31:23,8377,30893,120639,1289798090,0,0,0
pp2204,20220218,20220218,133122500,13:31:23,8377,30897,120635,1289965630,4,-4,167540
pp2204,20220218,20220218,133123000,13:31:25,8377,30897,120635,1289965630,0,0,0
pp2204,20220218,20220218,133123500,13:31:25,8377,30897,120635,1289965630,0,0,0
pp2204,20220218,20220218,133124500,13:31:25,8374,30901,120631,1290133110,4,-4,167480
pp2204,20220218,20220218,133156000,13:31:56,8373,30903,120631,1290216840,2,0,83730
pp2204,20220218,20220218,133158500,13:31:58,8373,30903,120631,1290216840,0,0,0
pp2204,20220218,20220218,133159500,13:32:00,8373,30903,120631,1290216840,0,0,0
pp2204,20220218,20220218,133200500,13:32:01,8373,30903,120631,1290216840,0,0,0
pp2204,20220218,20220218,133201000,13:32:01,8373,30928,120616,1291263590,25,-15,1046750
pp2204,20220218,20220218,133201500,13:32:01,8374,30930,120617,1291347330,2,1,83740
pp2204,20220218,20220218,133202000,13:32:03,8374,30930,120617,1291347330,0,0,0
pp2204,20220218,20220218,133202500,13:32:04,8374,30930,120617,1291347330,0,0,0
pp2204,20220218,20220218,133203000,13:32:04,8374,30930,120617,1291347330,0,0,0
pp2204,20220218,20220218,133203500,13:32:05,8374,30930,120617,1291347330,0,0,0
pp2204,20220218,20220218,133205000,13:32:06,8371,30931,120616,1291389185,1,-1,41855
pp2204,20220218,20220218,133205500,13:32:06,8371,30931,120616,1291389185,0,0,0
pp2204,20220218,20220218,133206000,13:32:06,8370,30932,120615,1291431035,1,-1,41850
pp2204,20220218,20220218,133206500,13:32:07,8369,30934,120615,1291514725,2,0,83690
pp2204,20220218,20220218,133207000,13:32:07,8369,30934,120615,1291514725,0,0,0
pp2204,20220218,20220218,133207500,13:32:07,8369,30934,120615,1291514725,0,0,0
pp2204,20220218,20220218,133208000,13:32:09,8369,30934,120615,1291514725,0,0,0
pp2204,20220218,20220218,133208500,13:32:10,8369,30934,120615,1291514725,0,0,0
pp2204,20220218,20220218,133209000,13:32:10,8369,30934,120615,1291514725,0,0,0
pp2204,20220218,20220218,133209500,13:32:10,8368,30935,120614,1291556565,1,-1,41840
pp2204,20220218,20220218,133210000,13:32:11,8368,30935,120614,1291556565,0,0,0
pp2204,20220218,20220218,133210500,13:32:13,8367,30938,120612,1291682070,3,-2,125505
pp2204,20220218,20220218,133211000,13:32:14,8367,30938,120612,1291682070,0,0,0
pp2204,20220218,20220218,133213000,13:32:15,8367,30938,120612,1291682070,0,0,0
pp2204,20220218,20220218,133214000,13:32:15,8367,30938,120612,1291682070,0,0,0
pp2204,20220218,20220218,133215000,13:32:16,8367,30938,120612,1291682070,0,0,0
pp2204,20220218,20220218,133215500,13:32:16,8367,30938,120612,1291682070,0,0,0
pp2204,20220218,20220218,133216000,13:32:17,8367,30938,120612,1291682070,0,0,0
pp2204,20220218,20220218,133216500,13:32:17,8368,30946,120610,1292016750,8,-2,334680
pp2204,20220218,20220218,133217000,13:32:18,8368,30946,120610,1292016750,0,0,0
pp2204,20220218,20220218,133217500,13:32:18,8368,30946,120610,1292016750,0,0,0
pp2204,20220218,20220218,133218000,13:32:18,8367,30987,120593,1293732005,41,-17,1715255
pp2204,20220218,20220218,133218500,13:32:19,8367,30987,120593,1293732005,0,0,0
pp2204,20220218,20220218,133219000,13:32:20,8367,30987,120593,1293732005,0,0,0
pp2204,20220218,20220218,133219500,13:32:20,8365,30992,120597,1293941130,5,4,209125
pp2204,20220218,20220218,133220000,13:32:21,8366,31001,120601,1294317600,9,4,376470
pp2204,20220218,20220218,133220500,13:32:21,8366,31001,120601,1294317600,0,0,0
pp2204,20220218,20220218,133221000,13:32:21,8366,31001,120601,1294317600,0,0,0
pp2204,20220218,20220218,133221500,13:32:22,8367,31015,120602,1294903290,14,1,585690
pp2204,20220218,20220218,133222000,13:32:23,8367,31024,120605,1295279805,9,3,376515
pp2204,20220218,20220218,133222500,13:32:23,8368,31026,120604,1295363485,2,-1,83680
pp2204,20220218,20220218,133223000,13:32:24,8368,31026,120604,1295363485,0,0,0
pp2204,20220218,20220218,133223500,13:32:24,8368,31026,120604,1295363485,0,0,0
pp2204,20220218,20220218,133224000,13:32:24,8368,31026,120604,1295363485,0,0,0
pp2204,20220218,20220218,133224500,13:32:25,8368,31026,120604,1295363485,0,0,0
pp2204,20220218,20220218,133225000,13:32:25,8367,31030,120604,1295530825,4,0,167340
pp2204,20220218,20220218,133225500,13:32:26,8367,31030,120604,1295530825,0,0,0
pp2204,20220218,20220218,133226000,13:32:27,8367,31030,120604,1295530825,0,0,0
pp2204,20220218,20220218,133226500,13:32:27,8367,31030,120604,1295530825,0,0,0
pp2204,20220218,20220218,133227000,13:32:27,8367,31030,120604,1295530825,0,0,0
pp2204,20220218,20220218,133227500,13:32:31,8367,31030,120604,1295530825,0,0,0
pp2204,20220218,20220218,133228000,13:32:32,8367,31030,120604,1295530825,0,0,0
pp2204,20220218,20220218,133228500,13:32:32,8367,31030,120604,1295530825,0,0,0
pp2204,20220218,20220218,133229000,13:32:33,8367,31030,120604,1295530825,0,0,0
pp2204,20220218,20220218,133232000,13:32:35,8367,31030,120604,1295530825,0,0,0
pp2204,20220218,20220218,133234500,13:32:35,8367,31030,120604,1295530825,0,0,0
pp2204,20220218,20220218,133235000,13:32:36,8367,31030,120604,1295530825,0,0,0
pp2204,20220218,20220218,133235500,13:32:36,8366,31033,120605,1295656315,3,1,125490
pp2204,20220218,20220218,133236000,13:32:37,8366,31033,120605,1295656315,0,0,0
pp2204,20220218,20220218,133236500,13:32:37,8366,31033,120605,1295656315,0,0,0
pp2204,20220218,20220218,133237000,13:32:37,8366,31033,120605,1295656315,0,0,0
pp2204,20220218,20220218,133237500,13:32:38,8366,31033,120605,1295656315,0,0,0
pp2204,20220218,20220218,133238000,13:32:38,8366,31033,120605,1295656315,0,0,0
pp2204,20220218,20220218,133238500,13:32:39,8366,31033,120605,1295656315,0,0,0
pp2204,20220218,20220218,133239000,13:32:39,8366,31033,120605,1295656315,0,0,0
pp2204,20220218,20220218,133239500,13:32:40,8366,31033,120605,1295656315,0,0,0
pp2204,20220218,20220218,133240000,13:32:40,8366,31033,120605,1295656315,0,0,0
pp2204,20220218,20220218,133240500,13:32:40,8366,31033,120605,1295656315,0,0,0
pp2204,20220218,20220218,133241000,13:32:41,8366,31033,120605,1295656315,0,0,0
pp2204,20220218,20220218,133241500,13:32:42,8366,31033,120605,1295656315,0,0,0
pp2204,20220218,20220218,133242000,13:32:42,8366,31033,120605,1295656315,0,0,0
pp2204,20220218,20220218,133242500,13:32:42,8366,31033,120605,1295656315,0,0,0
pp2204,20220218,20220218,133243000,13:32:43,8366,31033,120605,1295656315,0,0,0
pp2204,20220218,20220218,133243500,13:32:43,8366,31033,120605,1295656315,0,0,0
pp2204,20220218,20220218,133244000,13:32:44,8366,31033,120605,1295656315,0,0,0
pp2204,20220218,20220218,133244500,13:32:45,8366,31033,120605,1295656315,0,0,0
pp2204,20220218,20220218,133245000,13:32:45,8366,31033,120605,1295656315,0,0,0
pp2204,20220218,20220218,133245500,13:32:45,8364,31037,120604,1295823595,4,-1,167280
pp2204,20220218,20220218,133246000,13:32:47,8364,31037,120604,1295823595,0,0,0
pp2204,20220218,20220218,133246500,13:32:47,8364,31037,120604,1295823595,0,0,0
pp2204,20220218,20220218,133247000,13:32:47,8364,31037,120604,1295823595,0,0,0
pp2204,20220218,20220218,133247500,13:32:48,8364,31037,120604,1295823595,0,0,0
pp2204,20220218,20220218,133248000,13:32:48,8364,31037,120604,1295823595,0,0,0
pp2204,20220218,20220218,133248500,13:32:49,8364,31037,120604,1295823595,0,0,0
pp2204,20220218,20220218,133249000,13:32:49,8364,31037,120604,1295823595,0,0,0
pp2204,20220218,20220218,133249500,13:32:50,8364,31037,120604,1295823595,0,0,0
pp2204,20220218,20220218,133250000,13:32:50,8364,31037,120604,1295823595,0,0,0
pp2204,20220218,20220218,133250500,13:32:52,8364,31037,120604,1295823595,0,0,0
pp2204,20220218,20220218,133251000,13:32:52,8364,31037,120604,1295823595,0,0,0
pp2204,20220218,20220218,133251500,13:32:53,8361,31072,120595,1297286775,35,-9,1463180
pp2204,20220218,20220218,133252500,13:32:53,8361,31072,120595,1297286775,0,0,0
pp2204,20220218,20220218,133253000,13:32:53,8361,31072,120595,1297286775,0,0,0
pp2204,20220218,20220218,133253500,13:32:54,8361,31077,120597,1297495805,5,2,209030
pp2204,20220218,20220218,133254000,13:32:54,8361,31077,120597,1297495805,0,0,0
pp2204,20220218,20220218,133254500,13:32:55,8361,31077,120597,1297495805,0,0,0
pp2204,20220218,20220218,133255500,13:32:55,8361,31077,120597,1297495805,0,0,0
pp2204,20220218,20220218,133257000,13:32:59,8361,31077,120597,1297495805,0,0,0
pp2204,20220218,20220218,133257500,13:33:00,8361,31077,120597,1297495805,0,0,0
pp2204,20220218,20220218,133258000,13:33:00,8361,31077,120597,1297495805,0,0,0
pp2204,20220218,20220218,133259500,13:33:01,8361,31077,120597,1297495805,0,0,0
pp2204,20220218,20220218,133300000,13:33:01,8361,31077,120597,1297495805,0,0,0
pp2204,20220218,20220218,133300500,13:33:01,8361,31077,120597,1297495805,0,0,0
pp2204,20220218,20220218,133301000,13:33:02,8362,31092,120596,1298122915,15,-1,627110
pp2204,20220218,20220218,133301500,13:33:02,8362,31092,120596,1298122915,0,0,0
pp2204,20220218,20220218,133302000,13:33:03,8364,31099,120597,1298415635,7,1,292720
pp2204,20220218,20220218,133302500,13:33:03,8363,31104,120597,1298624710,5,0,209075
pp2204,20220218,20220218,133303000,13:33:03,8363,31104,120597,1298624710,0,0,0
pp2204,20220218,20220218,133303500,13:33:04,8363,31104,120597,1298624710,0,0,0
pp2204,20220218,20220218,133304000,13:33:04,8363,31104,120597,1298624710,0,0,0
pp2204,20220218,20220218,133304500,13:33:05,8363,31104,120597,1298624710,0,0,0
pp2204,20220218,20220218,133305000,13:33:05,8363,31104,120597,1298624710,0,0,0
pp2204,20220218,20220218,133305500,13:33:05,8363,31104,120597,1298624710,0,0,0
pp2204,20220218,20220218,133306000,13:33:06,8363,31104,120597,1298624710,0,0,0
pp2204,20220218,20220218,133306500,13:33:06,8363,31104,120597,1298624710,0,0,0
pp2204,20220218,20220218,133307000,13:33:07,8363,31104,120597,1298624710,0,0,0
pp2204,20220218,20220218,133307500,13:33:08,8363,31104,120597,1298624710,0,0,0
pp2204,20220218,20220218,133308000,13:33:08,8363,31104,120597,1298624710,0,0,0
pp2204,20220218,20220218,133308500,13:33:09,8363,31104,120597,1298624710,0,0,0
pp2204,20220218,20220218,133309000,13:33:09,8363,31104,120597,1298624710,0,0,0
pp2204,20220218,20220218,133309500,13:33:11,8363,31104,120597,1298624710,0,0,0
pp2204,20220218,20220218,133310000,13:33:11,8363,31104,120597,1298624710,0,0,0
pp2204,20220218,20220218,133310500,13:33:12,8363,31104,120597,1298624710,0,0,0
pp2204,20220218,20220218,133311000,13:33:13,8363,31104,120597,1298624710,0,0,0
pp2204,20220218,20220218,133311500,13:33:14,8363,31104,120597,1298624710,0,0,0
pp2204,20220218,20220218,133312000,13:33:14,8363,31104,120597,1298624710,0,0,0
pp2204,20220218,20220218,133313500,13:33:15,8363,31104,120597,1298624710,0,0,0
pp2204,20220218,20220218,133314000,13:33:17,8363,31104,120597,1298624710,0,0,0
pp2204,20220218,20220218,133314500,13:33:17,8363,31104,120597,1298624710,0,0,0
pp2204,20220218,20220218,133315000,13:33:18,8363,31104,120597,1298624710,0,0,0
pp2204,20220218,20220218,133317000,13:33:19,8363,31104,120597,1298624710,0,0,0
pp2204,20220218,20220218,133318000,13:33:19,8366,31123,120594,1299419460,19,-3,794750
pp2204,20220218,20220218,133318500,13:33:19,8366,31123,120594,1299419460,0,0,0
pp2204,20220218,20220218,133319000,13:33:20,8366,31123,120594,1299419460,0,0,0
pp2204,20220218,20220218,133319500,13:33:20,8366,31123,120594,1299419460,0,0,0
pp2204,20220218,20220218,133320000,13:33:21,8366,31123,120594,1299419460,0,0,0
pp2204,20220218,20220218,133320500,13:33:22,8366,31123,120594,1299419460,0,0,0
pp2204,20220218,20220218,133321000,13:33:22,8366,31123,120594,1299419460,0,0,0
pp2204,20220218,20220218,133321500,13:33:22,8366,31123,120594,1299419460,0,0,0
pp2204,20220218,20220218,133322000,13:33:22,8366,31123,120594,1299419460,0,0,0
pp2204,20220218,20220218,133322500,13:33:22,8366,31123,120594,1299419460,0,0,0
pp2204,20220218,20220218,133323000,13:33:23,8366,31123,120594,1299419460,0,0,0
pp2204,20220218,20220218,133323500,13:33:24,8366,31123,120594,1299419460,0,0,0
pp2204,20220218,20220218,133324000,13:33:24,8364,31133,120590,1299837660,10,-4,418200
pp2204,20220218,20220218,133324500,13:33:25,8363,31163,120609,1301092110,30,19,1254450
pp2204,20220218,20220218,133325000,13:33:26,8363,31163,120609,1301092110,0,0,0
pp2204,20220218,20220218,133325500,13:33:26,8363,31163,120609,1301092110,0,0,0
pp2204,20220218,20220218,133328500,13:33:30,8363,31163,120609,1301092110,0,0,0
pp2204,20220218,20220218,133329000,13:33:30,8363,31163,120609,1301092110,0,0,0
pp2204,20220218,20220218,133329500,13:33:30,8363,31163,120609,1301092110,0,0,0
pp2204,20220218,20220218,133331500,13:33:32,8363,31163,120609,1301092110,0,0,0
pp2204,20220218,20220218,133332000,13:33:32,8363,31168,120609,1301301185,5,0,209075
pp2204,20220218,20220218,133332500,13:33:33,8363,31168,120609,1301301185,0,0,0
pp2204,20220218,20220218,133333000,13:33:33,8363,31168,120609,1301301185,0,0,0
pp2204,20220218,20220218,133333500,13:33:33,8363,31168,120609,1301301185,0,0,0
pp2204,20220218,20220218,133334000,13:33:34,8363,31168,120609,1301301185,0,0,0
pp2204,20220218,20220218,133334500,13:33:34,8364,31202,120582,1302723065,34,-27,1421880
pp2204,20220218,20220218,133335000,13:33:35,8364,31203,120583,1302764885,1,1,41820
pp2204,20220218,20220218,133335500,13:33:35,8364,31203,120583,1302764885,0,0,0
pp2204,20220218,20220218,133337000,13:33:37,8364,31203,120583,1302764885,0,0,0
pp2204,20220218,20220218,133337500,13:33:37,8364,31203,120583,1302764885,0,0,0
pp2204,20220218,20220218,133338500,13:33:39,8364,31208,120586,1302973985,5,3,209100
pp2204,20220218,20220218,133339000,13:33:39,8364,31208,120586,1302973985,0,0,0
pp2204,20220218,20220218,133339500,13:33:40,8364,31208,120586,1302973985,0,0,0
pp2204,20220218,20220218,133340000,13:33:40,8364,31208,120586,1302973985,0,0,0
pp2204,20220218,20220218,133340500,13:33:41,8364,31208,120586,1302973985,0,0,0
pp2204,20220218,20220218,133341000,13:33:41,8364,31208,120586,1302973985,0,0,0
pp2204,20220218,20220218,133341500,13:33:42,8364,31208,120586,1302973985,0,0,0
pp2204,20220218,20220218,133342000,13:33:42,8364,31208,120586,1302973985,0,0,0
pp2204,20220218,20220218,133342500,13:33:42,8364,31208,120586,1302973985,0,0,0
pp2204,20220218,20220218,133343000,13:33:43,8364,31208,120586,1302973985,0,0,0
pp2204,20220218,20220218,133343500,13:33:44,8364,31209,120587,1303015805,1,1,41820
pp2204,20220218,20220218,133344000,13:33:45,8364,31209,120587,1303015805,0,0,0
pp2204,20220218,20220218,133344500,13:33:45,8364,31209,120587,1303015805,0,0,0
pp2204,20220218,20220218,133345000,13:33:45,8364,31209,120587,1303015805,0,0,0
pp2204,20220218,20220218,133345500,13:33:46,8364,31209,120587,1303015805,0,0,0
pp2204,20220218,20220218,133346000,13:33:47,8364,31209,120587,1303015805,0,0,0
pp2204,20220218,20220218,133347500,13:33:49,8364,31209,120587,1303015805,0,0,0
pp2204,20220218,20220218,133348000,13:33:49,8364,31209,120587,1303015805,0,0,0
pp2204,20220218,20220218,133348500,13:33:49,8364,31210,120588,1303057625,1,1,41820
pp2204,20220218,20220218,133350000,13:33:50,8366,31257,120588,1305023635,47,0,1966010
pp2204,20220218,20220218,133350500,13:33:50,8366,31257,120588,1305023635,0,0,0
pp2204,20220218,20220218,133351000,13:33:51,8366,31257,120588,1305023635,0,0,0
pp2204,20220218,20220218,133351500,13:33:52,8366,31257,120588,1305023635,0,0,0
pp2204,20220218,20220218,133352000,13:33:52,8366,31257,120588,1305023635,0,0,0
pp2204,20220218,20220218,133352500,13:33:52,8366,31257,120588,1305023635,0,0,0
pp2204,20220218,20220218,133353000,13:33:53,8366,31257,120588,1305023635,0,0,0
pp2204,20220218,20220218,133353500,13:33:53,8366,31257,120588,1305023635,0,0,0
pp2204,20220218,20220218,133354000,13:33:54,8366,31257,120588,1305023635,0,0,0
pp2204,20220218,20220218,133354500,13:33:55,8366,31257,120588,1305023635,0,0,0
pp2204,20220218,20220218,133355000,13:33:56,8366,31257,120588,1305023635,0,0,0
pp2204,20220218,20220218,133355500,13:33:56,8366,31257,120588,1305023635,0,0,0
pp2204,20220218,20220218,133356000,13:33:56,8366,31257,120588,1305023635,0,0,0
pp2204,20220218,20220218,133356500,13:33:57,8366,31257,120588,1305023635,0,0,0
pp2204,20220218,20220218,133357000,13:33:58,8366,31257,120588,1305023635,0,0,0
pp2204,20220218,20220218,133357500,13:33:58,8366,31257,120588,1305023635,0,0,0
pp2204,20220218,20220218,133358000,13:33:58,8366,31257,120588,1305023635,0,0,0
pp2204,20220218,20220218,133358500,13:33:58,8366,31257,120588,1305023635,0,0,0
pp2204,20220218,20220218,133359000,13:33:59,8366,31257,120588,1305023635,0,0,0
pp2204,20220218,20220218,133359500,13:33:59,8366,31257,120588,1305023635,0,0,0
pp2204,20220218,20220218,133400000,13:34:00,8366,31257,120588,1305023635,0,0,0
pp2204,20220218,20220218,133400500,13:34:00,8366,31257,120588,1305023635,0,0,0
pp2204,20220218,20220218,133401000,13:34:01,8366,31257,120588,1305023635,0,0,0
pp2204,20220218,20220218,133401500,13:34:02,8366,31257,120588,1305023635,0,0,0
pp2204,20220218,20220218,133402000,13:34:04,8366,31257,120588,1305023635,0,0,0
pp2204,20220218,20220218,133403000,13:34:10,8366,31257,120588,1305023635,0,0,0
pp2204,20220218,20220218,133403500,13:34:11,8366,31257,120588,1305023635,0,0,0
pp2204,20220218,20220218,133410000,13:34:12,8366,31257,120588,1305023635,0,0,0
pp2204,20220218,20220218,133410500,13:34:12,8366,31257,120588,1305023635,0,0,0
pp2204,20220218,20220218,133411500,13:34:12,8366,31257,120588,1305023635,0,0,0
pp2204,20220218,20220218,133412000,13:34:13,8366,31257,120588,1305023635,0,0,0
pp2204,20220218,20220218,133412500,13:34:13,8366,31257,120588,1305023635,0,0,0
pp2204,20220218,20220218,133413000,13:34:13,8366,31257,120588,1305023635,0,0,0
pp2204,20220218,20220218,133413500,13:34:14,8366,31257,120588,1305023635,0,0,0
pp2204,20220218,20220218,133414000,13:34:14,8366,31257,120588,1305023635,0,0,0
pp2204,20220218,20220218,133414500,13:34:15,8366,31257,120588,1305023635,0,0,0
pp2204,20220218,20220218,133415000,13:34:15,8369,31422,120555,1311925860,165,-33,6902225
pp2204,20220218,20220218,133415500,13:34:16,8370,31427,120554,1312135110,5,-1,209250
pp2204,20220218,20220218,133416000,13:34:16,8370,31437,120544,1312553610,10,-10,418500
pp2204,20220218,20220218,133416500,13:34:17,8370,31437,120544,1312553610,0,0,0
pp2204,20220218,20220218,133417000,13:34:17,8370,31437,120544,1312553610,0,0,0
pp2204,20220218,20220218,133417500,13:34:17,8370,31437,120544,1312553610,0,0,0
pp2204,20220218,20220218,133418000,13:34:18,8370,31439,120544,1312637310,2,0,83700
pp2204,20220218,20220218,133418500,13:34:19,8370,31439,120544,1312637310,0,0,0
pp2204,20220218,20220218,133419000,13:34:19,8370,31439,120544,1312637310,0,0,0
pp2204,20220218,20220218,133419500,13:34:20,8370,31439,120544,1312637310,0,0,0
pp2204,20220218,20220218,133420000,13:34:20,8370,31439,120544,1312637310,0,0,0
pp2204,20220218,20220218,133420500,13:34:23,8370,31439,120544,1312637310,0,0,0
pp2204,20220218,20220218,133421000,13:34:23,8370,31439,120544,1312637310,0,0,0
pp2204,20220218,20220218,133421500,13:34:23,8370,31439,120544,1312637310,0,0,0
pp2204,20220218,20220218,133423000,13:34:24,8370,31439,120544,1312637310,0,0,0
pp2204,20220218,20220218,133423500,13:34:24,8369,31443,120548,1312804690,4,4,167380
pp2204,20220218,20220218,133424000,13:34:24,8369,31443,120548,1312804690,0,0,0
pp2204,20220218,20220218,133424500,13:34:24,8369,31443,120548,1312804690,0,0,0
pp2204,20220218,20220218,133428000,13:34:28,8369,31447,120544,1312972070,4,-4,167380
pp2204,20220218,20220218,133428500,13:34:29,8369,31447,120544,1312972070,0,0,0
pp2204,20220218,20220218,133429000,13:34:29,8369,31447,120544,1312972070,0,0,0
pp2204,20220218,20220218,133429500,13:34:29,8369,31447,120544,1312972070,0,0,0
pp2204,20220218,20220218,133430000,13:34:30,8369,31447,120544,1312972070,0,0,0
pp2204,20220218,20220218,133430500,13:34:30,8369,31447,120544,1312972070,0,0,0
pp2204,20220218,20220218,133431000,13:34:31,8369,31447,120544,1312972070,0,0,0
pp2204,20220218,20220218,133431500,13:34:31,8369,31447,120544,1312972070,0,0,0
pp2204,20220218,20220218,133432000,13:34:32,8369,31447,120544,1312972070,0,0,0
pp2204,20220218,20220218,133432500,13:34:32,8369,31447,120544,1312972070,0,0,0
pp2204,20220218,20220218,133433000,13:34:33,8369,31447,120544,1312972070,0,0,0
pp2204,20220218,20220218,133433500,13:34:34,8369,31447,120544,1312972070,0,0,0
pp2204,20220218,20220218,133434000,13:34:34,8369,31447,120544,1312972070,0,0,0
pp2204,20220218,20220218,133434500,13:34:35,8369,31447,120544,1312972070,0,0,0
pp2204,20220218,20220218,133435000,13:34:35,8369,31447,120544,1312972070,0,0,0
pp2204,20220218,20220218,133435500,13:34:36,8368,31467,120552,1313808870,20,8,836800
pp2204,20220218,20220218,133436000,13:34:36,8368,31467,120552,1313808870,0,0,0
pp2204,20220218,20220218,133436500,13:34:36,8367,31473,120550,1314059880,6,-2,251010
pp2204,20220218,20220218,133437000,13:34:37,8367,31476,120547,1314185385,3,-3,125505
pp2204,20220218,20220218,133437500,13:34:38,8368,31481,120547,1314394585,5,0,209200
pp2204,20220218,20220218,133438000,13:34:38,8368,31490,120541,1314771145,9,-6,376560
pp2204,20220218,20220218,133438500,13:34:38,8368,31490,120541,1314771145,0,0,0
pp2204,20220218,20220218,133439000,13:34:39,8368,31490,120541,1314771145,0,0,0
pp2204,20220218,20220218,133439500,13:34:40,8368,31490,120541,1314771145,0,0,0
pp2204,20220218,20220218,133440000,13:34:40,8368,31490,120541,1314771145,0,0,0
pp2204,20220218,20220218,133441000,13:34:41,8369,31494,120541,1314938525,4,0,167380
pp2204,20220218,20220218,133441500,13:34:43,8369,31494,120541,1314938525,0,0,0
pp2204,20220218,20220218,133442000,13:34:44,8369,31494,120541,1314938525,0,0,0
pp2204,20220218,20220218,133442500,13:34:44,8369,31494,120541,1314938525,0,0,0
pp2204,20220218,20220218,133443000,13:34:45,8369,31494,120541,1314938525,0,0,0
pp2204,20220218,20220218,133443500,13:34:45,8369,31494,120541,1314938525,0,0,0
pp2204,20220218,20220218,133444000,13:34:45,8369,31494,120541,1314938525,0,0,0
pp2204,20220218,20220218,133444500,13:34:46,8369,31494,120541,1314938525,0,0,0
pp2204,20220218,20220218,133445000,13:34:46,8369,31494,120541,1314938525,0,0,0
pp2204,20220218,20220218,133445500,13:34:46,8369,31494,120541,1314938525,0,0,0
pp2204,20220218,20220218,133446000,13:34:46,8369,31494,120541,1314938525,0,0,0
pp2204,20220218,20220218,133446500,13:34:47,8369,31494,120541,1314938525,0,0,0
pp2204,20220218,20220218,133447000,13:34:47,8369,31494,120541,1314938525,0,0,0
pp2204,20220218,20220218,133447500,13:34:47,8369,31494,120541,1314938525,0,0,0
pp2204,20220218,20220218,133448000,13:34:48,8369,31494,120541,1314938525,0,0,0
pp2204,20220218,20220218,133448500,13:34:49,8369,31498,120537,1315105905,4,-4,167380
pp2204,20220218,20220218,133449000,13:34:49,8369,31498,120537,1315105905,0,0,0
pp2204,20220218,20220218,133449500,13:34:49,8369,31498,120537,1315105905,0,0,0
pp2204,20220218,20220218,133450000,13:34:51,8369,31498,120537,1315105905,0,0,0
pp2204,20220218,20220218,133450500,13:34:51,8369,31498,120537,1315105905,0,0,0
pp2204,20220218,20220218,133451000,13:34:51,8369,31498,120537,1315105905,0,0,0
pp2204,20220218,20220218,133451500,13:34:51,8369,31498,120537,1315105905,0,0,0
pp2204,20220218,20220218,133452000,13:34:52,8369,31498,120537,1315105905,0,0,0
pp2204,20220218,20220218,133452500,13:34:53,8369,31498,120537,1315105905,0,0,0
pp2204,20220218,20220218,133453500,13:34:56,8369,31498,120537,1315105905,0,0,0
pp2204,20220218,20220218,133454000,13:34:56,8369,31498,120537,1315105905,0,0,0
pp2204,20220218,20220218,133454500,13:34:56,8369,31498,120537,1315105905,0,0,0
pp2204,20220218,20220218,133455500,13:34:56,8369,31502,120537,1315273285,4,0,167380
pp2204,20220218,20220218,133456000,13:34:57,8369,31502,120537,1315273285,0,0,0
pp2204,20220218,20220218,133456500,13:34:57,8369,31502,120537,1315273285,0,0,0
pp2204,20220218,20220218,133457000,13:34:57,8369,31502,120537,1315273285,0,0,0
pp2204,20220218,20220218,133458000,13:34:58,8369,31502,120537,1315273285,0,0,0
pp2204,20220218,20220218,133458500,13:34:59,8369,31502,120537,1315273285,0,0,0
pp2204,20220218,20220218,133459000,13:34:59,8369,31502,120537,1315273285,0,0,0
pp2204,20220218,20220218,133459500,13:35:00,8369,31502,120537,1315273285,0,0,0
pp2204,20220218,20220218,133500000,13:35:00,8369,31502,120537,1315273285,0,0,0
pp2204,20220218,20220218,133500500,13:35:00,8369,31502,120537,1315273285,0,0,0
pp2204,20220218,20220218,133501500,13:35:05,8369,31502,120537,1315273285,0,0,0
pp2204,20220218,20220218,133502000,13:35:10,8369,31502,120537,1315273285,0,0,0
pp2204,20220218,20220218,133504500,13:35:10,8373,31601,120559,1319417040,99,22,4143755
pp2204,20220218,20220218,133510000,13:35:11,8373,31601,120559,1319417040,0,0,0
pp2204,20220218,20220218,133510500,13:35:11,8373,31601,120559,1319417040,0,0,0
pp2204,20220218,20220218,133511000,13:35:11,8373,31601,120559,1319417040,0,0,0
pp2204,20220218,20220218,133511500,13:35:12,8373,31601,120559,1319417040,0,0,0
pp2204,20220218,20220218,133512000,13:35:13,8373,31601,120559,1319417040,0,0,0
pp2204,20220218,20220218,133512500,13:35:13,8373,31601,120559,1319417040,0,0,0
pp2204,20220218,20220218,133513000,13:35:13,8373,31601,120559,1319417040,0,0,0
pp2204,20220218,20220218,133513500,13:35:14,8373,31601,120559,1319417040,0,0,0
pp2204,20220218,20220218,133514000,13:35:14,8373,31601,120559,1319417040,0,0,0
pp2204,20220218,20220218,133514500,13:35:15,8373,31601,120559,1319417040,0,0,0
pp2204,20220218,20220218,133515000,13:35:15,8373,31601,120559,1319417040,0,0,0
pp2204,20220218,20220218,133515500,13:35:16,8373,31601,120559,1319417040,0,0,0
pp2204,20220218,20220218,133516000,13:35:16,8373,31601,120559,1319417040,0,0,0
pp2204,20220218,20220218,133516500,13:35:17,8373,31601,120559,1319417040,0,0,0
pp2204,20220218,20220218,133517000,13:35:17,8373,31601,120559,1319417040,0,0,0
pp2204,20220218,20220218,133518500,13:35:19,8373,31601,120559,1319417040,0,0,0
pp2204,20220218,20220218,133519000,13:35:19,8373,31601,120559,1319417040,0,0,0
pp2204,20220218,20220218,133519500,13:35:20,8373,31601,120559,1319417040,0,0,0
pp2204,20220218,20220218,133520000,13:35:20,8373,31601,120559,1319417040,0,0,0
pp2204,20220218,20220218,133520500,13:35:21,8373,31601,120559,1319417040,0,0,0
pp2204,20220218,20220218,133521000,13:35:21,8373,31601,120559,1319417040,0,0,0
pp2204,20220218,20220218,133521500,13:35:22,8373,31601,120559,1319417040,0,0,0
pp2204,20220218,20220218,133522000,13:35:22,8373,31601,120559,1319417040,0,0,0
pp2204,20220218,20220218,133522500,13:35:23,8373,31601,120559,1319417040,0,0,0
pp2204,20220218,20220218,133523000,13:35:23,8373,31601,120559,1319417040,0,0,0
pp2204,20220218,20220218,133523500,13:35:23,8373,31601,120559,1319417040,0,0,0
pp2204,20220218,20220218,133524000,13:35:25,8373,31601,120559,1319417040,0,0,0
pp2204,20220218,20220218,133524500,13:35:25,8376,31631,120555,1320673365,30,-4,1256325
pp2204,20220218,20220218,133525000,13:35:25,8376,31631,120555,1320673365,0,0,0
pp2204,20220218,20220218,133525500,13:35:26,8376,31631,120555,1320673365,0,0,0
pp2204,20220218,20220218,133526000,13:35:26,8376,31631,120555,1320673365,0,0,0
pp2204,20220218,20220218,133526500,13:35:27,8376,31631,120555,1320673365,0,0,0
pp2204,20220218,20220218,133527000,13:35:27,8376,31635,120551,1320840885,4,-4,167520
pp2204,20220218,20220218,133527500,13:35:31,8375,31658,120559,1321804010,23,8,963125
pp2204,20220218,20220218,133528000,13:35:32,8375,31658,120559,1321804010,0,0,0
pp2204,20220218,20220218,133528500,13:35:32,8375,31658,120559,1321804010,0,0,0
pp2204,20220218,20220218,133531000,13:35:33,8375,31658,120559,1321804010,0,0,0
pp2204,20220218,20220218,133531500,13:35:41,8375,31658,120559,1321804010,0,0,0
pp2204,20220218,20220218,133532000,13:35:42,8375,31658,120559,1321804010,0,0,0
pp2204,20220218,20220218,133532500,13:35:42,8375,31658,120559,1321804010,0,0,0
pp2204,20220218,20220218,133540500,13:35:43,8375,31658,120559,1321804010,0,0,0
pp2204,20220218,20220218,133542000,13:35:44,8375,31658,120559,1321804010,0,0,0
pp2204,20220218,20220218,133542500,13:35:44,8375,31658,120559,1321804010,0,0,0
pp2204,20220218,20220218,133543500,13:35:44,8375,31658,120559,1321804010,0,0,0
pp2204,20220218,20220218,133544000,13:35:44,8375,31658,120559,1321804010,0,0,0
pp2204,20220218,20220218,133544500,13:35:45,8375,31658,120559,1321804010,0,0,0
pp2204,20220218,20220218,133545000,13:35:46,8375,31658,120559,1321804010,0,0,0
pp2204,20220218,20220218,133545500,13:35:46,8375,31658,120559,1321804010,0,0,0
pp2204,20220218,20220218,133546000,13:35:46,8375,31658,120559,1321804010,0,0,0
pp2204,20220218,20220218,133546500,13:35:46,8375,31658,120559,1321804010,0,0,0
pp2204,20220218,20220218,133547000,13:35:47,8375,31658,120559,1321804010,0,0,0
pp2204,20220218,20220218,133547500,13:35:48,8375,31658,120559,1321804010,0,0,0
pp2204,20220218,20220218,133548000,13:35:48,8375,31658,120559,1321804010,0,0,0
pp2204,20220218,20220218,133548500,13:35:48,8375,31658,120559,1321804010,0,0,0
pp2204,20220218,20220218,133549000,13:35:49,8375,31658,120559,1321804010,0,0,0
pp2204,20220218,20220218,133549500,13:35:49,8375,31658,120559,1321804010,0,0,0
pp2204,20220218,20220218,133550000,13:35:50,8375,31658,120559,1321804010,0,0,0
pp2204,20220218,20220218,133550500,13:35:50,8375,31658,120559,1321804010,0,0,0
pp2204,20220218,20220218,133551000,13:35:51,8375,31658,120559,1321804010,0,0,0
pp2204,20220218,20220218,133551500,13:35:52,8376,31667,120558,1322180930,9,-1,376920
pp2204,20220218,20220218,133552000,13:35:52,8376,31670,120556,1322306570,3,-2,125640
pp2204,20220218,20220218,133552500,13:35:53,8377,31682,120556,1322809190,12,0,502620
pp2204,20220218,20220218,133553000,13:35:53,8377,31683,120555,1322851075,1,-1,41885
pp2204,20220218,20220218,133553500,13:35:55,8377,31683,120555,1322851075,0,0,0
pp2204,20220218,20220218,133554000,13:35:55,8377,31683,120555,1322851075,0,0,0
pp2204,20220218,20220218,133554500,13:35:56,8377,31683,120555,1322851075,0,0,0
pp2204,20220218,20220218,133555000,13:35:56,8377,31683,120555,1322851075,0,0,0
pp2204,20220218,20220218,133555500,13:35:56,8377,31683,120555,1322851075,0,0,0
pp2204,20220218,20220218,133556000,13:35:56,8377,31683,120555,1322851075,0,0,0
pp2204,20220218,20220218,133556500,13:35:57,8377,31683,120555,1322851075,0,0,0
pp2204,20220218,20220218,133557000,13:35:59,8377,31683,120555,1322851075,0,0,0
pp2204,20220218,20220218,133557500,13:35:59,8377,31683,120555,1322851075,0,0,0
pp2204,20220218,20220218,133558000,13:36:01,8377,31683,120555,1322851075,0,0,0
pp2204,20220218,20220218,133558500,13:36:03,8377,31683,120555,1322851075,0,0,0
pp2204,20220218,20220218,133559500,13:36:03,8377,31683,120555,1322851075,0,0,0
pp2204,20220218,20220218,133600000,13:36:03,8377,31683,120555,1322851075,0,0,0
pp2204,20220218,20220218,133601500,13:36:03,8377,31683,120555,1322851075,0,0,0
pp2204,20220218,20220218,133602500,13:36:04,8377,31683,120555,1322851075,0,0,0
pp2204,20220218,20220218,133603000,13:36:05,8377,31683,120555,1322851075,0,0,0
pp2204,20220218,20220218,133603500,13:36:05,8377,31683,120555,1322851075,0,0,0
pp2204,20220218,20220218,133604000,13:36:06,8377,31683,120555,1322851075,0,0,0
pp2204,20220218,20220218,133605000,13:36:06,8377,31683,120555,1322851075,0,0,0
pp2204,20220218,20220218,133605500,13:36:07,8377,31683,120555,1322851075,0,0,0
pp2204,20220218,20220218,133606000,13:36:07,8376,31700,120554,1323563035,17,-1,711960
pp2204,20220218,20220218,133606500,13:36:07,8376,31700,120554,1323563035,0,0,0
pp2204,20220218,20220218,133607000,13:36:08,8376,31700,120554,1323563035,0,0,0
pp2204,20220218,20220218,133607500,13:36:08,8376,31700,120554,1323563035,0,0,0
pp2204,20220218,20220218,133608000,13:36:08,8376,31700,120554,1323563035,0,0,0
pp2204,20220218,20220218,133608500,13:36:09,8376,31700,120554,1323563035,0,0,0
pp2204,20220218,20220218,133609000,13:36:09,8376,31700,120554,1323563035,0,0,0
pp2204,20220218,20220218,133609500,13:36:10,8376,31700,120554,1323563035,0,0,0
pp2204,20220218,20220218,133610000,13:36:11,8376,31700,120554,1323563035,0,0,0
pp2204,20220218,20220218,133610500,13:36:11,8376,31700,120554,1323563035,0,0,0
pp2204,20220218,20220218,133611000,13:36:11,8376,31700,120554,1323563035,0,0,0
pp2204,20220218,20220218,133611500,13:36:12,8376,31700,120554,1323563035,0,0,0
pp2204,20220218,20220218,133612000,13:36:12,8376,31700,120554,1323563035,0,0,0
pp2204,20220218,20220218,133612500,13:36:12,8376,31700,120554,1323563035,0,0,0
pp2204,20220218,20220218,133613000,13:36:13,8376,31700,120554,1323563035,0,0,0
pp2204,20220218,20220218,133613500,13:36:14,8376,31700,120554,1323563035,0,0,0
pp2204,20220218,20220218,133614000,13:36:14,8376,31700,120554,1323563035,0,0,0
pp2204,20220218,20220218,133614500,13:36:14,8376,31700,120554,1323563035,0,0,0
pp2204,20220218,20220218,133615000,13:36:15,8376,31700,120554,1323563035,0,0,0
pp2204,20220218,20220218,133615500,13:36:15,8376,31700,120554,1323563035,0,0,0
pp2204,20220218,20220218,133616000,13:36:16,8376,31700,120554,1323563035,0,0,0
pp2204,20220218,20220218,133616500,13:36:17,8376,31700,120554,1323563035,0,0,0
pp2204,20220218,20220218,133617000,13:36:17,8376,31700,120554,1323563035,0,0,0
pp2204,20220218,20220218,133617500,13:36:19,8376,31700,120554,1323563035,0,0,0
pp2204,20220218,20220218,133618000,13:36:19,8376,31700,120554,1323563035,0,0,0
pp2204,20220218,20220218,133618500,13:36:19,8376,31701,120554,1323604915,1,0,41880
pp2204,20220218,20220218,133619000,13:36:19,8376,31701,120554,1323604915,0,0,0
pp2204,20220218,20220218,133619500,13:36:19,8376,31701,120554,1323604915,0,0,0
pp2204,20220218,20220218,133620000,13:36:20,8376,31701,120554,1323604915,0,0,0
pp2204,20220218,20220218,133620500,13:36:20,8376,31701,120554,1323604915,0,0,0
pp2204,20220218,20220218,133621000,13:36:21,8376,31701,120554,1323604915,0,0,0
pp2204,20220218,20220218,133621500,13:36:21,8376,31701,120554,1323604915,0,0,0
pp2204,20220218,20220218,133622000,13:36:22,8376,31701,120554,1323604915,0,0,0
pp2204,20220218,20220218,133622500,13:36:22,8376,31701,120554,1323604915,0,0,0
pp2204,20220218,20220218,133623000,13:36:23,8376,31701,120554,1323604915,0,0,0
pp2204,20220218,20220218,133623500,13:36:23,8376,31701,120554,1323604915,0,0,0
pp2204,20220218,20220218,133624000,13:36:24,8376,31701,120554,1323604915,0,0,0
pp2204,20220218,20220218,133624500,13:36:24,8376,31701,120554,1323604915,0,0,0
pp2204,20220218,20220218,133625000,13:36:25,8376,31701,120554,1323604915,0,0,0
pp2204,20220218,20220218,133625500,13:36:26,8376,31701,120554,1323604915,0,0,0
pp2204,20220218,20220218,133626000,13:36:26,8376,31737,120518,1325112595,36,-36,1507680
pp2204,20220218,20220218,133626500,13:36:27,8376,31737,120518,1325112595,0,0,0
pp2204,20220218,20220218,133627000,13:36:28,8376,31737,120518,1325112595,0,0,0
pp2204,20220218,20220218,133627500,13:36:28,8376,31737,120518,1325112595,0,0,0
pp2204,20220218,20220218,133628000,13:36:28,8376,31737,120518,1325112595,0,0,0
pp2204,20220218,20220218,133628500,13:36:29,8376,31737,120518,1325112595,0,0,0
pp2204,20220218,20220218,133629000,13:36:30,8376,31737,120518,1325112595,0,0,0
pp2204,20220218,20220218,133629500,13:36:30,8376,31737,120518,1325112595,0,0,0
pp2204,20220218,20220218,133630000,13:36:30,8376,31737,120518,1325112595,0,0,0
