pp2205,20220218,20220218,112003000,11:20:04,8372,357112,336846,14921305140,357112,-1314,14921305140
pp2205,20220218,20220218,112004500,11:20:10,8372,357145,336849,14922686520,33,3,1381380
pp2205,20220218,20220218,112005000,11:20:10,8372,357164,336842,14923481860,19,-7,795340
pp2205,20220218,20220218,112006000,11:20:10,8373,357166,336843,14923565585,2,1,83725
pp2205,20220218,20220218,112006500,11:20:10,8372,357168,336843,14923649305,2,0,83720
pp2205,20220218,20220218,112007000,11:20:10,8373,357170,336845,14923733030,2,2,83725
pp2205,20220218,20220218,112007500,11:20:10,8373,357205,336867,14925198305,35,22,1465275
pp2205,20220218,20220218,112008000,11:20:10,8373,357207,336866,14925282035,2,-1,83730
pp2205,20220218,20220218,112008500,11:20:10,8374,357234,336864,14926412400,27,-2,1130365
pp2205,20220218,20220218,112009000,11:20:10,8374,357241,336865,14926705450,7,1,293050
pp2205,20220218,20220218,112009500,11:20:10,8373,357242,336864,14926747315,1,-1,41865
pp2205,20220218,20220218,112010000,11:20:10,8373,357244,336865,14926831045,2,1,83730
pp2205,20220218,20220218,112010500,11:20:10,8372,357245,336865,14926872905,1,0,41860
pp2205,20220218,20220218,112011000,11:20:11,8373,357246,336866,14926914770,1,1,41865
pp2205,20220218,20220218,112011500,11:20:12,8372,357266,336885,14927752065,20,19,837295
pp2205,20220218,20220218,112012000,11:20:12,8373,357267,336886,14927793930,1,1,41865
pp2205,20220218,20220218,112012500,11:20:12,8373,357298,336896,14929091740,31,10,1297810
pp2205,20220218,20220218,112013000,11:20:13,8373,357320,336885,14930012770,22,-11,921030
pp2205,20220218,20220218,112013500,11:20:13,8373,357336,336880,14930682610,16,-5,669840
pp2205,20220218,20220218,112014000,11:20:14,8373,357336,336880,14930682610,0,0,0
pp2205,20220218,20220218,112014500,11:20:14,8372,357337,336881,14930724470,1,1,41860
pp2205,20220218,20220218,112015000,11:20:15,8372,357338,336882,14930766330,1,1,41860
pp2205,20220218,20220218,112015500,11:20:16,8372,357338,336882,14930766330,0,0,0
pp2205,20220218,20220218,112016000,11:20:16,8374,357375,336864,14932315440,37,-18,1549110
pp2205,20220218,20220218,112016500,11:20:16,8374,357375,336864,14932315440,0,0,0
pp2205,20220218,20220218,112017000,11:20:17,8373,357396,336853,14933194605,21,-11,879165
pp2205,20220218,20220218,112017500,11:20:17,8373,357396,336853,14933194605,0,0,0
pp2205,20220218,20220218,112018000,11:20:18,8373,357404,336861,14933529525,8,8,334920
pp2205,20220218,20220218,112018500,11:20:18,8374,357407,336860,14933655130,3,-1,125605
pp2205,20220218,20220218,112019000,11:20:19,8373,357410,336860,14933780730,3,0,125600
pp2205,20220218,20220218,112019500,11:20:20,8373,357410,336860,14933780730,0,0,0
pp2205,20220218,20220218,112020000,11:20:20,8373,357410,336860,14933780730,0,0,0
pp2205,20220218,20220218,112020500,11:20:21,8373,357443,336859,14935162275,33,-1,1381545
pp2205,20220218,20220218,112021000,11:20:21,8373,357444,336858,14935204140,1,-1,41865
pp2205,20220218,20220218,112021500,11:20:21,8373,357446,336858,14935287870,2,0,83730
pp2205,20220218,20220218,112022000,11:20:22,8373,357446,336858,14935287870,0,0,0
pp2205,20220218,20220218,112022500,11:20:23,8373,357450,336858,14935455315,4,0,167445
pp2205,20220218,20220218,112023000,11:20:23,8373,357451,336857,14935497180,1,-1,41865
pp2205,20220218,20220218,112023500,11:20:23,8373,357452,336857,14935539045,1,0,41865
pp2205,20220218,20220218,112024000,11:20:24,8373,357452,336857,14935539045,0,0,0
pp2205,20220218,20220218,112024500,11:20:24,8373,357452,336857,14935539045,0,0,0
pp2205,20220218,20220218,112025000,11:20:25,8373,357464,336858,14936041425,12,1,502380
pp2205,20220218,20220218,112025500,11:20:25,8373,357573,336956,14940605240,109,98,4563815
pp2205,20220218,20220218,112026000,11:20:26,8374,357584,336956,14941065810,11,0,460570
pp2205,20220218,20220218,112026500,11:20:26,8373,357589,336959,14941275135,5,3,209325
pp2205,20220218,20220218,112027000,11:20:27,8374,357590,336958,14941317005,1,-1,41870
pp2205,20220218,20220218,112027500,11:20:28,8374,357590,336958,14941317005,0,0,0
pp2205,20220218,20220218,112028000,11:20:28,8374,357590,336958,14941317005,0,0,0
pp2205,20220218,20220218,112028500,11:20:28,8373,357595,336958,14941526330,5,0,209325
pp2205,20220218,20220218,112029000,11:20:29,8373,357597,336959,14941610060,2,1,83730
pp2205,20220218,20220218,112029500,11:20:30,8374,357600,336957,14941735670,3,-2,125610
pp2205,20220218,20220218,112030000,11:20:31,8374,357600,336957,14941735670,0,0,0
pp2205,20220218,20220218,112030500,11:20:31,8373,357640,336955,14943410300,40,-2,1674630
pp2205,20220218,20220218,112031500,11:20:32,8373,357787,336923,14949563780,147,-32,6153480
pp2205,20220218,20220218,112032000,11:20:32,8373,357787,336923,14949563780,0,0,0
pp2205,20220218,20220218,112032500,11:20:32,8373,357788,336924,14949605645,1,1,41865
pp2205,20220218,20220218,112033000,11:20:33,8373,357790,336923,14949689375,2,-1,83730
pp2205,20220218,20220218,112033500,11:20:33,8374,357797,336925,14949982440,7,2,293065
pp2205,20220218,20220218,112034000,11:20:34,8372,357809,336924,14950484830,12,-1,502390
pp2205,20220218,20220218,112034500,11:20:34,8374,357811,336926,14950568570,2,2,83740
pp2205,20220218,20220218,112035000,11:20:35,8374,357811,336926,14950568570,0,0,0
pp2205,20220218,20220218,112035500,11:20:35,8374,357848,336943,14952117760,37,17,1549190
pp2205,20220218,20220218,112036000,11:20:36,8374,357848,336943,14952117760,0,0,0
pp2205,20220218,20220218,112036500,11:20:37,8374,357848,336943,14952117760,0,0,0
pp2205,20220218,20220218,112037000,11:20:37,8374,357848,336943,14952117760,0,0,0
pp2205,20220218,20220218,112037500,11:20:38,8374,357850,336944,14952201500,2,1,83740
pp2205,20220218,20220218,112038000,11:20:38,8374,357851,336944,14952243370,1,0,41870
pp2205,20220218,20220218,112038500,11:20:38,8374,357854,336944,14952368980,3,0,125610
pp2205,20220218,20220218,112039000,11:20:39,8374,357854,336944,14952368980,0,0,0
pp2205,20220218,20220218,112039500,11:20:40,8375,357897,336913,14954169575,43,-31,1800595
pp2205,20220218,20220218,112040000,11:20:40,8375,357919,336910,14955090815,22,-3,921240
pp2205,20220218,20220218,112040500,11:20:41,8374,357933,336924,14955676995,14,14,586180
pp2205,20220218,20220218,112041000,11:20:41,8374,357937,336926,14955844480,4,2,167485
pp2205,20220218,20220218,112041500,11:20:41,8374,357937,336926,14955844480,0,0,0
pp2205,20220218,20220218,112042500,11:20:42,8375,357941,336926,14956011965,4,0,167485
pp2205,20220218,20220218,112043000,11:20:43,8374,357947,336931,14956263185,6,5,251220
pp2205,20220218,20220218,112043500,11:20:44,8375,357949,336930,14956346930,2,-1,83745
pp2205,20220218,20220218,112044000,11:20:44,8374,357959,336936,14956765635,10,6,418705
pp2205,20220218,20220218,112044500,11:20:44,8375,357963,336933,14956933135,4,-3,167500
pp2205,20220218,20220218,112045000,11:20:45,8373,358023,336954,14959445295,60,21,2512160
pp2205,20220218,20220218,112045500,11:20:46,8374,358031,336957,14959780255,8,3,334960
pp2205,20220218,20220218,112046000,11:20:46,8375,358033,336957,14959864000,2,0,83745
pp2205,20220218,20220218,112046500,11:20:46,8375,358035,336959,14959947745,2,2,83745
pp2205,20220218,20220218,112047000,11:20:47,8375,358035,336959,14959947745,0,0,0
pp2205,20220218,20220218,112047500,11:20:48,8374,358036,336960,14959989615,1,1,41870
pp2205,20220218,20220218,112048000,11:20:48,8375,358041,336961,14960198985,5,1,209370
pp2205,20220218,20220218,112048500,11:20:50,8374,358044,336962,14960324600,3,1,125615
pp2205,20220218,20220218,112049000,11:20:50,8374,358046,336962,14960408350,2,0,83750
pp2205,20220218,20220218,112049500,11:20:50,8374,358046,336962,14960408350,0,0,0
pp2205,20220218,20220218,112050500,11:20:51,8374,358065,336971,14961203880,19,9,795530
pp2205,20220218,20220218,112051000,11:20:51,8375,358066,336970,14961245755,1,-1,41875
pp2205,20220218,20220218,112051500,11:20:51,8374,358298,337064,14970960715,232,94,9714960
pp2205,20220218,20220218,112052000,11:20:53,8376,358299,337064,14971002595,1,0,41880
pp2205,20220218,20220218,112052500,11:20:53,8375,358346,337091,14972970750,47,27,1968155
pp2205,20220218,20220218,112053000,11:20:53,8375,358357,337102,14973431325,11,11,460575
pp2205,20220218,20220218,112053500,11:20:53,8374,358358,337102,14973473195,1,0,41870
pp2205,20220218,20220218,112054000,11:20:54,8374,358377,337099,14974268725,19,-3,795530
pp2205,20220218,20220218,112054500,11:20:55,8373,358378,337099,14974310590,1,0,41865
pp2205,20220218,20220218,112055000,11:20:55,8374,358380,337100,14974394325,2,1,83735
pp2205,20220218,20220218,112055500,11:20:56,8374,358381,337099,14974436195,1,-1,41870
pp2205,20220218,20220218,112056000,11:20:56,8374,358381,337099,14974436195,0,0,0
pp2205,20220218,20220218,112056500,11:20:56,8374,358386,337100,14974645545,5,1,209350
pp2205,20220218,20220218,112057000,11:20:58,8374,358386,337100,14974645545,0,0,0
pp2205,20220218,20220218,112057500,11:20:58,8374,358393,337099,14974938635,7,-1,293090
pp2205,20220218,20220218,112058000,11:20:58,8374,358393,337099,14974938635,0,0,0
pp2205,20220218,20220218,112058500,11:20:59,8374,358394,337098,14974980505,1,-1,41870
pp2205,20220218,20220218,112059000,11:20:59,8375,358403,337096,14975357340,9,-2,376835
pp2205,20220218,20220218,112059500,11:21:00,8374,358404,337096,14975399210,1,0,41870
pp2205,20220218,20220218,112100000,11:21:00,8374,358404,337096,14975399210,0,0,0
pp2205,20220218,20220218,112100500,11:21:00,8374,358406,337094,14975482950,2,-2,83740
pp2205,20220218,20220218,112101000,11:21:01,8374,358406,337094,14975482950,0,0,0
pp2205,20220218,20220218,112101500,11:21:02,8374,358407,337093,14975524820,1,-1,41870
pp2205,20220218,20220218,112102000,11:21:02,8374,358410,337095,14975650430,3,2,125610
pp2205,20220218,20220218,112102500,11:21:03,8375,358411,337095,14975692305,1,0,41875
pp2205,20220218,20220218,112103000,11:21:03,8374,358412,337095,14975734175,1,0,41870
pp2205,20220218,20220218,112103500,11:21:04,8375,358423,337100,14976194795,11,5,460620
pp2205,20220218,20220218,112104000,11:21:04,8374,358474,337089,14978330165,51,-11,2135370
pp2205,20220218,20220218,112104500,11:21:05,8374,358474,337089,14978330165,0,0,0
pp2205,20220218,20220218,112105000,11:21:05,8373,358484,337092,14978748860,10,3,418695
pp2205,20220218,20220218,112105500,11:21:06,8375,358513,337118,14979963225,29,26,1214365
pp2205,20220218,20220218,112106000,11:21:07,8376,358634,337047,14985030215,121,-71,5066990
pp2205,20220218,20220218,112106500,11:21:07,8376,358640,337044,14985281495,6,-3,251280
pp2205,20220218,20220218,112107000,11:21:09,8375,358644,337041,14985449005,4,-3,167510
pp2205,20220218,20220218,112107500,11:21:10,8375,358644,337041,14985449005,0,0,0
pp2205,20220218,20220218,112108000,11:21:10,8376,358652,337037,14985784025,8,-4,335020
pp2205,20220218,20220218,112108500,11:21:10,8376,358654,337035,14985867785,2,-2,83760
pp2205,20220218,20220218,112110000,11:21:11,8376,358654,337035,14985867785,0,0,0
pp2205,20220218,20220218,112110500,11:21:11,8374,358672,337043,14986621525,18,8,753740
pp2205,20220218,20220218,112111000,11:21:11,8374,358672,337043,14986621525,0,0,0
pp2205,20220218,20220218,112111500,11:21:12,8375,358693,337035,14987500900,21,-8,879375
pp2205,20220218,20220218,112112000,11:21:12,8375,358699,337031,14987752150,6,-4,251250
pp2205,20220218,20220218,112112500,11:21:13,8375,358699,337031,14987752150,0,0,0
pp2205,20220218,20220218,112113000,11:21:13,8375,358699,337031,14987752150,0,0,0
pp2205,20220218,20220218,112113500,11:21:13,8375,358700,337031,14987794025,1,0,41875
pp2205,20220218,20220218,112114000,11:21:14,8375,358702,337032,14987877775,2,1,83750
pp2205,20220218,20220218,112114500,11:21:14,8376,358704,337032,14987961530,2,0,83755
pp2205,20220218,20220218,112116000,11:21:16,8376,358707,337031,14988087165,3,-1,125635
pp2205,20220218,20220218,112116500,11:21:17,8376,358721,337038,14988673485,14,7,586320
pp2205,20220218,20220218,112117000,11:21:17,8375,358725,337038,14988841000,4,0,167515
pp2205,20220218,20220218,112117500,11:21:18,8375,358741,337036,14989511015,16,-2,670015
pp2205,20220218,20220218,112118000,11:21:18,8374,358742,337036,14989552885,1,0,41870
pp2205,20220218,20220218,112118500,11:21:18,8375,358745,337036,14989678510,3,0,125625
pp2205,20220218,20220218,112119000,11:21:19,8375,358751,337038,14989929760,6,2,251250
pp2205,20220218,20220218,112119500,11:21:19,8375,358774,337060,14990892900,23,22,963140
pp2205,20220218,20220218,112120000,11:21:20,8375,358775,337061,14990934775,1,1,41875
pp2205,20220218,20220218,112120500,11:21:21,8375,358776,337062,14990976650,1,1,41875
pp2205,20220218,20220218,112121000,11:21:22,8375,358776,337062,14990976650,0,0,0
pp2205,20220218,20220218,112121500,11:21:22,8374,358777,337063,14991018520,1,1,41870
pp2205,20220218,20220218,112122000,11:21:22,8375,358784,337063,14991311640,7,0,293120
pp2205,20220218,20220218,112122500,11:21:22,8374,358785,337063,14991353510,1,0,41870
pp2205,20220218,20220218,112123000,11:21:23,8374,358786,337064,14991395380,1,1,41870
pp2205,20220218,20220218,112124500,11:21:25,8374,358791,337066,14991604730,5,2,209350
pp2205,20220218,20220218,112125000,11:21:29,8375,358820,337066,14992819105,29,0,1214375
pp2205,20220218,20220218,112125500,11:23:32,8374,358821,337066,14992860975,1,0,41870
pp2205,20220218,20220218,112126000,11:23:33,8375,358825,337068,14993028465,4,2,167490
pp2205,20220218,20220218,112126500,11:23:33,8374,358831,337067,14993279690,6,-1,251225
pp2205,20220218,20220218,112332500,11:23:33,8370,360266,336883,15053348950,1435,-184,60069260
pp2205,20220218,20220218,112333000,11:23:33,8369,360267,336883,15053390795,1,0,41845
pp2205,20220218,20220218,112333500,11:23:33,8369,360267,336883,15053390795,0,0,0
pp2205,20220218,20220218,112334000,11:23:34,8370,360268,336883,15053432645,1,0,41850
pp2205,20220218,20220218,112334500,11:23:34,8370,360269,336883,15053474495,1,0,41850
pp2205,20220218,20220218,112335000,11:23:35,8370,360273,336881,15053641895,4,-2,167400
pp2205,20220218,20220218,112335500,11:23:35,8370,360273,336881,15053641895,0,0,0
pp2205,20220218,20220218,112336000,11:23:36,8370,360273,336881,15053641895,0,0,0
pp2205,20220218,20220218,112336500,11:23:38,8370,360273,336881,15053641895,0,0,0
pp2205,20220218,20220218,112337000,11:23:38,8370,360273,336881,15053641895,0,0,0
pp2205,20220218,20220218,112337500,11:23:38,8369,360274,336880,15053683740,1,-1,41845
pp2205,20220218,20220218,112338000,11:23:38,8369,360274,336880,15053683740,0,0,0
pp2205,20220218,20220218,112338500,11:23:38,8369,360277,336882,15053809275,3,2,125535
pp2205,20220218,20220218,112339000,11:23:39,8369,360280,336885,15053934810,3,3,125535
pp2205,20220218,20220218,112340500,11:23:40,8370,360292,336892,15054437010,12,7,502200
pp2205,20220218,20220218,112341000,11:23:41,8370,360293,336893,15054478860,1,1,41850
pp2205,20220218,20220218,112341500,11:23:42,8370,360296,336893,15054604410,3,0,125550
pp2205,20220218,20220218,112342000,11:23:42,8370,360296,336893,15054604410,0,0,0
pp2205,20220218,20220218,112342500,11:23:42,8371,360298,336893,15054688120,2,0,83710
pp2205,20220218,20220218,112343000,11:23:43,8370,360300,336895,15054771820,2,2,83700
pp2205,20220218,20220218,112343500,11:23:43,8370,360301,336896,15054813670,1,1,41850
pp2205,20220218,20220218,112344000,11:23:46,8370,360303,336896,15054897370,2,0,83700
pp2205,20220218,20220218,112344500,11:23:48,8370,360305,336896,15054981075,2,0,83705
pp2205,20220218,20220218,112345000,11:23:48,8370,360305,336896,15054981075,0,0,0
pp2205,20220218,20220218,112345500,11:23:48,8371,360307,336894,15055064785,2,-2,83710
pp2205,20220218,20220218,112348000,11:23:48,8371,360307,336894,15055064785,0,0,0
pp2205,20220218,20220218,112349000,11:23:49,8371,360307,336894,15055064785,0,0,0
pp2205,20220218,20220218,112349500,11:23:50,8371,360375,336895,15057910810,68,1,2846025
pp2205,20220218,20220218,112350000,11:23:50,8371,360382,336895,15058203795,7,0,292985
pp2205,20220218,20220218,112350500,11:23:50,8372,360385,336898,15058329375,3,3,125580
pp2205,20220218,20220218,112351500,11:23:51,8372,360385,336898,15058329375,0,0,0
pp2205,20220218,20220218,112352000,11:23:52,8372,360385,336898,15058329375,0,0,0
pp2205,20220218,20220218,112353000,11:23:53,8369,360448,336932,15060965905,63,34,2636530
pp2205,20220218,20220218,112353500,11:23:53,8372,360490,336944,15062723815,42,12,1757910
pp2205,20220218,20220218,112354000,11:23:54,8372,360501,336946,15063184250,11,2,460435
pp2205,20220218,20220218,112354500,11:23:55,8370,360505,336946,15063351660,4,0,167410
pp2205,20220218,20220218,112355000,11:23:55,8369,360548,336971,15065151115,43,25,1799455
pp2205,20220218,20220218,112355500,11:23:55,8370,360571,336977,15066113665,23,6,962550
pp2205,20220218,20220218,112356000,11:23:56,8370,360572,336977,15066155515,1,0,41850
pp2205,20220218,20220218,112356500,11:23:56,8370,360574,336977,15066239215,2,0,83700
pp2205,20220218,20220218,112357500,11:23:57,8370,360576,336976,15066322915,2,-1,83700
pp2205,20220218,20220218,112358000,11:23:58,8370,360577,336976,15066364765,1,0,41850
pp2205,20220218,20220218,112358500,11:23:58,8370,360593,336969,15067034365,16,-7,669600
pp2205,20220218,20220218,112359000,11:23:59,8371,360594,336970,15067076220,1,1,41855
pp2205,20220218,20220218,112359500,11:23:59,8371,360596,336971,15067159930,2,1,83710
pp2205,20220218,20220218,112400000,11:24:00,8370,360600,336970,15067327340,4,-1,167410
pp2205,20220218,20220218,112400500,11:24:00,8370,360606,336970,15067578440,6,0,251100
pp2205,20220218,20220218,112401000,11:24:01,8370,360606,336970,15067578440,0,0,0
pp2205,20220218,20220218,112401500,11:24:01,8370,360616,336963,15067996940,10,-7,418500
pp2205,20220218,20220218,112402000,11:24:02,8370,360617,336964,15068038790,1,1,41850
pp2205,20220218,20220218,112402500,11:24:02,8369,360621,336964,15068206185,4,0,167395
pp2205,20220218,20220218,112403000,11:24:03,8370,360623,336964,15068289885,2,0,83700
pp2205,20220218,20220218,112403500,11:24:04,8370,360623,336964,15068289885,0,0,0
pp2205,20220218,20220218,112404500,11:24:04,8370,360623,336964,15068289885,0,0,0
pp2205,20220218,20220218,112405000,11:24:05,8370,360626,336964,15068415435,3,0,125550
pp2205,20220218,20220218,112405500,11:24:05,8370,360632,336968,15068666535,6,4,251100
pp2205,20220218,20220218,112406000,11:24:06,8370,360635,336969,15068792085,3,1,125550
pp2205,20220218,20220218,112406500,11:24:06,8371,360646,336962,15069252485,11,-7,460400
pp2205,20220218,20220218,112407000,11:24:07,8371,360649,336962,15069378050,3,0,125565
pp2205,20220218,20220218,112407500,11:24:08,8371,360649,336962,15069378050,0,0,0
pp2205,20220218,20220218,112408000,11:24:08,8371,360649,336962,15069378050,0,0,0
pp2205,20220218,20220218,112408500,11:24:08,8371,360653,336961,15069545470,4,-1,167420
pp2205,20220218,20220218,112409000,11:24:09,8370,360679,336977,15070633560,26,16,1088090
pp2205,20220218,20220218,112409500,11:24:11,8370,360686,336983,15070926510,7,6,292950
pp2205,20220218,20220218,112410000,11:24:12,8370,360688,336984,15071010210,2,1,83700
pp2205,20220218,20220218,112410500,11:24:12,8369,360702,336986,15071596105,14,2,585895
pp2205,20220218,20220218,112411500,11:24:12,8369,360702,336986,15071596105,0,0,0
pp2205,20220218,20220218,112412500,11:24:12,8369,360731,336987,15072809620,29,1,1213515
pp2205,20220218,20220218,112413000,11:24:13,8369,360734,336987,15072935150,3,0,125530
pp2205,20220218,20220218,112413500,11:24:14,8369,360741,336991,15073228065,7,4,292915
pp2205,20220218,20220218,112414000,11:24:14,8369,360747,336987,15073479130,6,-4,251065
pp2205,20220218,20220218,112414500,11:24:14,8369,360748,336986,15073520975,1,-1,41845
pp2205,20220218,20220218,112415000,11:24:15,8369,360748,336986,15073520975,0,0,0
pp2205,20220218,20220218,112415500,11:24:15,8369,360748,336986,15073520975,0,0,0
pp2205,20220218,20220218,112416000,11:24:16,8370,360749,336986,15073562825,1,0,41850
pp2205,20220218,20220218,112416500,11:24:17,8370,360749,336986,15073562825,0,0,0
pp2205,20220218,20220218,112417000,11:24:17,8370,360749,336986,15073562825,0,0,0
pp2205,20220218,20220218,112417500,11:24:18,8369,360763,336976,15074148655,14,-10,585830
pp2205,20220218,20220218,112418000,11:24:18,8369,360763,336976,15074148655,0,0,0
pp2205,20220218,20220218,112418500,11:24:19,8369,360764,336977,15074190500,1,1,41845
pp2205,20220218,20220218,112419000,11:24:19,8369,360764,336977,15074190500,0,0,0
pp2205,20220218,20220218,112419500,11:24:20,8369,360770,336980,15074441570,6,3,251070
pp2205,20220218,20220218,112420000,11:24:20,8369,360771,336980,15074483415,1,0,41845
pp2205,20220218,20220218,112420500,11:24:20,8369,360771,336980,15074483415,0,0,0
pp2205,20220218,20220218,112421000,11:24:21,8369,360778,336978,15074776330,7,-2,292915
pp2205,20220218,20220218,112421500,11:24:22,8370,360779,336979,15074818180,1,1,41850
pp2205,20220218,20220218,112422000,11:24:22,8369,360788,336985,15075194785,9,6,376605
pp2205,20220218,20220218,112422500,11:24:23,8368,360794,336984,15075445830,6,-1,251045
pp2205,20220218,20220218,112423000,11:24:23,8368,360799,336984,15075655030,5,0,209200
pp2205,20220218,20220218,112423500,11:24:23,8368,360799,336984,15075655030,0,0,0
pp2205,20220218,20220218,112424000,11:24:24,8369,360804,336982,15075864255,5,-2,209225
pp2205,20220218,20220218,112424500,11:24:24,8369,360807,336980,15075989790,3,-2,125535
pp2205,20220218,20220218,112425000,11:24:25,8369,360811,336982,15076157170,4,2,167380
pp2205,20220218,20220218,112425500,11:24:25,8369,360811,336982,15076157170,0,0,0
pp2205,20220218,20220218,112426000,11:24:26,8369,360811,336982,15076157170,0,0,0
pp2205,20220218,20220218,112426500,11:24:26,8368,360813,336980,15076240850,2,-2,83680
pp2205,20220218,20220218,112427000,11:24:27,8368,360875,336996,15078834930,62,16,2594080
pp2205,20220218,20220218,112427500,11:24:28,8367,360876,336996,15078876765,1,0,41835
pp2205,20220218,20220218,112428000,11:24:28,8367,360896,336993,15079713465,20,-3,836700
pp2205,20220218,20220218,112428500,11:24:28,8368,360900,336993,15079880810,4,0,167345
pp2205,20220218,20220218,112429000,11:24:29,8368,360901,336993,15079922650,1,0,41840
pp2205,20220218,20220218,112429500,11:24:29,8368,360902,336993,15079964490,1,0,41840
pp2205,20220218,20220218,112430000,11:24:30,8368,360903,336993,15080006330,1,0,41840
pp2205,20220218,20220218,112430500,11:24:30,8368,360941,337018,15081596240,38,25,1589910
pp2205,20220218,20220218,112431000,11:24:31,8368,360955,337017,15082182000,14,-1,585760
pp2205,20220218,20220218,112431500,11:24:31,8367,360962,337018,15082474875,7,1,292875
pp2205,20220218,20220218,112432000,11:24:32,8368,360964,337019,15082558555,2,1,83680
pp2205,20220218,20220218,112432500,11:24:32,8368,360966,337020,15082642235,2,1,83680
pp2205,20220218,20220218,112433000,11:24:33,8368,360969,337017,15082767755,3,-3,125520
pp2205,20220218,20220218,112433500,11:24:33,8367,360971,337017,15082851430,2,0,83675
pp2205,20220218,20220218,112434000,11:24:34,8367,360971,337017,15082851430,0,0,0
pp2205,20220218,20220218,112434500,11:24:34,8368,360974,337017,15082976950,3,0,125520
pp2205,20220218,20220218,112435000,11:24:35,8368,360974,337017,15082976950,0,0,0
pp2205,20220218,20220218,112435500,11:24:35,8368,360974,337017,15082976950,0,0,0
pp2205,20220218,20220218,112436000,11:24:36,8369,360975,337016,15083018795,1,-1,41845
pp2205,20220218,20220218,112436500,11:24:36,8369,360975,337016,15083018795,0,0,0
pp2205,20220218,20220218,112437000,11:24:37,8369,360980,337016,15083228020,5,0,209225
pp2205,20220218,20220218,112437500,11:24:39,8369,360982,337015,15083311705,2,-1,83685
pp2205,20220218,20220218,112438000,11:24:39,8369,360988,337020,15083562775,6,5,251070
pp2205,20220218,20220218,112438500,11:24:39,8368,360991,337020,15083688295,3,0,125520
pp2205,20220218,20220218,112439000,11:24:40,8368,360995,337022,15083855655,4,2,167360
pp2205,20220218,20220218,112439500,11:24:40,8368,360996,337021,15083897495,1,-1,41840
pp2205,20220218,20220218,112440000,11:24:40,8368,361002,337021,15084148535,6,0,251040
pp2205,20220218,20220218,112440500,11:24:40,8368,361003,337020,15084190375,1,-1,41840
pp2205,20220218,20220218,112441000,11:24:41,8368,361003,337020,15084190375,0,0,0
pp2205,20220218,20220218,112441500,11:24:41,8368,361004,337020,15084232215,1,0,41840
pp2205,20220218,20220218,112442000,11:24:42,8368,361022,337028,15084985335,18,8,753120
pp2205,20220218,20220218,112442500,11:24:42,8368,361022,337028,15084985335,0,0,0
pp2205,20220218,20220218,112443000,11:24:43,8368,361022,337028,15084985335,0,0,0
pp2205,20220218,20220218,112443500,11:24:43,8368,361022,337028,15084985335,0,0,0
pp2205,20220218,20220218,112444000,11:24:44,8367,361031,337024,15085361855,9,-4,376520
pp2205,20220218,20220218,112444500,11:24:44,8367,361031,337024,15085361855,0,0,0
pp2205,20220218,20220218,112445000,11:24:45,8368,361032,337024,15085403695,1,0,41840
pp2205,20220218,20220218,112445500,11:24:45,8368,361043,337027,15085863935,11,3,460240
pp2205,20220218,20220218,112446000,11:24:46,8368,361118,337088,15089001935,75,61,3138000
pp2205,20220218,20220218,112446500,11:24:46,8369,361119,337088,15089043780,1,0,41845
pp2205,20220218,20220218,112447000,11:24:47,8368,361148,337104,15090257140,29,16,1213360
pp2205,20220218,20220218,112447500,11:24:47,8367,361187,337075,15091888705,39,-29,1631565
pp2205,20220218,20220218,112448000,11:24:48,8367,361193,337071,15092139715,6,-4,251010
pp2205,20220218,20220218,112448500,11:24:48,8367,361197,337069,15092307055,4,-2,167340
pp2205,20220218,20220218,112449000,11:24:49,8367,361197,337069,15092307055,0,0,0
pp2205,20220218,20220218,112449500,11:24:49,8367,361197,337069,15092307055,0,0,0
pp2205,20220218,20220218,112450000,11:24:50,8368,361198,337069,15092348895,1,0,41840
pp2205,20220218,20220218,112450500,11:24:50,8368,361199,337069,15092390735,1,0,41840
pp2205,20220218,20220218,112451000,11:24:51,8368,361199,337069,15092390735,0,0,0
pp2205,20220218,20220218,112451500,11:24:52,8367,361200,337070,15092432570,1,1,41835
pp2205,20220218,20220218,112452000,11:24:52,8367,361203,337070,15092558075,3,0,125505
pp2205,20220218,20220218,112452500,11:24:52,8368,361204,337070,15092599915,1,0,41840
pp2205,20220218,20220218,112453000,11:24:53,8367,361226,337089,15093520385,22,19,920470
pp2205,20220218,20220218,112453500,11:24:53,8367,361226,337089,15093520385,0,0,0
pp2205,20220218,20220218,112454000,11:24:54,8367,361227,337089,15093562220,1,0,41835
pp2205,20220218,20220218,112454500,11:24:54,8368,361228,337089,15093604060,1,0,41840
pp2205,20220218,20220218,112455000,11:24:55,8368,361228,337089,15093604060,0,0,0
pp2205,20220218,20220218,112455500,11:24:56,8368,361230,337088,15093687735,2,-1,83675
pp2205,20220218,20220218,112456000,11:24:56,8368,361233,337091,15093813255,3,3,125520
pp2205,20220218,20220218,112456500,11:24:56,8367,361234,337090,15093855090,1,-1,41835
pp2205,20220218,20220218,112457000,11:24:57,8368,361239,337095,15094064290,5,5,209200
pp2205,20220218,20220218,112457500,11:24:57,8368,361240,337095,15094106130,1,0,41840
pp2205,20220218,20220218,112458000,11:24:58,8366,361289,337061,15096155860,49,-34,2049730
pp2205,20220218,20220218,112458500,11:24:58,8366,361304,337056,15096783355,15,-5,627495
pp2205,20220218,20220218,112459000,11:24:59,8366,361311,337055,15097076195,7,-1,292840
pp2205,20220218,20220218,112459500,11:24:59,8367,361346,337043,15098540420,35,-12,1464225
pp2205,20220218,20220218,112500000,11:25:00,8367,361346,337043,15098540420,0,0,0
pp2205,20220218,20220218,112500500,11:25:01,8368,361349,337043,15098665940,3,0,125520
pp2205,20220218,20220218,112501000,11:25:01,8367,361361,337048,15099167960,12,5,502020
pp2205,20220218,20220218,112501500,11:25:04,8367,361373,337047,15099669980,12,-1,502020
pp2205,20220218,20220218,112502000,11:25:05,8367,361375,337047,15099753655,2,0,83675
pp2205,20220218,20220218,112502500,11:25:06,8368,361377,337047,15099837335,2,0,83680
pp2205,20220218,20220218,112503000,11:25:06,8367,361379,337046,15099921005,2,-1,83670
pp2205,20220218,20220218,112504500,11:25:06,8367,361379,337046,15099921005,0,0,0
pp2205,20220218,20220218,112505000,11:25:06,8369,361484,337076,15104314355,105,30,4393350
pp2205,20220218,20220218,112505500,11:25:06,8369,361484,337076,15104314355,0,0,0
pp2205,20220218,20220218,112506000,11:25:06,8370,361485,337077,15104356205,1,1,41850
pp2205,20220218,20220218,112506500,11:25:07,8369,361489,337076,15104523595,4,-1,167390
pp2205,20220218,20220218,112507000,11:25:07,8370,361490,337076,15104565445,1,0,41850
pp2205,20220218,20220218,112507500,11:25:07,8369,361491,337076,15104607290,1,0,41845
pp2205,20220218,20220218,112508000,11:25:08,8369,361521,337083,15105862740,30,7,1255450
pp2205,20220218,20220218,112508500,11:25:08,8370,361522,337083,15105904590,1,0,41850
pp2205,20220218,20220218,112509000,11:25:09,8369,361541,337074,15106699645,19,-9,795055
pp2205,20220218,20220218,112509500,11:25:09,8369,361543,337072,15106783335,2,-2,83690
pp2205,20220218,20220218,112510000,11:25:10,8369,361549,337071,15107034405,6,-1,251070
pp2205,20220218,20220218,112510500,11:25:10,8370,361552,337072,15107159945,3,1,125540
pp2205,20220218,20220218,112511000,11:25:11,8370,361552,337072,15107159945,0,0,0
pp2205,20220218,20220218,112511500,11:25:11,8370,361552,337072,15107159945,0,0,0
pp2205,20220218,20220218,112512000,11:25:12,8370,361553,337072,15107201795,1,0,41850
pp2205,20220218,20220218,112512500,11:25:12,8370,361553,337072,15107201795,0,0,0
pp2205,20220218,20220218,112513000,11:25:13,8370,361555,337072,15107285495,2,0,83700
pp2205,20220218,20220218,112513500,11:25:15,8370,361558,337075,15107411045,3,3,125550
pp2205,20220218,20220218,112514000,11:25:15,8370,361558,337075,15107411045,0,0,0
pp2205,20220218,20220218,112514500,11:25:15,8370,361558,337075,15107411045,0,0,0
pp2205,20220218,20220218,112515000,11:25:16,8370,361560,337075,15107494745,2,0,83700
pp2205,20220218,20220218,112515500,11:25:16,8370,361560,337075,15107494745,0,0,0
pp2205,20220218,20220218,112516000,11:25:16,8370,361562,337076,15107578445,2,1,83700
pp2205,20220218,20220218,112516500,11:25:16,8370,361562,337076,15107578445,0,0,0
pp2205,20220218,20220218,112517000,11:25:18,8369,361565,337075,15107703990,3,-1,125545
pp2205,20220218,20220218,112517500,11:25:18,8370,361566,337075,15107745840,1,0,41850
pp2205,20220218,20220218,112518000,11:25:19,8369,361609,337073,15109545380,43,-2,1799540
pp2205,20220218,20220218,112518500,11:25:19,8370,361611,337075,15109629080,2,2,83700
pp2205,20220218,20220218,112519000,11:25:19,8369,361613,337075,15109712775,2,0,83695
pp2205,20220218,20220218,112519500,11:25:19,8370,361614,337076,15109754625,1,1,41850
pp2205,20220218,20220218,112520000,11:25:20,8370,361614,337076,15109754625,0,0,0
pp2205,20220218,20220218,112520500,11:25:21,8370,361614,337076,15109754625,0,0,0
pp2205,20220218,20220218,112521000,11:25:21,8370,361614,337076,15109754625,0,0,0
pp2205,20220218,20220218,112521500,11:25:22,8370,361614,337076,15109754625,0,0,0
pp2205,20220218,20220218,112522000,11:25:22,8370,361616,337076,15109838325,2,0,83700
pp2205,20220218,20220218,112522500,11:25:23,8370,361626,337078,15110256825,10,2,418500
pp2205,20220218,20220218,112523000,11:25:23,8370,361627,337077,15110298675,1,-1,41850
pp2205,20220218,20220218,112523500,11:25:24,8370,361628,337077,15110340525,1,0,41850
pp2205,20220218,20220218,112524000,11:25:25,8370,361629,337076,15110382375,1,-1,41850
pp2205,20220218,20220218,112524500,11:25:25,8370,361636,337074,15110675300,7,-2,292925
pp2205,20220218,20220218,112525000,11:25:25,8370,361636,337074,15110675300,0,0,0
pp2205,20220218,20220218,112525500,11:25:26,8370,361636,337074,15110675300,0,0,0
pp2205,20220218,20220218,112526000,11:25:26,8370,361636,337074,15110675300,0,0,0
pp2205,20220218,20220218,112526500,11:25:27,8369,361648,337064,15111177495,12,-10,502195
pp2205,20220218,20220218,112527000,11:25:27,8370,361649,337065,15111219345,1,1,41850
pp2205,20220218,20220218,112527500,11:25:28,8370,361649,337065,15111219345,0,0,0
pp2205,20220218,20220218,112528000,11:25:28,8370,361659,337066,15111637845,10,1,418500
pp2205,20220218,20220218,112528500,11:25:28,8370,361660,337066,15111679695,1,0,41850
pp2205,20220218,20220218,112529000,11:25:29,8369,361722,337092,15114274075,62,26,2594380
pp2205,20220218,20220218,112529500,11:25:30,8369,361724,337091,15114357765,2,-1,83690
pp2205,20220218,20220218,112530000,11:25:30,8368,361741,337084,15115069055,17,-7,711290
pp2205,20220218,20220218,112530500,11:25:31,8368,361745,337087,15115236410,4,3,167355
pp2205,20220218,20220218,112531000,11:25:31,8367,361761,337094,15115905770,16,7,669360
pp2205,20220218,20220218,112531500,11:25:32,8367,361787,337083,15116993510,26,-11,1087740
pp2205,20220218,20220218,112532000,11:25:32,8367,361787,337083,15116993510,0,0,0
pp2205,20220218,20220218,112532500,11:25:33,8368,361788,337082,15117035350,1,-1,41840
pp2205,20220218,20220218,112533000,11:25:33,8368,361788,337082,15117035350,0,0,0
pp2205,20220218,20220218,112533500,11:25:33,8368,361790,337082,15117119030,2,0,83680
pp2205,20220218,20220218,112534000,11:25:34,8368,361790,337082,15117119030,0,0,0
pp2205,20220218,20220218,112534500,11:25:34,8368,361790,337082,15117119030,0,0,0
pp2205,20220218,20220218,112535000,11:25:36,8368,361794,337082,15117286390,4,0,167360
pp2205,20220218,20220218,112535500,11:25:37,8368,361794,337082,15117286390,0,0,0
pp2205,20220218,20220218,112536000,11:25:37,8368,361794,337082,15117286390,0,0,0
pp2205,20220218,20220218,112537000,11:25:37,8368,361794,337082,15117286390,0,0,0
pp2205,20220218,20220218,112537500,11:25:38,8368,361795,337083,15117328230,1,1,41840
pp2205,20220218,20220218,112538000,11:25:38,8368,361796,337083,15117370070,1,0,41840
pp2205,20220218,20220218,112538500,11:25:39,8368,361800,337080,15117537430,4,-3,167360
pp2205,20220218,20220218,112539000,11:25:39,8367,361806,337075,15117788440,6,-5,251010
pp2205,20220218,20220218,112539500,11:25:40,8368,361813,337079,15118081320,7,4,292880
pp2205,20220218,20220218,112540000,11:25:40,8368,361816,337079,15118206840,3,0,125520
pp2205,20220218,20220218,112540500,11:25:41,8369,361853,337069,15119754885,37,-10,1548045
pp2205,20220218,20220218,112541000,11:25:41,8370,361876,337060,15120717390,23,-9,962505
pp2205,20220218,20220218,112541500,11:25:41,8369,361877,337060,15120759235,1,0,41845
pp2205,20220218,20220218,112542000,11:25:42,8370,361885,337055,15121094030,8,-5,334795
pp2205,20220218,20220218,112542500,11:25:43,8370,361885,337055,15121094030,0,0,0
pp2205,20220218,20220218,112543000,11:25:43,8371,361920,337041,15122558855,35,-14,1464825
pp2205,20220218,20220218,112543500,11:25:43,8371,361922,337040,15122642565,2,-1,83710
pp2205,20220218,20220218,112544000,11:25:44,8371,361954,337032,15123981915,32,-8,1339350
pp2205,20220218,20220218,112544500,11:25:44,8371,361975,337046,15124860870,21,14,878955
pp2205,20220218,20220218,112545000,11:25:45,8371,361994,337046,15125656115,19,0,795245
pp2205,20220218,20220218,112545500,11:25:46,8373,362053,337006,15128125885,59,-40,2469770
pp2205,20220218,20220218,112546000,11:25:47,8373,362057,337003,15128293340,4,-3,167455
pp2205,20220218,20220218,112546500,11:25:47,8372,362068,337002,15128753805,11,-1,460465
pp2205,20220218,20220218,112547000,11:25:48,8372,362068,337002,15128753805,0,0,0
pp2205,20220218,20220218,112547500,11:25:48,8372,362104,336985,15130260765,36,-17,1506960
pp2205,20220218,20220218,112548000,11:25:48,8372,362104,336985,15130260765,0,0,0
pp2205,20220218,20220218,112548500,11:25:48,8372,362105,336985,15130302625,1,0,41860
pp2205,20220218,20220218,112549000,11:25:49,8372,362105,336985,15130302625,0,0,0
pp2205,20220218,20220218,112549500,11:25:49,8372,362106,336984,15130344485,1,-1,41860
pp2205,20220218,20220218,112550000,11:25:50,8372,362106,336984,15130344485,0,0,0
pp2205,20220218,20220218,112550500,11:25:50,8372,362106,336984,15130344485,0,0,0
pp2205,20220218,20220218,112551000,11:25:51,8372,362106,336984,15130344485,0,0,0
pp2205,20220218,20220218,112551500,11:25:51,8372,362107,336984,15130386345,1,0,41860
pp2205,20220218,20220218,112552000,11:25:52,8372,362108,336984,15130428205,1,0,41860
pp2205,20220218,20220218,112552500,11:25:52,8372,362211,336899,15134739785,103,-85,4311580
pp2205,20220218,20220218,112553000,11:25:53,8372,362235,336889,15135744395,24,-10,1004610
pp2205,20220218,20220218,112553500,11:25:54,8372,362238,336889,15135869970,3,0,125575
pp2205,20220218,20220218,112554000,11:25:54,8371,362257,336888,15136665235,19,-1,795265
pp2205,20220218,20220218,112554500,11:25:54,8371,362274,336896,15137376820,17,8,711585
pp2205,20220218,20220218,112555000,11:25:55,8372,362281,336897,15137669840,7,1,293020
pp2205,20220218,20220218,112555500,11:25:56,8372,362283,336898,15137753560,2,1,83720
pp2205,20220218,20220218,112556000,11:25:57,8372,362308,336894,15138799915,25,-4,1046355
pp2205,20220218,20220218,112556500,11:25:57,8371,362316,336892,15139134760,8,-2,334845
pp2205,20220218,20220218,112557000,11:25:57,8371,362353,336881,15140683280,37,-11,1548520
pp2205,20220218,20220218,112557500,11:25:57,8371,362367,336878,15141269255,14,-3,585975
pp2205,20220218,20220218,112558000,11:25:59,8372,362378,336870,15141729710,11,-8,460455
pp2205,20220218,20220218,112558500,11:25:59,8373,362385,336865,15142022735,7,-5,293025
pp2205,20220218,20220218,112559000,11:26:00,8372,362399,336863,15142608775,14,-2,586040
pp2205,20220218,20220218,112559500,11:26:00,8372,362405,336862,15142859960,6,-1,251185
pp2205,20220218,20220218,112600000,11:26:00,8372,362405,336862,15142859960,0,0,0
pp2205,20220218,20220218,112600500,11:26:01,8373,362425,336864,15143697200,20,2,837240
pp2205,20220218,20220218,112601000,11:26:01,8372,362439,336860,15144283265,14,-4,586065
pp2205,20220218,20220218,112601500,11:26:01,8373,362440,336860,15144325130,1,0,41865
pp2205,20220218,20220218,112602000,11:26:03,8372,362459,336855,15145120485,19,-5,795355
pp2205,20220218,20220218,112602500,11:26:03,8372,362473,336850,15145706525,14,-5,586040
pp2205,20220218,20220218,112603000,11:26:03,8373,362501,336840,15146878760,28,-10,1172235
pp2205,20220218,20220218,112603500,11:26:03,8373,362551,336818,15148972255,50,-22,2093495
pp2205,20220218,20220218,112604000,11:26:05,8374,362569,336811,15149725915,18,-7,753660
pp2205,20220218,20220218,112604500,11:26:05,8375,362616,336804,15151693795,47,-7,1967880
pp2205,20220218,20220218,112605000,11:26:05,8374,362630,336790,15152279980,14,-14,586185
pp2205,20220218,20220218,112605500,11:26:05,8376,362712,336821,15155713705,82,31,3433725
pp2205,20220218,20220218,112606000,11:26:06,8376,362774,336826,15158310245,62,5,2596540
pp2205,20220218,20220218,112606500,11:26:07,8376,362798,336811,15159315390,24,-15,1005145
pp2205,20220218,20220218,112607000,11:26:09,8374,362923,336789,15164549515,125,-22,5234125
pp2205,20220218,20220218,112607500,11:26:09,8374,362928,336785,15164758865,5,-4,209350
pp2205,20220218,20220218,112608000,11:26:09,8374,362947,336788,15165554395,19,3,795530
pp2205,20220218,20220218,112609000,11:26:10,8374,362994,336776,15167522250,47,-12,1967855
pp2205,20220218,20220218,112609500,11:26:10,8375,363008,336771,15168108450,14,-5,586200
pp2205,20220218,20220218,112610000,11:26:10,8375,363019,336771,15168569130,11,0,460680
pp2205,20220218,20220218,112610500,11:26:10,8375,363041,336767,15169490280,22,-4,921150
pp2205,20220218,20220218,112611000,11:26:11,8374,363050,336771,15169867110,9,4,376830
pp2205,20220218,20220218,112611500,11:26:13,8372,363130,336819,15173216015,80,48,3348905
pp2205,20220218,20220218,112612000,11:26:14,8373,363230,336849,15177402195,100,30,4186180
pp2205,20220218,20220218,112612500,11:26:14,8372,363231,336849,15177444055,1,0,41860
pp2205,20220218,20220218,112613000,11:26:15,8373,363242,336853,15177904570,11,4,460515
pp2205,20220218,20220218,112613500,11:26:15,8373,363263,336843,15178783640,21,-10,879070
pp2205,20220218,20220218,112614000,11:26:15,8371,363289,336827,15179871995,26,-16,1088355
pp2205,20220218,20220218,112614500,11:26:15,8371,363293,336828,15180039415,4,1,167420
pp2205,20220218,20220218,112615000,11:26:16,8371,363317,336812,15181043940,24,-16,1004525
pp2205,20220218,20220218,112615500,11:26:16,8370,363335,336812,15181797250,18,0,753310
pp2205,20220218,20220218,112616000,11:26:16,8370,363341,336810,15182048345,6,-2,251095
pp2205,20220218,20220218,112616500,11:26:16,8370,363344,336811,15182173890,3,1,125545
pp2205,20220218,20220218,112617000,11:26:17,8370,363350,336807,15182424980,6,-4,251090
pp2205,20220218,20220218,112617500,11:26:17,8370,363368,336803,15183178195,18,-4,753215
pp2205,20220218,20220218,112618000,11:26:18,8369,363390,336802,15184098795,22,-1,920600
pp2205,20220218,20220218,112618500,11:26:18,8369,363398,336801,15184433580,8,-1,334785
pp2205,20220218,20220218,112619000,11:26:19,8369,363401,336801,15184559115,3,0,125535
pp2205,20220218,20220218,112619500,11:26:20,8370,363451,336811,15186651530,50,10,2092415
pp2205,20220218,20220218,112620000,11:26:20,8370,363454,336809,15186777075,3,-2,125545
pp2205,20220218,20220218,112620500,11:26:20,8370,363454,336809,15186777075,0,0,0
pp2205,20220218,20220218,112621000,11:26:21,8369,363457,336809,15186902620,3,0,125545
pp2205,20220218,20220218,112621500,11:26:21,8369,363466,336808,15187279235,9,-1,376615
pp2205,20220218,20220218,112622000,11:26:22,8369,363471,336807,15187488460,5,-1,209225
pp2205,20220218,20220218,112622500,11:26:22,8370,363475,336808,15187655860,4,1,167400
pp2205,20220218,20220218,112623000,11:26:23,8370,363475,336808,15187655860,0,0,0
pp2205,20220218,20220218,112623500,11:26:23,8369,363491,336800,15188325380,16,-8,669520
pp2205,20220218,20220218,112624000,11:26:24,8368,363550,336800,15190793945,59,0,2468565
pp2205,20220218,20220218,112624500,11:26:24,8369,363569,336794,15191588920,19,-6,794975
pp2205,20220218,20220218,112625000,11:26:25,8368,363578,336802,15191965490,9,8,376570
pp2205,20220218,20220218,112625500,11:26:25,8368,363579,336802,15192007330,1,0,41840
pp2205,20220218,20220218,112626000,11:26:26,8369,363580,336802,15192049175,1,0,41845
pp2205,20220218,20220218,112626500,11:26:26,8369,363591,336793,15192509470,11,-9,460295
pp2205,20220218,20220218,112627000,11:26:27,8369,363592,336793,15192551315,1,0,41845
pp2205,20220218,20220218,112627500,11:26:27,8369,363593,336793,15192593160,1,0,41845
pp2205,20220218,20220218,112628000,11:26:28,8370,363691,336799,15196694460,98,6,4101300
pp2205,20220218,20220218,112628500,11:26:28,8370,363691,336799,15196694460,0,0,0
pp2205,20220218,20220218,112629000,11:26:29,8370,363705,336792,15197280360,14,-7,585900
pp2205,20220218,20220218,112629500,11:26:30,8370,363708,336792,15197405905,3,0,125545
pp2205,20220218,20220218,112630000,11:26:31,8370,363714,336793,15197657005,6,1,251100
pp2205,20220218,20220218,112630500,11:26:31,8369,363717,336793,15197782540,3,0,125535
pp2205,20220218,20220218,112631000,11:26:31,8369,363717,336793,15197782540,0,0,0
pp2205,20220218,20220218,112631500,11:26:32,8370,363734,336793,15198493980,17,0,711440
pp2205,20220218,20220218,112632000,11:26:32,8370,363734,336793,15198493980,0,0,0
pp2205,20220218,20220218,112632500,11:26:32,8370,363735,336793,15198535830,1,0,41850
pp2205,20220218,20220218,112633000,11:26:33,8370,363736,336793,15198577680,1,0,41850
pp2205,20220218,20220218,112633500,11:26:34,8370,363737,336793,15198619530,1,0,41850
pp2205,20220218,20220218,112634000,11:26:34,8370,363746,336786,15198996180,9,-7,376650
pp2205,20220218,20220218,112634500,11:26:37,8370,363766,336767,15199833180,20,-19,837000
pp2205,20220218,20220218,112635000,11:26:37,8370,363778,336761,15200335380,12,-6,502200
pp2205,20220218,20220218,112635500,11:26:38,8371,363786,336756,15200670220,8,-5,334840
pp2205,20220218,20220218,112636000,11:26:38,8370,363788,336755,15200753920,2,-1,83700
pp2205,20220218,20220218,112637000,11:26:54,8370,363788,336755,15200753920,0,0,0
pp2205,20220218,20220218,112637500,11:26:54,8371,363836,336730,15202762755,48,-25,2008835
pp2205,20220218,20220218,112638000,11:27:10,8371,363836,336730,15202762755,0,0,0
pp2205,20220218,20220218,112638500,11:27:10,8371,363855,336720,15203558000,19,-10,795245
pp2205,20220218,20220218,112653500,11:27:11,8371,363855,336720,15203558000,0,0,0
pp2205,20220218,20220218,112710000,11:27:12,8372,364970,336810,15250227085,1115,90,46669085
pp2205,20220218,20220218,112710500,11:27:12,8372,364973,336813,15250352665,3,3,125580
pp2205,20220218,20220218,112712000,11:27:13,8372,364987,336814,15250938705,14,1,586040
pp2205,20220218,20220218,112712500,11:27:13,8372,364987,336814,15250938705,0,0,0
pp2205,20220218,20220218,112713000,11:27:14,8372,364987,336814,15250938705,0,0,0
pp2205,20220218,20220218,112713500,11:27:14,8372,364987,336814,15250938705,0,0,0
pp2205,20220218,20220218,112714000,11:27:15,8372,364991,336812,15251106145,4,-2,167440
pp2205,20220218,20220218,112714500,11:27:15,8372,364999,336820,15251441025,8,8,334880
pp2205,20220218,20220218,112715000,11:27:15,8372,365007,336819,15251775905,8,-1,334880
pp2205,20220218,20220218,112715500,11:27:16,8372,365057,336794,15253868690,50,-25,2092785
pp2205,20220218,20220218,112716000,11:27:16,8372,365101,336812,15255710490,44,18,1841800
pp2205,20220218,20220218,112716500,11:27:17,8371,365165,336861,15258389525,64,49,2679035
pp2205,20220218,20220218,112717000,11:27:17,8372,365167,336863,15258473245,2,2,83720
pp2205,20220218,20220218,112717500,11:27:17,8371,365175,336863,15258808115,8,0,334870
pp2205,20220218,20220218,112718000,11:27:18,8371,365175,336863,15258808115,0,0,0
pp2205,20220218,20220218,112718500,11:27:19,8372,365176,336863,15258849975,1,0,41860
pp2205,20220218,20220218,112719500,11:27:20,8372,365176,336863,15258849975,0,0,0
pp2205,20220218,20220218,112720000,11:27:20,8372,365176,336863,15258849975,0,0,0
pp2205,20220218,20220218,112720500,11:27:21,8372,365176,336863,15258849975,0,0,0
pp2205,20220218,20220218,112721500,11:27:22,8372,365176,336863,15258849975,0,0,0
pp2205,20220218,20220218,112722000,11:27:22,8371,365178,336863,15258933685,2,0,83710
pp2205,20220218,20220218,112722500,11:27:22,8371,365179,336863,15258975540,1,0,41855
pp2205,20220218,20220218,112723000,11:27:26,8371,365179,336863,15258975540,0,0,0
pp2205,20220218,20220218,112723500,11:27:27,8371,365223,336887,15260817160,44,24,1841620
pp2205,20220218,20220218,112724000,11:27:27,8372,365225,336889,15260900880,2,2,83720
pp2205,20220218,20220218,112726500,11:27:27,8372,365225,336889,15260900880,0,0,0
pp2205,20220218,20220218,112727000,11:27:27,8370,365360,336943,15266550685,135,54,5649805
pp2205,20220218,20220218,112727500,11:27:27,8370,365362,336944,15266634385,2,1,83700
pp2205,20220218,20220218,112728000,11:27:28,8370,365364,336945,15266718085,2,1,83700
pp2205,20220218,20220218,112728500,11:27:28,8370,365364,336945,15266718085,0,0,0
pp2205,20220218,20220218,112729000,11:27:29,8371,365365,336945,15266759940,1,0,41855
pp2205,20220218,20220218,112729500,11:27:29,8370,365387,336961,15267680640,22,16,920700
pp2205,20220218,20220218,112730000,11:27:30,8370,365387,336961,15267680640,0,0,0
pp2205,20220218,20220218,112730500,11:27:31,8370,365387,336961,15267680640,0,0,0
pp2205,20220218,20220218,112731000,11:27:32,8369,365389,336961,15267764330,2,0,83690
pp2205,20220218,20220218,112731500,11:27:35,8370,365423,336962,15269187070,34,1,1422740
pp2205,20220218,20220218,112732000,11:27:36,8368,365427,336962,15269354440,4,0,167370
pp2205,20220218,20220218,112732500,11:27:36,8370,365439,336964,15269856590,12,2,502150
pp2205,20220218,20220218,112735500,11:27:36,8369,365457,336959,15270609815,18,-5,753225
pp2205,20220218,20220218,112736000,11:27:37,8369,365460,336959,15270735350,3,0,125535
pp2205,20220218,20220218,112736500,11:27:38,8369,365461,336959,15270777195,1,0,41845
pp2205,20220218,20220218,112737000,11:27:38,8368,365463,336957,15270860875,2,-2,83680
pp2205,20220218,20220218,112737500,11:27:38,8369,365468,336958,15271070090,5,1,209215
pp2205,20220218,20220218,112738000,11:27:39,8369,365474,336957,15271321160,6,-1,251070
pp2205,20220218,20220218,112738500,11:27:39,8369,365475,336956,15271363005,1,-1,41845
pp2205,20220218,20220218,112739000,11:27:39,8368,365476,336957,15271404845,1,1,41840
pp2205,20220218,20220218,112739500,11:27:39,8368,365476,336957,15271404845,0,0,0
pp2205,20220218,20220218,112740500,11:27:40,8368,365476,336957,15271404845,0,0,0
pp2205,20220218,20220218,112741000,11:27:41,8369,365477,336956,15271446690,1,-1,41845
pp2205,20220218,20220218,112741500,11:27:41,8367,365540,336981,15274082505,63,25,2635815
pp2205,20220218,20220218,112742000,11:27:42,8367,365541,336980,15274124340,1,-1,41835
pp2205,20220218,20220218,112742500,11:27:43,8368,365563,337002,15275044820,22,22,920480
pp2205,20220218,20220218,112743000,11:27:43,8367,365598,337016,15276509055,35,14,1464235
pp2205,20220218,20220218,112743500,11:27:43,8367,365604,337021,15276760065,6,5,251010
pp2205,20220218,20220218,112744000,11:27:44,8366,365607,337020,15276885560,3,-1,125495
pp2205,20220218,20220218,112744500,11:27:45,8367,365618,337018,15277345715,11,-2,460155
pp2205,20220218,20220218,112745000,11:27:45,8367,365633,337022,15277973235,15,4,627520
pp2205,20220218,20220218,112745500,11:27:46,8367,365636,337022,15278098740,3,0,125505
pp2205,20220218,20220218,112746000,11:27:46,8367,365637,337023,15278140575,1,1,41835
pp2205,20220218,20220218,112746500,11:27:47,8367,365643,337022,15278391580,6,-1,251005
pp2205,20220218,20220218,112747000,11:27:47,8367,365646,337023,15278517080,3,1,125500
pp2205,20220218,20220218,112747500,11:27:47,8366,365649,337023,15278642575,3,0,125495
pp2205,20220218,20220218,112748000,11:27:49,8367,365650,337023,15278684410,1,0,41835
pp2205,20220218,20220218,112748500,11:27:54,8366,365652,337021,15278768070,2,-2,83660
pp2205,20220218,20220218,112749000,11:27:54,8366,365652,337021,15278768070,0,0,0
pp2205,20220218,20220218,112749500,11:27:54,8367,365658,337023,15279019070,6,2,251000
pp2205,20220218,20220218,112754000,11:27:54,8367,365859,337086,15287427885,201,63,8408815
pp2205,20220218,20220218,112754500,11:27:54,8366,365867,337094,15287762560,8,8,334675
pp2205,20220218,20220218,112755000,11:27:55,8368,365915,337116,15289770660,48,22,2008100
pp2205,20220218,20220218,112755500,11:27:55,8368,365928,337118,15290314520,13,2,543860
pp2205,20220218,20220218,112756000,11:27:56,8367,365937,337123,15290691055,9,5,376535
pp2205,20220218,20220218,112756500,11:27:56,8367,365944,337120,15290983920,7,-3,292865
pp2205,20220218,20220218,112757000,11:27:57,8369,365963,337136,15291778885,19,16,794965
pp2205,20220218,20220218,112757500,11:27:57,8369,365972,337131,15292155490,9,-5,376605
pp2205,20220218,20220218,112758000,11:27:58,8369,365974,337132,15292239180,2,1,83690
pp2205,20220218,20220218,112758500,11:27:59,8368,366002,337132,15293410825,28,0,1171645
pp2205,20220218,20220218,112759000,11:27:59,8369,366007,337134,15293620045,5,2,209220
pp2205,20220218,20220218,112759500,11:27:59,8369,366021,337141,15294205875,14,7,585830
pp2205,20220218,20220218,112800000,11:28:00,8368,366055,337146,15295628505,34,5,1422630
pp2205,20220218,20220218,112800500,11:28:01,8369,366117,337199,15298222625,62,53,2594120
pp2205,20220218,20220218,112801000,11:28:01,8368,366129,337195,15298724755,12,-4,502130
pp2205,20220218,20220218,112801500,11:28:02,8369,366139,337196,15299143205,10,1,418450
pp2205,20220218,20220218,112802000,11:28:03,8370,366141,337198,15299226905,2,2,83700
pp2205,20220218,20220218,112802500,11:28:03,8369,366190,337243,15301277550,49,45,2050645
pp2205,20220218,20220218,112803000,11:28:04,8370,366224,337258,15302700450,34,15,1422900
pp2205,20220218,20220218,112803500,11:28:04,8370,366236,337257,15303202650,12,-1,502200
pp2205,20220218,20220218,112804000,11:28:04,8371,366247,337261,15303663055,11,4,460405
pp2205,20220218,20220218,112804500,11:28:05,8371,366267,337263,15304500170,20,2,837115
pp2205,20220218,20220218,112805000,11:28:06,8371,366286,337279,15305295390,19,16,795220
pp2205,20220218,20220218,112805500,11:28:06,8371,366297,337284,15305755795,11,5,460405
pp2205,20220218,20220218,112806000,11:28:10,8371,366305,337291,15306090635,8,7,334840
pp2205,20220218,20220218,112806500,11:28:10,8371,366309,337293,15306258055,4,2,167420
pp2205,20220218,20220218,112807000,11:28:10,8370,366310,337292,15306299905,1,-1,41850
pp2205,20220218,20220218,112807500,11:28:11,8371,366338,337304,15307471840,28,12,1171935
pp2205,20220218,20220218,112810000,11:28:11,8371,366374,337330,15308978630,36,26,1506790
pp2205,20220218,20220218,112810500,11:28:11,8371,366389,337329,15309606455,15,-1,627825
pp2205,20220218,20220218,112811000,11:28:12,8371,366389,337329,15309606455,0,0,0
pp2205,20220218,20220218,112811500,11:28:12,8371,366390,337328,15309648310,1,-1,41855
pp2205,20220218,20220218,112812000,11:28:13,8371,366393,337326,15309773875,3,-2,125565
pp2205,20220218,20220218,112812500,11:28:13,8370,366397,337330,15309941275,4,4,167400
pp2205,20220218,20220218,112813000,11:28:13,8372,366432,337334,15311406305,35,4,1465030
pp2205,20220218,20220218,112813500,11:28:14,8371,366435,337334,15311531870,3,0,125565
pp2205,20220218,20220218,112814000,11:28:14,8371,366436,337334,15311573725,1,0,41855
pp2205,20220218,20220218,112814500,11:28:14,8371,366437,337334,15311615580,1,0,41855
pp2205,20220218,20220218,112815000,11:28:15,8371,366442,337335,15311824845,5,1,209265
pp2205,20220218,20220218,112815500,11:28:15,8370,366448,337341,15312075945,6,6,251100
pp2205,20220218,20220218,112816000,11:28:16,8371,366454,337336,15312327075,6,-5,251130
pp2205,20220218,20220218,112816500,11:28:16,8371,366455,337337,15312368930,1,1,41855
pp2205,20220218,20220218,112817000,11:28:17,8370,366456,337338,15312410780,1,1,41850
pp2205,20220218,20220218,112817500,11:28:17,8370,366588,337292,15317934980,132,-46,5524200
pp2205,20220218,20220218,112818000,11:28:18,8369,366592,337294,15318102360,4,2,167380
pp2205,20220218,20220218,112818500,11:28:18,8370,366625,337304,15319483260,33,10,1380900
pp2205,20220218,20220218,112819000,11:28:19,8370,366628,337304,15319608810,3,0,125550
pp2205,20220218,20220218,112819500,11:28:19,8370,366628,337304,15319608810,0,0,0
pp2205,20220218,20220218,112820000,11:28:20,8369,366629,337304,15319650655,1,0,41845
pp2205,20220218,20220218,112820500,11:28:20,8369,366633,337301,15319818035,4,-3,167380
pp2205,20220218,20220218,112821000,11:28:21,8369,366647,337298,15320403890,14,-3,585855
pp2205,20220218,20220218,112821500,11:28:22,8369,366647,337298,15320403890,0,0,0
pp2205,20220218,20220218,112822500,11:28:22,8369,366649,337296,15320487580,2,-2,83690
pp2205,20220218,20220218,112823000,11:28:23,8370,366670,337304,15321366430,21,8,878850
pp2205,20220218,20220218,112823500,11:28:24,8370,366674,337306,15321533830,4,2,167400
pp2205,20220218,20220218,112824000,11:28:24,8369,366675,337306,15321575675,1,0,41845
pp2205,20220218,20220218,112824500,11:28:24,8369,366690,337315,15322203365,15,9,627690
pp2205,20220218,20220218,112825000,11:28:25,8369,366702,337327,15322705505,12,12,502140
pp2205,20220218,20220218,112825500,11:28:25,8369,366702,337327,15322705505,0,0,0
pp2205,20220218,20220218,112826000,11:28:26,8369,366704,337329,15322789195,2,2,83690
pp2205,20220218,20220218,112826500,11:28:27,8369,366704,337329,15322789195,0,0,0
pp2205,20220218,20220218,112827000,11:28:27,8369,366715,337325,15323249510,11,-4,460315
pp2205,20220218,20220218,112827500,11:28:27,8369,366726,337324,15323709805,11,-1,460295
pp2205,20220218,20220218,112828000,11:28:28,8369,366727,337324,15323751650,1,0,41845
pp2205,20220218,20220218,112828500,11:28:28,8368,366728,337323,15323793490,1,-1,41840
pp2205,20220218,20220218,112829000,11:28:29,8368,366786,337335,15326220065,58,12,2426575
pp2205,20220218,20220218,112829500,11:28:29,8367,366807,337334,15327098605,21,-1,878540
pp2205,20220218,20220218,112830000,11:28:30,8367,366835,337316,15328269985,28,-18,1171380
pp2205,20220218,20220218,112830500,11:28:31,8368,366840,337312,15328479175,5,-4,209190
pp2205,20220218,20220218,112831000,11:28:31,8367,366855,337314,15329106765,15,2,627590
pp2205,20220218,20220218,112831500,11:28:31,8368,366857,337312,15329190445,2,-2,83680
pp2205,20220218,20220218,112832000,11:28:32,8368,366874,337303,15329901655,17,-9,711210
pp2205,20220218,20220218,112832500,11:28:33,8368,366876,337303,15329985335,2,0,83680
pp2205,20220218,20220218,112833000,11:28:33,8368,366883,337299,15330278210,7,-4,292875
pp2205,20220218,20220218,112835000,11:28:35,8366,366915,337309,15331616885,32,10,1338675
pp2205,20220218,20220218,112835500,11:28:35,8367,366917,337311,15331700555,2,2,83670
pp2205,20220218,20220218,112836000,11:28:37,8366,366919,337312,15331784215,2,1,83660
pp2205,20220218,20220218,112836500,11:28:37,8368,366923,337314,15331951555,4,2,167340
pp2205,20220218,20220218,112837000,11:28:37,8368,366924,337314,15331993395,1,0,41840
pp2205,20220218,20220218,112837500,11:28:37,8367,366925,337314,15332035230,1,0,41835
pp2205,20220218,20220218,112838000,11:28:38,8367,366926,337314,15332077065,1,0,41835
pp2205,20220218,20220218,112838500,11:28:38,8367,366927,337313,15332118900,1,-1,41835
pp2205,20220218,20220218,112839500,11:28:40,8367,366936,337317,15332495405,9,4,376505
pp2205,20220218,20220218,112840000,11:28:40,8367,366936,337317,15332495405,0,0,0
pp2205,20220218,20220218,112840500,11:28:40,8367,366938,337318,15332579075,2,1,83670
pp2205,20220218,20220218,112841000,11:28:41,8367,366942,337320,15332746410,4,2,167335
pp2205,20220218,20220218,112841500,11:28:41,8367,366943,337321,15332788245,1,1,41835
pp2205,20220218,20220218,112842000,11:28:42,8367,366948,337323,15332997420,5,2,209175
pp2205,20220218,20220218,112842500,11:28:42,8366,366951,337323,15333122915,3,0,125495
pp2205,20220218,20220218,112843000,11:28:43,8366,366951,337323,15333122915,0,0,0
pp2205,20220218,20220218,112843500,11:28:44,8367,366952,337324,15333164750,1,1,41835
pp2205,20220218,20220218,112844000,11:28:44,8367,366955,337324,15333290245,3,0,125495
pp2205,20220218,20220218,112844500,11:28:44,8367,366958,337324,15333415750,3,0,125505
pp2205,20220218,20220218,112845000,11:28:45,8367,366959,337325,15333457585,1,1,41835
pp2205,20220218,20220218,112845500,11:28:45,8367,366990,337316,15334754620,31,-9,1297035
pp2205,20220218,20220218,112846000,11:28:46,8367,366996,337318,15335005650,6,2,251030
pp2205,20220218,20220218,112846500,11:28:46,8368,366997,337318,15335047490,1,0,41840
pp2205,20220218,20220218,112847000,11:28:47,8368,366997,337318,15335047490,0,0,0
pp2205,20220218,20220218,112847500,11:28:48,8368,367002,337318,15335256690,5,0,209200
pp2205,20220218,20220218,112848000,11:28:48,8367,367005,337319,15335382205,3,1,125515
pp2205,20220218,20220218,112848500,11:28:48,8368,367011,337323,15335633245,6,4,251040
pp2205,20220218,20220218,112849000,11:28:49,8367,367016,337325,15335842435,5,2,209190
pp2205,20220218,20220218,112849500,11:28:50,8369,367022,337326,15336093485,6,1,251050
pp2205,20220218,20220218,112850000,11:28:50,8367,367033,337333,15336553670,11,7,460185
pp2205,20220218,20220218,112850500,11:28:50,8367,367033,337333,15336553670,0,0,0
pp2205,20220218,20220218,112852000,11:28:53,8367,367033,337333,15336553670,0,0,0
pp2205,20220218,20220218,112852500,11:28:53,8368,367039,337335,15336804710,6,2,251040
pp2205,20220218,20220218,112853000,11:28:54,8368,367039,337335,15336804710,0,0,0
pp2205,20220218,20220218,112853500,11:28:54,8366,367079,337357,15338478005,40,22,1673295
pp2205,20220218,20220218,112854000,11:28:54,8368,367084,337361,15338687195,5,4,209190
pp2205,20220218,20220218,112854500,11:28:54,8367,367086,337360,15338770865,2,-1,83670
pp2205,20220218,20220218,112855000,11:28:55,8368,367093,337363,15339063745,7,3,292880
pp2205,20220218,20220218,112855500,11:28:56,8368,367093,337363,15339063745,0,0,0
pp2205,20220218,20220218,112856000,11:28:56,8368,367094,337363,15339105585,1,0,41840
pp2205,20220218,20220218,112856500,11:28:56,8368,367096,337364,15339189265,2,1,83680
pp2205,20220218,20220218,112857000,11:28:57,8368,367163,337418,15341992545,67,54,2803280
pp2205,20220218,20220218,112857500,11:28:58,8367,367165,337418,15342076215,2,0,83670
pp2205,20220218,20220218,112858000,11:28:58,8368,367172,337420,15342369095,7,2,292880
pp2205,20220218,20220218,112858500,11:28:59,8368,367176,337420,15342536455,4,0,167360
pp2205,20220218,20220218,112859000,11:28:59,8368,367176,337420,15342536455,0,0,0
pp2205,20220218,20220218,112859500,11:29:00,8367,367179,337423,15342661965,3,3,125510
pp2205,20220218,20220218,112900000,11:29:00,8368,367182,337424,15342787475,3,1,125510
pp2205,20220218,20220218,112900500,11:29:01,8367,367187,337428,15342996650,5,4,209175
pp2205,20220218,20220218,112901000,11:29:01,8368,367189,337429,15343080330,2,1,83680
pp2205,20220218,20220218,112901500,11:29:01,8367,367190,337428,15343122165,1,-1,41835
pp2205,20220218,20220218,112902000,11:29:02,8368,367256,337429,15345883585,66,1,2761420
pp2205,20220218,20220218,112902500,11:29:03,8367,367257,337429,15345925420,1,0,41835
pp2205,20220218,20220218,112903000,11:29:03,8367,367269,337429,15346427490,12,0,502070
pp2205,20220218,20220218,112903500,11:29:04,8367,367273,337432,15346594830,4,3,167340
pp2205,20220218,20220218,112904000,11:29:04,8367,367280,337429,15346887675,7,-3,292845
pp2205,20220218,20220218,112904500,11:29:04,8367,367295,337414,15347515200,15,-15,627525
pp2205,20220218,20220218,112905000,11:29:05,8366,367301,337410,15347766205,6,-4,251005
pp2205,20220218,20220218,112905500,11:29:06,8366,367303,337411,15347849865,2,1,83660
pp2205,20220218,20220218,112906000,11:29:06,8366,367306,337413,15347975355,3,2,125490
pp2205,20220218,20220218,112906500,11:29:06,8367,367314,337409,15348310025,8,-4,334670
pp2205,20220218,20220218,112907000,11:29:07,8366,367321,337413,15348602835,7,4,292810
pp2205,20220218,20220218,112907500,11:29:08,8367,367328,337411,15348895660,7,-2,292825
pp2205,20220218,20220218,112908000,11:29:08,8366,367335,337405,15349188500,7,-6,292840
pp2205,20220218,20220218,112908500,11:29:08,8366,367337,337406,15349272160,2,1,83660
pp2205,20220218,20220218,112909000,11:29:09,8366,367344,337405,15349564970,7,-1,292810
pp2205,20220218,20220218,112909500,11:29:09,8366,367344,337405,15349564970,0,0,0
pp2205,20220218,20220218,112910000,11:29:10,8367,367346,337405,15349648635,2,0,83665
pp2205,20220218,20220218,112910500,11:29:10,8367,367356,337403,15350066945,10,-2,418310
pp2205,20220218,20220218,112911000,11:29:11,8366,367357,337404,15350108775,1,1,41830
pp2205,20220218,20220218,112912000,11:29:12,8367,367359,337404,15350192440,2,0,83665
pp2205,20220218,20220218,112912500,11:29:12,8366,367362,337405,15350317935,3,1,125495
pp2205,20220218,20220218,112913000,11:29:13,8367,367365,337407,15350443430,3,2,125495
pp2205,20220218,20220218,112913500,11:29:14,8367,367365,337407,15350443430,0,0,0
pp2205,20220218,20220218,112914000,11:29:14,8366,367401,337384,15351949310,36,-23,1505880
pp2205,20220218,20220218,112914500,11:29:15,8365,367451,337366,15354040585,50,-18,2091275
pp2205,20220218,20220218,112915000,11:29:15,8364,367465,337374,15354626065,14,8,585480
pp2205,20220218,20220218,112915500,11:29:16,8363,367490,337375,15355671445,25,1,1045380
pp2205,20220218,20220218,112916000,11:29:16,8364,367512,337373,15356591380,22,-2,919935
pp2205,20220218,20220218,112916500,11:29:20,8363,367517,337372,15356800475,5,-1,209095
pp2205,20220218,20220218,112917000,11:29:20,8364,367521,337373,15356967745,4,1,167270
pp2205,20220218,20220218,112917500,11:29:21,8364,367525,337370,15357135025,4,-3,167280
pp2205,20220218,20220218,112918000,11:29:21,8364,367531,337367,15357385945,6,-3,250920
pp2205,20220218,20220218,112920500,11:29:22,8365,367600,337339,15360271655,69,-28,2885710
pp2205,20220218,20220218,112921000,11:29:22,8366,367601,337339,15360313485,1,0,41830
pp2205,20220218,20220218,112922000,11:29:24,8366,367603,337340,15360397140,2,1,83655
pp2205,20220218,20220218,112922500,11:29:24,8365,367611,337344,15360731740,8,4,334600
pp2205,20220218,20220218,112923000,11:29:24,8366,367612,337343,15360773570,1,-1,41830
pp2205,20220218,20220218,112924000,11:29:24,8365,367617,337344,15360982700,5,1,209130
pp2205,20220218,20220218,112924500,11:29:25,8365,367620,337344,15361108180,3,0,125480
pp2205,20220218,20220218,112925000,11:29:25,8365,367621,337344,15361150005,1,0,41825
pp2205,20220218,20220218,112925500,11:29:25,8366,367624,337343,15361275485,3,-1,125480
pp2205,20220218,20220218,112926000,11:29:26,8366,367628,337342,15361442795,4,-1,167310
pp2205,20220218,20220218,112926500,11:29:26,8366,367632,337344,15361610115,4,2,167320
pp2205,20220218,20220218,112927000,11:29:27,8366,367633,337344,15361651945,1,0,41830
pp2205,20220218,20220218,112927500,11:29:27,8365,367639,337350,15361902895,6,6,250950
pp2205,20220218,20220218,112928000,11:29:28,8366,367663,337329,15362906815,24,-21,1003920
pp2205,20220218,20220218,112928500,11:29:29,8366,367664,337328,15362948645,1,-1,41830
pp2205,20220218,20220218,112929000,11:29:29,8365,367675,337336,15363408770,11,8,460125
pp2205,20220218,20220218,112929500,11:29:29,8365,367678,337338,15363534255,3,2,125485
pp2205,20220218,20220218,112930000,11:29:30,8365,367687,337342,15363910705,9,4,376450
pp2205,20220218,20220218,112930500,11:29:31,8365,367695,337344,15364245325,8,2,334620
pp2205,20220218,20220218,112931000,11:29:32,8366,367706,337333,15364705455,11,-11,460130
pp2205,20220218,20220218,112931500,11:29:32,8366,367706,337333,15364705455,0,0,0
pp2205,20220218,20220218,112932000,11:29:32,8365,367708,337333,15364789110,2,0,83655
pp2205,20220218,20220218,112932500,11:29:36,8366,367709,337332,15364830940,1,-1,41830
pp2205,20220218,20220218,112933000,11:29:37,8366,367709,337332,15364830940,0,0,0
pp2205,20220218,20220218,112933500,11:29:38,8365,367710,337331,15364872765,1,-1,41825
pp2205,20220218,20220218,112936500,11:29:38,8365,367727,337333,15365583795,17,2,711030
pp2205,20220218,20220218,112937500,11:29:38,8365,367730,337335,15365709280,3,2,125485
pp2205,20220218,20220218,112938000,11:29:38,8366,367743,337339,15366253070,13,4,543790
pp2205,20220218,20220218,112939000,11:29:39,8367,367763,337344,15367089770,20,5,836700
pp2205,20220218,20220218,112939500,11:29:40,8366,367765,337344,15367173430,2,0,83660
pp2205,20220218,20220218,112940000,11:29:40,8366,367766,337345,15367215260,1,1,41830
pp2205,20220218,20220218,112940500,11:29:40,8366,367766,337345,15367215260,0,0,0
pp2205,20220218,20220218,112941000,11:29:41,8366,367767,337346,15367257090,1,1,41830
pp2205,20220218,20220218,112941500,11:29:42,8366,367767,337346,15367257090,0,0,0
pp2205,20220218,20220218,112942000,11:29:42,8366,367769,337346,15367340750,2,0,83660
pp2205,20220218,20220218,112942500,11:29:44,8366,367770,337346,15367382580,1,0,41830
pp2205,20220218,20220218,112943500,11:29:45,8367,367773,337345,15367508080,3,-1,125500
pp2205,20220218,20220218,112944000,11:29:45,8367,367773,337345,15367508080,0,0,0
pp2205,20220218,20220218,112944500,11:29:45,8367,367785,337344,15368010045,12,-1,501965
pp2205,20220218,20220218,112945000,11:29:46,8366,367786,337344,15368051875,1,0,41830
pp2205,20220218,20220218,112945500,11:29:46,8366,367787,337344,15368093705,1,0,41830
pp2205,20220218,20220218,112946000,11:29:46,8366,367791,337344,15368261025,4,0,167320
pp2205,20220218,20220218,112946500,11:29:47,8367,367806,337354,15368888485,15,10,627460
pp2205,20220218,20220218,112947000,11:29:47,8367,367806,337354,15368888485,0,0,0
pp2205,20220218,20220218,112947500,11:29:48,8366,367811,337355,15369097635,5,1,209150
pp2205,20220218,20220218,112948000,11:29:48,8366,367815,337355,15369264955,4,0,167320
pp2205,20220218,20220218,112948500,11:29:49,8366,367821,337354,15369515935,6,-1,250980
pp2205,20220218,20220218,112949000,11:29:50,8366,367823,337355,15369599595,2,1,83660
pp2205,20220218,20220218,112949500,11:29:50,8366,367823,337355,15369599595,0,0,0
pp2205,20220218,20220218,112950000,11:29:51,8366,367824,337354,15369641425,1,-1,41830
pp2205,20220218,20220218,112950500,11:29:51,8366,367824,337354,15369641425,0,0,0
pp2205,20220218,20220218,112951500,11:29:52,8366,367829,337354,15369850575,5,0,209150
pp2205,20220218,20220218,112952000,11:29:52,8366,367836,337355,15370143385,7,1,292810
pp2205,20220218,20220218,112952500,11:29:53,8367,367863,337347,15371272720,27,-8,1129335
pp2205,20220218,20220218,112953000,11:29:53,8365,367924,337341,15373824145,61,-6,2551425
pp2205,20220218,20220218,112953500,11:29:54,8366,367929,337344,15374033295,5,3,209150
pp2205,20220218,20220218,112954000,11:29:54,8365,367976,337315,15375998940,47,-29,1965645
pp2205,20220218,20220218,112954500,11:29:54,8366,368006,337300,15377253780,30,-15,1254840
pp2205,20220218,20220218,112955000,11:29:55,8366,368019,337287,15377797570,13,-13,543790
pp2205,20220218,20220218,112955500,11:29:56,8367,368021,337285,15377881240,2,-2,83670
pp2205,20220218,20220218,112956000,11:29:56,8367,368038,337269,15378592370,17,-16,711130
pp2205,20220218,20220218,112956500,11:30:00,8366,368043,337268,15378801525,5,-1,209155
pp2205,20220218,20220218,112957000,11:30:00,8365,368052,337260,15379177990,9,-8,376465
pp2205,20220218,20220218,112957500,11:30:02,8367,368074,337247,15380098285,22,-13,920295
pp2205,20220218,20220218,112959500,11:30:02,8367,368108,337242,15381520720,34,-5,1422435
pp2205,20220218,20220218,113000000,11:30:03,8369,368121,337230,15382064680,13,-12,543960
pp2205,20220218,20220218,113001000,11:30:03,8368,368164,337210,15383863585,43,-20,1798905
pp2205,20220218,20220218,113001500,11:30:03,8368,368164,337210,15383863585,0,0,0
pp2205,20220218,20220218,133001500,13:30:02,8368,368294,337213,15389302675,130,3,5439090
pp2205,20220218,20220218,133002000,13:30:08,8370,368436,337201,15395244730,142,-12,5942055
pp2205,20220218,20220218,133002500,13:30:09,8372,368504,337222,15398090730,68,21,2846000
pp2205,20220218,20220218,133008500,13:30:10,8363,369341,337110,15433101305,837,-112,35010575
pp2205,20220218,20220218,133009500,13:30:11,8362,369400,337106,15435568145,59,-4,2466840
pp2205,20220218,20220218,133010000,13:30:11,8360,369563,337137,15442381695,163,31,6813550
pp2205,20220218,20220218,133010500,13:30:12,8358,369618,337142,15444680165,55,5,2298470
pp2205,20220218,20220218,133011000,13:30:12,8357,369697,337136,15447981225,79,-6,3301060
pp2205,20220218,20220218,133011500,13:30:13,8357,369726,337127,15449192970,29,-9,1211745
pp2205,20220218,20220218,133012500,13:30:13,8356,369839,337098,15453914290,113,-29,4721320
pp2205,20220218,20220218,133013000,13:30:13,8357,369875,337087,15455418375,36,-11,1504085
pp2205,20220218,20220218,133013500,13:30:14,8357,369911,337084,15456922605,36,-3,1504230
pp2205,20220218,20220218,133014000,13:30:16,8358,370022,337072,15461559965,111,-12,4637360
pp2205,20220218,20220218,133014500,13:30:17,8357,370041,337077,15462353925,19,5,793960
pp2205,20220218,20220218,133015000,13:30:17,8357,370055,337076,15462938925,14,-1,585000
pp2205,20220218,20220218,133016500,13:30:18,8359,370099,337080,15464777730,44,4,1838805
pp2205,20220218,20220218,133017000,13:30:18,8358,370101,337080,15464861310,2,0,83580
pp2205,20220218,20220218,133017500,13:30:19,8359,370132,337083,15466156965,31,3,1295655
pp2205,20220218,20220218,133018000,13:30:19,8359,370148,337088,15466825705,16,5,668740
pp2205,20220218,20220218,133018500,13:30:20,8362,370219,337102,15469793665,71,14,2967960
pp2205,20220218,20220218,133019000,13:30:20,8362,370226,337100,15470086315,7,-2,292650
pp2205,20220218,20220218,133019500,13:30:21,8361,370235,337097,15470462560,9,-3,376245
pp2205,20220218,20220218,133020000,13:30:21,8361,370262,337101,15471591310,27,4,1128750
pp2205,20220218,20220218,133020500,13:30:21,8361,370272,337107,15472009395,10,6,418085
pp2205,20220218,20220218,133021000,13:30:21,8361,370283,337112,15472469295,11,5,459900
pp2205,20220218,20220218,133021500,13:30:22,8362,370297,337109,15473054635,14,-3,585340
pp2205,20220218,20220218,133022000,13:30:38,8363,370315,337113,15473807305,18,4,752670
pp2205,20220218,20220218,133022500,13:30:38,8365,370336,337119,15474685510,21,6,878205
pp2205,20220218,20220218,133023000,13:30:38,8364,370341,337118,15474894605,5,-1,209095
pp2205,20220218,20220218,133038000,13:30:41,8368,370818,337204,15494849180,477,86,19954575
pp2205,20220218,20220218,133038500,13:30:42,8369,370820,337204,15494932865,2,0,83685
pp2205,20220218,20220218,133040500,13:30:43,8369,370873,337218,15497150625,53,14,2217760
pp2205,20220218,20220218,133041000,13:30:43,8369,370891,337222,15497903835,18,4,753210
pp2205,20220218,20220218,133042500,13:30:44,8369,370907,337219,15498573380,16,-3,669545
pp2205,20220218,20220218,133043000,13:30:44,8369,370908,337219,15498615225,1,0,41845
pp2205,20220218,20220218,133043500,13:30:45,8369,370913,337219,15498824450,5,0,209225
pp2205,20220218,20220218,133044000,13:30:46,8369,370929,337224,15499493970,16,5,669520
pp2205,20220218,20220218,133044500,13:30:46,8370,370930,337225,15499535820,1,1,41850
pp2205,20220218,20220218,133045000,13:30:46,8369,370938,337225,15499870580,8,0,334760
pp2205,20220218,20220218,133045500,13:30:46,8370,370949,337225,15500330880,11,0,460300
pp2205,20220218,20220218,133046000,13:30:47,8369,370958,337219,15500707495,9,-6,376615
pp2205,20220218,20220218,133046500,13:30:47,8370,370966,337224,15501042290,8,5,334795
pp2205,20220218,20220218,133047000,13:30:48,8370,371000,337232,15502465190,34,8,1422900
pp2205,20220218,20220218,133047500,13:30:48,8371,371035,337234,15503930085,35,2,1464895
pp2205,20220218,20220218,133048000,13:30:48,8370,371045,337233,15504348635,10,-1,418550
pp2205,20220218,20220218,133048500,13:30:49,8371,371052,337236,15504641605,7,3,292970
pp2205,20220218,20220218,133049000,13:30:49,8371,371070,337245,15505394995,18,9,753390
pp2205,20220218,20220218,133049500,13:30:50,8371,371075,337244,15505604280,5,-1,209285
pp2205,20220218,20220218,133050000,13:30:51,8372,371080,337244,15505813570,5,0,209290
pp2205,20220218,20220218,133050500,13:30:52,8372,371136,337201,15508157955,56,-43,2344385
pp2205,20220218,20220218,133051000,13:30:52,8373,371144,337204,15508492860,8,3,334905
pp2205,20220218,20220218,133051500,13:30:52,8372,371152,337202,15508827760,8,-2,334900
pp2205,20220218,20220218,133052000,13:30:53,8373,371162,337209,15509246410,10,7,418650
pp2205,20220218,20220218,133052500,13:30:54,8373,371225,337212,15511883675,63,3,2637265
pp2205,20220218,20220218,133053000,13:30:54,8373,371230,337212,15512093010,5,0,209335
pp2205,20220218,20220218,133053500,13:30:54,8374,371231,337213,15512134880,1,1,41870
pp2205,20220218,20220218,133054000,13:30:55,8374,371248,337219,15512846670,17,6,711790
pp2205,20220218,20220218,133054500,13:30:55,8375,371281,337218,15514228505,33,-1,1381835
pp2205,20220218,20220218,133055000,13:30:55,8374,371306,337205,15515275395,25,-13,1046890
pp2205,20220218,20220218,133055500,13:30:56,8375,371330,337206,15516280380,24,1,1004985
pp2205,20220218,20220218,133056000,13:30:57,8376,371360,337210,15517536615,30,4,1256235
pp2205,20220218,20220218,133056500,13:30:57,8376,371478,337262,15522478485,118,52,4941870
pp2205,20220218,20220218,133057000,13:30:58,8376,371503,337265,15523525375,25,3,1046890
pp2205,20220218,20220218,133057500,13:30:58,8375,371524,337271,15524404795,21,6,879420
pp2205,20220218,20220218,133058000,13:30:58,8376,371559,337285,15525870535,35,14,1465740
pp2205,20220218,20220218,133058500,13:30:59,8376,371640,337284,15529262830,81,-1,3392295
pp2205,20220218,20220218,133059000,13:30:59,8376,371661,337284,15530142245,21,0,879415
pp2205,20220218,20220218,133059500,13:31:00,8375,371673,337286,15530644755,12,2,502510
pp2205,20220218,20220218,133100000,13:31:00,8375,371674,337286,15530686630,1,0,41875
pp2205,20220218,20220218,133100500,13:31:00,8375,371690,337284,15531356650,16,-2,670020
pp2205,20220218,20220218,133101000,13:31:01,8375,371721,337293,15532654775,31,9,1298125
pp2205,20220218,20220218,133101500,13:31:01,8375,371733,337293,15533157275,12,0,502500
pp2205,20220218,20220218,133102000,13:31:02,8376,371787,337305,15535418795,54,12,2261520
pp2205,20220218,20220218,133102500,13:31:03,8375,371818,337311,15536716950,31,6,1298155
pp2205,20220218,20220218,133103000,13:31:03,8376,371834,337315,15537386955,16,4,670005
pp2205,20220218,20220218,133103500,13:31:05,8376,371846,337311,15537889465,12,-4,502510
pp2205,20220218,20220218,133104000,13:31:06,8375,371881,337318,15539355225,35,7,1465760
pp2205,20220218,20220218,133104500,13:31:07,8377,371948,337319,15542161490,67,1,2806265
pp2205,20220218,20220218,133105500,13:31:08,8380,372516,337102,15565959050,568,-217,23797560
pp2205,20220218,20220218,133106000,13:31:08,8380,372570,337093,15568221690,54,-9,2262640
pp2205,20220218,20220218,133107000,13:31:09,8380,372713,337071,15574212745,143,-22,5991055
pp2205,20220218,20220218,133107500,13:31:09,8379,372733,337072,15575050660,20,1,837915
pp2205,20220218,20220218,133108500,13:31:09,8379,372786,337078,15577271220,53,6,2220560
pp2205,20220218,20220218,133109000,13:31:09,8379,372793,337078,15577564485,7,0,293265
pp2205,20220218,20220218,133109500,13:31:10,8379,372805,337088,15578067225,12,10,502740
pp2205,20220218,20220218,133110000,13:31:11,8380,372812,337092,15578360505,7,4,293280
pp2205,20220218,20220218,133110500,13:31:11,8380,372822,337099,15578779470,10,7,418965
pp2205,20220218,20220218,133111000,13:31:11,8379,372850,337110,15579952540,28,11,1173070
pp2205,20220218,20220218,133111500,13:31:12,8379,372868,337115,15580706600,18,5,754060
pp2205,20220218,20220218,133112000,13:31:12,8379,372877,337121,15581083655,9,6,377055
pp2205,20220218,20220218,133112500,13:31:13,8379,372975,337127,15585189250,98,6,4105595
pp2205,20220218,20220218,133113000,13:31:13,8379,372985,337132,15585608195,10,5,418945
pp2205,20220218,20220218,133113500,13:31:14,8379,372994,337139,15585985255,9,7,377060
pp2205,20220218,20220218,133114000,13:31:15,8380,373026,337149,15587326055,32,10,1340800
pp2205,20220218,20220218,133114500,13:31:15,8380,373046,337142,15588164060,20,-7,838005
pp2205,20220218,20220218,133115000,13:31:15,8380,373057,337141,15588624960,11,-1,460900
pp2205,20220218,20220218,133115500,13:31:16,8380,373079,337126,15589546675,22,-15,921715
pp2205,20220218,20220218,133116000,13:31:16,8380,373086,337125,15589839970,7,-1,293295
pp2205,20220218,20220218,133116500,13:31:17,8380,373094,337127,15590175165,8,2,335195
pp2205,20220218,20220218,133117000,13:31:17,8380,373109,337128,15590803665,15,1,628500
pp2205,20220218,20220218,133117500,13:31:18,8381,373172,337112,15593443825,63,-16,2640160
pp2205,20220218,20220218,133118000,13:31:19,8381,373281,337082,15598011795,109,-30,4567970
pp2205,20220218,20220218,133118500,13:31:19,8382,373294,337074,15598556605,13,-8,544810
pp2205,20220218,20220218,133119000,13:31:19,8382,373331,337070,15600107250,37,-4,1550645
pp2205,20220218,20220218,133119500,13:31:20,8382,373349,337072,15600861640,18,2,754390
pp2205,20220218,20220218,133120000,13:31:20,8382,373359,337073,15601280750,10,1,419110
pp2205,20220218,20220218,133120500,13:31:21,8381,373407,337062,15603292210,48,-11,2011460
pp2205,20220218,20220218,133121000,13:31:21,8380,373497,337080,15607063220,90,18,3771010
pp2205,20220218,20220218,133121500,13:31:22,8380,373508,337082,15607524105,11,2,460885
pp2205,20220218,20220218,133122000,13:31:23,8380,373543,337090,15608990450,35,8,1466345
pp2205,20220218,20220218,133122500,13:31:23,8380,373575,337097,15610331100,32,7,1340650
pp2205,20220218,20220218,133123000,13:31:25,8379,373585,337095,15610750060,10,-2,418960
pp2205,20220218,20220218,133123500,13:31:25,8379,373597,337093,15611252805,12,-2,502745
pp2205,20220218,20220218,133124500,13:31:25,8377,373685,337085,15614938860,88,-8,3686055
pp2205,20220218,20220218,133156000,13:31:56,8378,373715,337084,15616195380,30,-1,1256520
pp2205,20220218,20220218,133158500,13:31:58,8378,373752,337069,15617745135,37,-15,1549755
pp2205,20220218,20220218,133159500,13:32:00,8377,373761,337065,15618122105,9,-4,376970
pp2205,20220218,20220218,133200500,13:32:01,8377,374492,337016,15648740610,731,-49,30618505
pp2205,20220218,20220218,133201000,13:32:01,8377,374520,337010,15649913390,28,-6,1172780
pp2205,20220218,20220218,133201500,13:32:01,8376,374558,337015,15651504910,38,5,1591520
pp2205,20220218,20220218,133202000,13:32:03,8376,374625,337020,15654310875,67,5,2805965
pp2205,20220218,20220218,133202500,13:32:03,8376,374633,337022,15654645905,8,2,335030
pp2205,20220218,20220218,133203000,13:32:04,8377,374677,337047,15656488620,44,25,1842715
pp2205,20220218,20220218,133203500,13:32:05,8377,374680,337047,15656614275,3,0,125655
pp2205,20220218,20220218,133204000,13:32:05,8377,374681,337046,15656656160,1,-1,41885
pp2205,20220218,20220218,133205000,13:32:06,8375,374737,337024,15659001280,56,-22,2345120
pp2205,20220218,20220218,133205500,13:32:06,8374,374774,337028,15660550510,37,4,1549230
pp2205,20220218,20220218,133206000,13:32:06,8372,374828,337019,15662811360,54,-9,2260850
pp2205,20220218,20220218,133206500,13:32:07,8372,374867,337027,15664444060,39,8,1632700
pp2205,20220218,20220218,133207000,13:32:07,8373,374891,337021,15665448805,24,-6,1004745
pp2205,20220218,20220218,133207500,13:32:07,8373,374903,337019,15665951200,12,-2,502395
pp2205,20220218,20220218,133208000,13:32:09,8371,374931,337025,15667123360,28,6,1172160
pp2205,20220218,20220218,133208500,13:32:10,8373,374947,337024,15667793140,16,-1,669780
pp2205,20220218,20220218,133209000,13:32:10,8373,374962,337025,15668421095,15,1,627955
pp2205,20220218,20220218,133209500,13:32:10,8372,374976,337023,15669007145,14,-2,586050
pp2205,20220218,20220218,133210000,13:32:10,8371,375013,337022,15670555790,37,-1,1548645
pp2205,20220218,20220218,133210500,13:32:13,8371,375050,337024,15672104420,37,2,1548630
pp2205,20220218,20220218,133211000,13:32:14,8371,375054,337026,15672271840,4,2,167420
pp2205,20220218,20220218,133213000,13:32:15,8370,375154,337053,15676456815,100,27,4184975
pp2205,20220218,20220218,133214000,13:32:15,8371,375189,337045,15677921590,35,-8,1464775
pp2205,20220218,20220218,133214500,13:32:16,8371,375196,337040,15678214545,7,-5,292955
pp2205,20220218,20220218,133215000,13:32:16,8371,375258,337039,15680809555,62,-1,2595010
pp2205,20220218,20220218,133215500,13:32:16,8371,375258,337039,15680809555,0,0,0
pp2205,20220218,20220218,133216000,13:32:17,8372,375261,337042,15680935135,3,3,125580
pp2205,20220218,20220218,133216500,13:32:17,8372,375283,337045,15681856055,22,3,920920
pp2205,20220218,20220218,133217000,13:32:17,8372,375285,337045,15681939775,2,0,83720
pp2205,20220218,20220218,133217500,13:32:18,8373,375385,337070,15686126120,100,25,4186345
pp2205,20220218,20220218,133218000,13:32:18,8371,375445,337052,15688637580,60,-18,2511460
pp2205,20220218,20220218,133218500,13:32:19,8371,375474,337040,15689851245,29,-12,1213665
pp2205,20220218,20220218,133219000,13:32:20,8371,375474,337040,15689851245,0,0,0
pp2205,20220218,20220218,133219500,13:32:20,8370,375487,337050,15690395260,13,10,544015
pp2205,20220218,20220218,133220000,13:32:21,8370,375499,337049,15690897460,12,-1,502200
pp2205,20220218,20220218,133220500,13:32:21,8370,375499,337049,15690897460,0,0,0
pp2205,20220218,20220218,133221000,13:32:21,8371,375520,337059,15691776355,21,10,878895
pp2205,20220218,20220218,133221500,13:32:22,8372,375573,337083,15693994765,53,24,2218410
pp2205,20220218,20220218,133222000,13:32:22,8372,375677,337119,15698348215,104,36,4353450
pp2205,20220218,20220218,133222500,13:32:23,8372,375688,337114,15698808675,11,-5,460460
pp2205,20220218,20220218,133223000,13:32:24,8372,375703,337105,15699436575,15,-9,627900
pp2205,20220218,20220218,133223500,13:32:24,8371,375704,337106,15699478430,1,1,41855
pp2205,20220218,20220218,133224000,13:32:24,8371,375731,337103,15700608515,27,-3,1130085
pp2205,20220218,20220218,133224500,13:32:24,8371,375734,337103,15700734080,3,0,125565
pp2205,20220218,20220218,133225000,13:32:25,8372,375780,337126,15702659540,46,23,1925460
pp2205,20220218,20220218,133225500,13:32:25,8371,375858,337155,15705924605,78,29,3265065
pp2205,20220218,20220218,133226000,13:32:27,8372,375863,337156,15706133895,5,1,209290
pp2205,20220218,20220218,133226500,13:32:27,8372,375885,337155,15707054720,22,-1,920825
pp2205,20220218,20220218,133227000,13:32:27,8372,375887,337157,15707138440,2,2,83720
pp2205,20220218,20220218,133227500,13:32:28,8372,375890,337157,15707264015,3,0,125575
pp2205,20220218,20220218,133228000,13:32:32,8372,375894,337159,15707431455,4,2,167440
pp2205,20220218,20220218,133228500,13:32:32,8372,375896,337159,15707515175,2,0,83720
pp2205,20220218,20220218,133229000,13:32:33,8372,375902,337158,15707766330,6,-1,251155
pp2205,20220218,20220218,133232000,13:32:35,8372,375930,337158,15708938400,28,0,1172070
pp2205,20220218,20220218,133232500,13:32:35,8371,375944,337162,15709524380,14,4,585980
pp2205,20220218,20220218,133234500,13:32:35,8372,375960,337171,15710194085,16,9,669705
pp2205,20220218,20220218,133235000,13:32:36,8370,375970,337173,15710612585,10,2,418500
pp2205,20220218,20220218,133235500,13:32:36,8371,376013,337200,15712412160,43,27,1799575
pp2205,20220218,20220218,133236000,13:32:36,8369,376030,337191,15713123535,17,-9,711375
pp2205,20220218,20220218,133236500,13:32:37,8370,376050,337185,15713960535,20,-6,837000
pp2205,20220218,20220218,133237000,13:32:37,8370,376052,337185,15714044235,2,0,83700
pp2205,20220218,20220218,133237500,13:32:38,8370,376075,337183,15715006780,23,-2,962545
pp2205,20220218,20220218,133238000,13:32:38,8369,376078,337185,15715132325,3,2,125545
pp2205,20220218,20220218,133238500,13:32:39,8371,376096,337188,15715885635,18,3,753310
pp2205,20220218,20220218,133239000,13:32:39,8371,376097,337189,15715927490,1,1,41855
pp2205,20220218,20220218,133239500,13:32:40,8369,376145,337207,15717936060,48,18,2008570
pp2205,20220218,20220218,133240000,13:32:40,8369,376155,337215,15718354505,10,8,418445
pp2205,20220218,20220218,133240500,13:32:40,8369,376166,337217,15718814800,11,2,460295
pp2205,20220218,20220218,133241000,13:32:41,8370,376179,337223,15719358850,13,6,544050
pp2205,20220218,20220218,133241500,13:32:42,8370,376182,337223,15719484400,3,0,125550
pp2205,20220218,20220218,133242000,13:32:42,8369,376186,337219,15719651780,4,-4,167380
pp2205,20220218,20220218,133242500,13:32:42,8369,376191,337218,15719861010,5,-1,209230
pp2205,20220218,20220218,133243000,13:32:43,8369,376210,337216,15720656085,19,-2,795075
pp2205,20220218,20220218,133243500,13:32:43,8370,376212,337216,15720739780,2,0,83695
pp2205,20220218,20220218,133244000,13:32:44,8370,376212,337216,15720739780,0,0,0
pp2205,20220218,20220218,133244500,13:32:45,8369,376214,337216,15720823470,2,0,83690
pp2205,20220218,20220218,133245000,13:32:45,8368,376225,337210,15721283765,11,-6,460295
pp2205,20220218,20220218,133245500,13:32:45,8368,376226,337209,15721325605,1,-1,41840
pp2205,20220218,20220218,133246000,13:32:47,8367,376288,337231,15723919705,62,22,2594100
pp2205,20220218,20220218,133246500,13:32:47,8367,376313,337240,15724965705,25,9,1046000
pp2205,20220218,20220218,133247000,13:32:47,8368,376331,337251,15725718825,18,11,753120
pp2205,20220218,20220218,133247500,13:32:48,8369,376363,337259,15727057775,32,8,1338950
pp2205,20220218,20220218,133248000,13:32:48,8368,376372,337257,15727434335,9,-2,376560
pp2205,20220218,20220218,133248500,13:32:49,8368,376389,337256,15728145615,17,-1,711280
pp2205,20220218,20220218,133249000,13:32:49,8369,376401,337251,15728647700,12,-5,502085
pp2205,20220218,20220218,133249500,13:32:50,8368,376408,337245,15728940550,7,-6,292850
pp2205,20220218,20220218,133250000,13:32:50,8368,376442,337244,15730362975,34,-1,1422425
pp2205,20220218,20220218,133250500,13:32:52,8368,376453,337248,15730823190,11,4,460215
pp2205,20220218,20220218,133251000,13:32:52,8368,376456,337248,15730948710,3,0,125520
pp2205,20220218,20220218,133251500,13:32:53,8367,376584,337197,15736303005,128,-51,5354295
pp2205,20220218,20220218,133252500,13:32:53,8366,376624,337188,15737976165,40,-9,1673160
pp2205,20220218,20220218,133253000,13:32:53,8365,376627,337190,15738101650,3,2,125485
pp2205,20220218,20220218,133253500,13:32:54,8365,376659,337175,15739440130,32,-15,1338480
pp2205,20220218,20220218,133254000,13:32:54,8366,376675,337177,15740109350,16,2,669220
pp2205,20220218,20220218,133254500,13:32:55,8366,376696,337182,15740987740,21,5,878390
pp2205,20220218,20220218,133255000,13:32:55,8365,376697,337183,15741029565,1,1,41825
pp2205,20220218,20220218,133255500,13:32:55,8365,376701,337186,15741196865,4,3,167300
pp2205,20220218,20220218,133256000,13:32:56,8366,376709,337188,15741531500,8,2,334635
pp2205,20220218,20220218,133256500,13:32:57,8366,376717,337188,15741866115,8,0,334615
pp2205,20220218,20220218,133257000,13:32:59,8365,376735,337206,15742618965,18,18,752850
pp2205,20220218,20220218,133257500,13:33:00,8365,376736,337207,15742660790,1,1,41825
pp2205,20220218,20220218,133258000,13:33:00,8365,376742,337211,15742911730,6,4,250940
pp2205,20220218,20220218,133258500,13:33:00,8365,376750,337213,15743246330,8,2,334600
pp2205,20220218,20220218,133259500,13:33:01,8365,376788,337221,15744835810,38,8,1589480
pp2205,20220218,20220218,133300000,13:33:01,8367,376794,337219,15745086820,6,-2,251010
pp2205,20220218,20220218,133300500,13:33:01,8367,376795,337219,15745128655,1,0,41835
pp2205,20220218,20220218,133301000,13:33:02,8367,376855,337255,15747638755,60,36,2510100
pp2205,20220218,20220218,133301500,13:33:02,8368,376856,337255,15747680595,1,0,41840
pp2205,20220218,20220218,133302000,13:33:03,8368,376880,337261,15748684755,24,6,1004160
pp2205,20220218,20220218,133302500,13:33:03,8368,376886,337259,15748935800,6,-2,251045
pp2205,20220218,20220218,133303000,13:33:03,8367,376888,337257,15749019470,2,-2,83670
pp2205,20220218,20220218,133303500,13:33:04,8367,376889,337258,15749061305,1,1,41835
pp2205,20220218,20220218,133304000,13:33:04,8367,376910,337253,15749939935,21,-5,878630
pp2205,20220218,20220218,133304500,13:33:05,8368,376932,337266,15750860430,22,13,920495
pp2205,20220218,20220218,133305000,13:33:05,8368,376964,337254,15752199310,32,-12,1338880
pp2205,20220218,20220218,133305500,13:33:05,8368,376967,337256,15752324830,3,2,125520
pp2205,20220218,20220218,133306000,13:33:06,8367,376987,337253,15753161530,20,-3,836700
pp2205,20220218,20220218,133306500,13:33:06,8367,377003,337242,15753830820,16,-11,669290
pp2205,20220218,20220218,133307000,13:33:07,8367,377003,337242,15753830820,0,0,0
pp2205,20220218,20220218,133308000,13:33:08,8366,377004,337242,15753872650,1,0,41830
pp2205,20220218,20220218,133308500,13:33:09,8368,377016,337248,15754374695,12,6,502045
pp2205,20220218,20220218,133309000,13:33:09,8367,377025,337252,15754751220,9,4,376525
pp2205,20220218,20220218,133309500,13:33:10,8368,377029,337253,15754918565,4,1,167345
pp2205,20220218,20220218,133310000,13:33:11,8368,377029,337253,15754918565,0,0,0
pp2205,20220218,20220218,133310500,13:33:12,8368,377050,337260,15755797185,21,7,878620
pp2205,20220218,20220218,133311000,13:33:13,8367,377058,337260,15756131900,8,0,334715
pp2205,20220218,20220218,133311500,13:33:14,8368,377060,337262,15756215575,2,2,83675
pp2205,20220218,20220218,133312000,13:33:14,8367,377064,337263,15756382925,4,1,167350
pp2205,20220218,20220218,133313500,13:33:15,8367,377064,337263,15756382925,0,0,0
pp2205,20220218,20220218,133314000,13:33:17,8369,377103,337265,15758014665,39,2,1631740
pp2205,20220218,20220218,133314500,13:33:17,8369,377105,337265,15758098350,2,0,83685
pp2205,20220218,20220218,133315000,13:33:18,8369,377110,337264,15758307555,5,-1,209205
pp2205,20220218,20220218,133315500,13:33:18,8370,377135,337273,15759353710,25,9,1046155
pp2205,20220218,20220218,133317000,13:33:19,8370,377182,337283,15761320650,47,10,1966940
pp2205,20220218,20220218,133317500,13:33:19,8371,377220,337283,15762911135,38,0,1590485
pp2205,20220218,20220218,133318000,13:33:19,8371,377236,337287,15763580815,16,4,669680
pp2205,20220218,20220218,133318500,13:33:19,8371,377238,337288,15763664525,2,1,83710
pp2205,20220218,20220218,133319000,13:33:20,8371,377262,337276,15764668940,24,-12,1004415
pp2205,20220218,20220218,133319500,13:33:20,8370,377265,337278,15764794490,3,2,125550
pp2205,20220218,20220218,133320000,13:33:21,8370,377274,337287,15765171140,9,9,376650
pp2205,20220218,20220218,133320500,13:33:22,8370,377296,337278,15766091835,22,-9,920695
pp2205,20220218,20220218,133321000,13:33:22,8371,377300,337280,15766259245,4,2,167410
pp2205,20220218,20220218,133321500,13:33:22,8371,377304,337279,15766426655,4,-1,167410
pp2205,20220218,20220218,133322000,13:33:22,8371,377308,337281,15766594070,4,2,167415
pp2205,20220218,20220218,133322500,13:33:22,8370,377340,337272,15767933315,32,-9,1339245
pp2205,20220218,20220218,133323000,13:33:23,8370,377343,337272,15768058865,3,0,125550
pp2205,20220218,20220218,133323500,13:33:24,8370,377349,337269,15768309965,6,-3,251100
pp2205,20220218,20220218,133324000,13:33:24,8369,377395,337245,15770234835,46,-24,1924870
pp2205,20220218,20220218,133324500,13:33:25,8368,377435,337274,15771908435,40,29,1673600
pp2205,20220218,20220218,133325000,13:33:26,8369,377440,337276,15772117650,5,2,209215
pp2205,20220218,20220218,133325500,13:33:26,8369,377452,337279,15772619750,12,3,502100
pp2205,20220218,20220218,133326000,13:33:28,8369,377452,337279,15772619750,0,0,0
pp2205,20220218,20220218,133326500,13:33:29,8369,377463,337282,15773080045,11,3,460295
pp2205,20220218,20220218,133327000,13:33:29,8369,377463,337282,15773080045,0,0,0
pp2205,20220218,20220218,133327500,13:33:30,8369,377463,337282,15773080045,0,0,0
pp2205,20220218,20220218,133328500,13:33:30,8368,377470,337284,15773372955,7,2,292910
pp2205,20220218,20220218,133329000,13:33:30,8369,377472,337285,15773456645,2,1,83690
pp2205,20220218,20220218,133329500,13:33:30,8369,377472,337285,15773456645,0,0,0
pp2205,20220218,20220218,133330500,13:33:31,8368,377475,337282,15773582165,3,-3,125520
pp2205,20220218,20220218,133331000,13:33:32,8368,377488,337271,15774126110,13,-11,543945
pp2205,20220218,20220218,133331500,13:33:32,8368,377494,337269,15774377150,6,-2,251040
pp2205,20220218,20220218,133332000,13:33:32,8368,377501,337271,15774670030,7,2,292880
pp2205,20220218,20220218,133332500,13:33:32,8369,377520,337282,15775465010,19,11,794980
pp2205,20220218,20220218,133333000,13:33:33,8367,377526,337281,15775716040,6,-1,251030
pp2205,20220218,20220218,133333500,13:33:33,8367,377526,337281,15775716040,0,0,0
pp2205,20220218,20220218,133334000,13:33:34,8369,377528,337282,15775799730,2,1,83690
pp2205,20220218,20220218,133334500,13:33:34,8369,377569,337286,15777515375,41,4,1715645
pp2205,20220218,20220218,133335000,13:33:35,8369,377570,337285,15777557220,1,-1,41845
pp2205,20220218,20220218,133335500,13:33:35,8370,377571,337284,15777599070,1,-1,41850
pp2205,20220218,20220218,133336000,13:33:36,8369,377574,337281,15777724605,3,-3,125535
pp2205,20220218,20220218,133336500,13:33:36,8370,377576,337279,15777808300,2,-2,83695
pp2205,20220218,20220218,133337000,13:33:37,8369,377578,337279,15777891995,2,0,83695
pp2205,20220218,20220218,133337500,13:33:37,8369,377578,337279,15777891995,0,0,0
pp2205,20220218,20220218,133338000,13:33:38,8370,377585,337279,15778184945,7,0,292950
pp2205,20220218,20220218,133338500,13:33:39,8370,377595,337288,15778603445,10,9,418500
pp2205,20220218,20220218,133339000,13:33:39,8370,377597,337288,15778687145,2,0,83700
pp2205,20220218,20220218,133339500,13:33:40,8370,377604,337284,15778980095,7,-4,292950
pp2205,20220218,20220218,133340000,13:33:40,8370,377606,337283,15779063800,2,-1,83705
pp2205,20220218,20220218,133340500,13:33:41,8370,377606,337283,15779063800,0,0,0
pp2205,20220218,20220218,133341000,13:33:41,8371,377607,337282,15779105655,1,-1,41855
pp2205,20220218,20220218,133341500,13:33:42,8371,377636,337290,15780319450,29,8,1213795
pp2205,20220218,20220218,133342000,13:33:42,8371,377654,337291,15781072840,18,1,753390
pp2205,20220218,20220218,133342500,13:33:42,8371,377655,337292,15781114695,1,1,41855
pp2205,20220218,20220218,133343000,13:33:43,8371,377662,337291,15781407700,7,-1,293005
pp2205,20220218,20220218,133343500,13:33:44,8371,377664,337293,15781491410,2,2,83710
pp2205,20220218,20220218,133344000,13:33:45,8371,377666,337294,15781575120,2,1,83710
pp2205,20220218,20220218,133344500,13:33:45,8372,377668,337296,15781658835,2,2,83715
pp2205,20220218,20220218,133345000,13:33:45,8372,377668,337296,15781658835,0,0,0
pp2205,20220218,20220218,133345500,13:33:46,8372,377672,337297,15781826270,4,1,167435
pp2205,20220218,20220218,133346000,13:33:47,8372,377686,337295,15782412290,14,-2,586020
pp2205,20220218,20220218,133346500,13:33:48,8372,377691,337297,15782621585,5,2,209295
pp2205,20220218,20220218,133347000,13:33:48,8371,377693,337295,15782705295,2,-2,83710
pp2205,20220218,20220218,133347500,13:33:49,8371,377719,337280,15783793525,26,-15,1088230
pp2205,20220218,20220218,133348000,13:33:49,8371,377730,337279,15784253930,11,-1,460405
pp2205,20220218,20220218,133348500,13:33:49,8371,377733,337279,15784379490,3,0,125560
pp2205,20220218,20220218,133349000,13:33:50,8370,377735,337277,15784463190,2,-2,83700
pp2205,20220218,20220218,133349500,13:33:50,8371,377736,337278,15784505045,1,1,41855
pp2205,20220218,20220218,133350000,13:33:50,8372,377797,337269,15787058465,61,-9,2553420
pp2205,20220218,20220218,133350500,13:33:50,8371,377798,337269,15787100320,1,0,41855
pp2205,20220218,20220218,133351000,13:33:51,8371,377799,337270,15787142175,1,1,41855
pp2205,20220218,20220218,133351500,13:33:52,8372,377800,337269,15787184035,1,-1,41860
pp2205,20220218,20220218,133352000,13:33:52,8372,377800,337269,15787184035,0,0,0
pp2205,20220218,20220218,133352500,13:33:52,8370,377873,337256,15790239315,73,-13,3055280
pp2205,20220218,20220218,133353000,13:33:53,8370,377884,337260,15790699670,11,4,460355
pp2205,20220218,20220218,133353500,13:33:53,8371,377887,337263,15790825235,3,3,125565
pp2205,20220218,20220218,133354000,13:33:54,8370,377891,337265,15790992635,4,2,167400
pp2205,20220218,20220218,133354500,13:33:55,8371,377892,337266,15791034490,1,1,41855
pp2205,20220218,20220218,133355000,13:33:56,8371,377892,337266,15791034490,0,0,0
pp2205,20220218,20220218,133355500,13:33:56,8370,377896,337265,15791201885,4,-1,167395
pp2205,20220218,20220218,133356000,13:33:56,8369,377898,337263,15791285575,2,-2,83690
pp2205,20220218,20220218,133356500,13:33:57,8369,377898,337263,15791285575,0,0,0
pp2205,20220218,20220218,133357000,13:33:57,8369,377902,337259,15791452955,4,-4,167380
pp2205,20220218,20220218,133357500,13:33:58,8369,377904,337257,15791536645,2,-2,83690
pp2205,20220218,20220218,133358000,13:33:58,8370,377908,337258,15791704035,4,1,167390
pp2205,20220218,20220218,133358500,13:33:58,8370,377909,337259,15791745885,1,1,41850
pp2205,20220218,20220218,133359000,13:33:59,8370,377911,337261,15791829585,2,2,83700
pp2205,20220218,20220218,133400000,13:34:00,8370,377912,337262,15791871435,1,1,41850
pp2205,20220218,20220218,133400500,13:34:00,8370,377916,337265,15792038835,4,3,167400
pp2205,20220218,20220218,133401000,13:34:01,8370,377917,337265,15792080685,1,0,41850
pp2205,20220218,20220218,133401500,13:34:02,8370,377917,337265,15792080685,0,0,0
pp2205,20220218,20220218,133402000,13:34:02,8370,377917,337265,15792080685,0,0,0
pp2205,20220218,20220218,133403000,13:34:10,8371,377944,337275,15793210700,27,10,1130015
pp2205,20220218,20220218,133403500,13:34:11,8370,377952,337270,15793545520,8,-5,334820
pp2205,20220218,20220218,133410000,13:34:12,8373,378132,337243,15801080370,180,-27,7534850
pp2205,20220218,20220218,133410500,13:34:12,8373,378132,337243,15801080370,0,0,0
pp2205,20220218,20220218,133411000,13:34:12,8374,378145,337251,15801624675,13,8,544305
pp2205,20220218,20220218,133411500,13:34:12,8374,378145,337251,15801624675,0,0,0
pp2205,20220218,20220218,133412000,13:34:12,8373,378153,337252,15801959600,8,1,334925
pp2205,20220218,20220218,133412500,13:34:13,8374,378165,337253,15802462040,12,1,502440
pp2205,20220218,20220218,133413000,13:34:13,8373,378167,337252,15802545770,2,-1,83730
pp2205,20220218,20220218,133413500,13:34:14,8373,378179,337248,15803048150,12,-4,502380
pp2205,20220218,20220218,133414000,13:34:14,8373,378181,337248,15803131880,2,0,83730
pp2205,20220218,20220218,133414500,13:34:15,8374,378201,337259,15803969240,20,11,837360
pp2205,20220218,20220218,133415000,13:34:15,8375,378315,337301,15808742950,114,42,4773710
pp2205,20220218,20220218,133415500,13:34:16,8376,378367,337295,15810920700,52,-6,2177750
pp2205,20220218,20220218,133416000,13:34:16,8376,378379,337287,15811423270,12,-8,502570
pp2205,20220218,20220218,133416500,13:34:17,8376,378386,337282,15811716435,7,-5,293165
pp2205,20220218,20220218,133417000,13:34:17,8376,378396,337284,15812135220,10,2,418785
pp2205,20220218,20220218,133417500,13:34:17,8375,378401,337283,15812344610,5,-1,209390
pp2205,20220218,20220218,133418000,13:34:18,8376,378416,337272,15812972755,15,-11,628145
pp2205,20220218,20220218,133418500,13:34:19,8376,378422,337272,15813224030,6,0,251275
pp2205,20220218,20220218,133419000,13:34:19,8376,378429,337270,15813517175,7,-2,293145
