pp2207,20220218,20220218,112003000,11:20:08,8350,14325,52647,597262975,14325,1533,597262975
pp2207,20220218,20220218,112004500,11:20:10,8350,14325,52647,597262975,0,0,0
pp2207,20220218,20220218,112005500,11:20:10,8350,14325,52647,597262975,0,0,0
pp2207,20220218,20220218,112007500,11:20:10,8350,14325,52647,597262975,0,0,0
pp2207,20220218,20220218,112008000,11:20:10,8352,14326,52647,597304735,1,0,41760
pp2207,20220218,20220218,112008500,11:20:10,8352,14326,52647,597304735,0,0,0
pp2207,20220218,20220218,112009000,11:20:10,8352,14326,52647,597304735,0,0,0
pp2207,20220218,20220218,112010000,11:20:10,8352,14326,52647,597304735,0,0,0
pp2207,20220218,20220218,112010500,11:20:10,8352,14326,52647,597304735,0,0,0
pp2207,20220218,20220218,112011000,11:20:11,8352,14326,52647,597304735,0,0,0
pp2207,20220218,20220218,112011500,11:20:12,8352,14326,52647,597304735,0,0,0
pp2207,20220218,20220218,112012000,11:20:12,8352,14326,52647,597304735,0,0,0
pp2207,20220218,20220218,112012500,11:20:12,8352,14326,52647,597304735,0,0,0
pp2207,20220218,20220218,112013000,11:20:13,8352,14326,52647,597304735,0,0,0
pp2207,20220218,20220218,112014000,11:20:14,8352,14326,52647,597304735,0,0,0
pp2207,20220218,20220218,112015500,11:20:16,8352,14326,52647,597304735,0,0,0
pp2207,20220218,20220218,112016000,11:20:16,8352,14326,52647,597304735,0,0,0
pp2207,20220218,20220218,112016500,11:20:16,8352,14326,52647,597304735,0,0,0
pp2207,20220218,20220218,112017000,11:20:17,8352,14326,52647,597304735,0,0,0
pp2207,20220218,20220218,112017500,11:20:17,8352,14326,52647,597304735,0,0,0
pp2207,20220218,20220218,112018500,11:20:18,8352,14326,52647,597304735,0,0,0
pp2207,20220218,20220218,112019000,11:20:19,8352,14326,52647,597304735,0,0,0
pp2207,20220218,20220218,112019500,11:20:20,8352,14326,52647,597304735,0,0,0
pp2207,20220218,20220218,112020000,11:20:20,8352,14326,52647,597304735,0,0,0
pp2207,20220218,20220218,112020500,11:20:21,8352,14326,52647,597304735,0,0,0
pp2207,20220218,20220218,112021000,11:20:21,8352,14326,52647,597304735,0,0,0
pp2207,20220218,20220218,112021500,11:20:21,8352,14326,52647,597304735,0,0,0
pp2207,20220218,20220218,112022000,11:20:22,8352,14326,52647,597304735,0,0,0
pp2207,20220218,20220218,112022500,11:20:23,8352,14326,52647,597304735,0,0,0
pp2207,20220218,20220218,112025500,11:20:25,8352,14326,52647,597304735,0,0,0
pp2207,20220218,20220218,112026000,11:20:26,8352,14326,52647,597304735,0,0,0
pp2207,20220218,20220218,112026500,11:20:26,8352,14326,52647,597304735,0,0,0
pp2207,20220218,20220218,112029000,11:20:29,8352,14326,52647,597304735,0,0,0
pp2207,20220218,20220218,112029500,11:20:31,8352,14326,52647,597304735,0,0,0
pp2207,20220218,20220218,112030000,11:20:31,8352,14326,52647,597304735,0,0,0
pp2207,20220218,20220218,112030500,11:20:31,8352,14331,52648,597513535,5,1,208800
pp2207,20220218,20220218,112031000,11:20:32,8352,14331,52648,597513535,0,0,0
pp2207,20220218,20220218,112031500,11:20:32,8352,14331,52648,597513535,0,0,0
pp2207,20220218,20220218,112032000,11:20:32,8352,14331,52648,597513535,0,0,0
pp2207,20220218,20220218,112033500,11:20:33,8352,14332,52648,597555295,1,0,41760
pp2207,20220218,20220218,112034000,11:20:34,8352,14332,52648,597555295,0,0,0
pp2207,20220218,20220218,112034500,11:20:35,8352,14332,52648,597555295,0,0,0
pp2207,20220218,20220218,112035000,11:20:35,8352,14332,52648,597555295,0,0,0
pp2207,20220218,20220218,112035500,11:20:35,8352,14332,52648,597555295,0,0,0
pp2207,20220218,20220218,112036000,11:20:36,8353,14334,52648,597638825,2,0,83530
pp2207,20220218,20220218,112036500,11:20:37,8353,14336,52650,597722355,2,2,83530
pp2207,20220218,20220218,112037000,11:20:37,8353,14336,52650,597722355,0,0,0
pp2207,20220218,20220218,112045500,11:20:46,8353,14336,52650,597722355,0,0,0
pp2207,20220218,20220218,112046000,11:20:46,8353,14336,52650,597722355,0,0,0
pp2207,20220218,20220218,112046500,11:20:46,8353,14336,52650,597722355,0,0,0
pp2207,20220218,20220218,112051500,11:20:52,8353,14336,52650,597722355,0,0,0
pp2207,20220218,20220218,112052000,11:20:53,8353,14336,52650,597722355,0,0,0
pp2207,20220218,20220218,112052500,11:20:53,8353,14338,52648,597805885,2,-2,83530
pp2207,20220218,20220218,112053000,11:20:53,8353,14338,52648,597805885,0,0,0
pp2207,20220218,20220218,112053500,11:20:53,8353,14338,52648,597805885,0,0,0
pp2207,20220218,20220218,112054500,11:20:55,8353,14338,52648,597805885,0,0,0
pp2207,20220218,20220218,112055000,11:20:55,8353,14338,52648,597805885,0,0,0
pp2207,20220218,20220218,112057500,11:20:58,8353,14340,52650,597889415,2,2,83530
pp2207,20220218,20220218,112058000,11:20:59,8353,14340,52650,597889415,0,0,0
pp2207,20220218,20220218,112058500,11:20:59,8353,14340,52650,597889415,0,0,0
pp2207,20220218,20220218,112059000,11:21:00,8353,14340,52650,597889415,0,0,0
pp2207,20220218,20220218,112059500,11:21:00,8353,14340,52650,597889415,0,0,0
pp2207,20220218,20220218,112100000,11:21:00,8353,14340,52650,597889415,0,0,0
pp2207,20220218,20220218,112104000,11:21:04,8353,14340,52650,597889415,0,0,0
pp2207,20220218,20220218,112104500,11:21:05,8353,14340,52650,597889415,0,0,0
pp2207,20220218,20220218,112105000,11:21:06,8353,14340,52650,597889415,0,0,0
pp2207,20220218,20220218,112105500,11:21:07,8353,14340,52650,597889415,0,0,0
pp2207,20220218,20220218,112106000,11:21:07,8353,14340,52650,597889415,0,0,0
pp2207,20220218,20220218,112106500,11:21:09,8353,14340,52650,597889415,0,0,0
pp2207,20220218,20220218,112107000,11:21:09,8353,14340,52650,597889415,0,0,0
pp2207,20220218,20220218,112110000,11:21:11,8353,14340,52650,597889415,0,0,0
pp2207,20220218,20220218,112110500,11:21:11,8353,14340,52650,597889415,0,0,0
pp2207,20220218,20220218,112111000,11:21:11,8353,14340,52650,597889415,0,0,0
pp2207,20220218,20220218,112111500,11:21:12,8353,14340,52650,597889415,0,0,0
pp2207,20220218,20220218,112112000,11:21:12,8353,14340,52650,597889415,0,0,0
pp2207,20220218,20220218,112112500,11:21:13,8353,14340,52650,597889415,0,0,0
pp2207,20220218,20220218,112114500,11:21:15,8353,14340,52650,597889415,0,0,0
pp2207,20220218,20220218,112116500,11:21:17,8353,14340,52650,597889415,0,0,0
pp2207,20220218,20220218,112117000,11:21:17,8353,14340,52650,597889415,0,0,0
pp2207,20220218,20220218,112117500,11:21:18,8355,14343,52651,598014730,3,1,125315
pp2207,20220218,20220218,112118000,11:21:18,8354,14345,52653,598098270,2,2,83540
pp2207,20220218,20220218,112118500,11:21:18,8354,14345,52653,598098270,0,0,0
pp2207,20220218,20220218,112119000,11:21:19,8354,14345,52653,598098270,0,0,0
pp2207,20220218,20220218,112119500,11:21:20,8354,14345,52653,598098270,0,0,0
pp2207,20220218,20220218,112120000,11:21:20,8354,14345,52653,598098270,0,0,0
pp2207,20220218,20220218,112120500,11:21:22,8354,14345,52653,598098270,0,0,0
pp2207,20220218,20220218,112121000,11:21:22,8354,14345,52653,598098270,0,0,0
pp2207,20220218,20220218,112332500,11:23:33,8354,14345,52653,598098270,0,0,0
pp2207,20220218,20220218,112333000,11:23:33,8354,14345,52653,598098270,0,0,0
pp2207,20220218,20220218,112333500,11:23:33,8354,14345,52653,598098270,0,0,0
pp2207,20220218,20220218,112340500,11:23:40,8354,14345,52653,598098270,0,0,0
pp2207,20220218,20220218,112341000,11:23:41,8349,14383,52659,599684940,38,6,1586670
pp2207,20220218,20220218,112341500,11:23:42,8349,14383,52659,599684940,0,0,0
pp2207,20220218,20220218,112342000,11:23:42,8349,14383,52659,599684940,0,0,0
pp2207,20220218,20220218,112348000,11:23:48,8349,14383,52659,599684940,0,0,0
pp2207,20220218,20220218,112349500,11:23:50,8349,14383,52659,599684940,0,0,0
pp2207,20220218,20220218,112350000,11:23:50,8349,14383,52659,599684940,0,0,0
pp2207,20220218,20220218,112350500,11:23:50,8349,14383,52659,599684940,0,0,0
pp2207,20220218,20220218,112353500,11:23:53,8349,14383,52659,599684940,0,0,0
pp2207,20220218,20220218,112354000,11:23:54,8349,14383,52659,599684940,0,0,0
pp2207,20220218,20220218,112354500,11:23:55,8349,14383,52659,599684940,0,0,0
pp2207,20220218,20220218,112355000,11:23:55,8349,14383,52659,599684940,0,0,0
pp2207,20220218,20220218,112355500,11:23:55,8348,14407,52662,600686700,24,3,1001760
pp2207,20220218,20220218,112356000,11:23:56,8348,14407,52662,600686700,0,0,0
pp2207,20220218,20220218,112356500,11:23:56,8348,14407,52662,600686700,0,0,0
pp2207,20220218,20220218,112358500,11:23:58,8348,14407,52662,600686700,0,0,0
pp2207,20220218,20220218,112359000,11:23:59,8348,14407,52662,600686700,0,0,0
pp2207,20220218,20220218,112359500,11:23:59,8348,14407,52662,600686700,0,0,0
pp2207,20220218,20220218,112401500,11:24:01,8348,14407,52662,600686700,0,0,0
pp2207,20220218,20220218,112402500,11:24:02,8348,14407,52662,600686700,0,0,0
pp2207,20220218,20220218,112403000,11:24:03,8348,14407,52662,600686700,0,0,0
pp2207,20220218,20220218,112403500,11:24:04,8348,14407,52662,600686700,0,0,0
pp2207,20220218,20220218,112404000,11:24:04,8348,14407,52662,600686700,0,0,0
pp2207,20220218,20220218,112406000,11:24:06,8348,14407,52662,600686700,0,0,0
pp2207,20220218,20220218,112406500,11:24:06,8348,14407,52662,600686700,0,0,0
pp2207,20220218,20220218,112407000,11:24:07,8348,14407,52662,600686700,0,0,0
pp2207,20220218,20220218,112407500,11:24:08,8349,14409,52664,600770190,2,2,83490
pp2207,20220218,20220218,112408000,11:24:08,8349,14409,52664,600770190,0,0,0
pp2207,20220218,20220218,112408500,11:24:08,8349,14409,52664,600770190,0,0,0
pp2207,20220218,20220218,112409000,11:24:11,8349,14409,52664,600770190,0,0,0
pp2207,20220218,20220218,112409500,11:24:11,8349,14411,52664,600853680,2,0,83490
pp2207,20220218,20220218,112410000,11:24:12,8349,14411,52664,600853680,0,0,0
pp2207,20220218,20220218,112410500,11:24:12,8349,14411,52664,600853680,0,0,0
pp2207,20220218,20220218,112412500,11:24:13,8349,14411,52664,600853680,0,0,0
pp2207,20220218,20220218,112413000,11:24:13,8349,14411,52664,600853680,0,0,0
pp2207,20220218,20220218,112414000,11:24:14,8349,14411,52664,600853680,0,0,0
pp2207,20220218,20220218,112414500,11:24:15,8349,14411,52664,600853680,0,0,0
pp2207,20220218,20220218,112417500,11:24:18,8349,14411,52664,600853680,0,0,0
pp2207,20220218,20220218,112418000,11:24:18,8349,14411,52664,600853680,0,0,0
pp2207,20220218,20220218,112418500,11:24:19,8349,14411,52664,600853680,0,0,0
pp2207,20220218,20220218,112420500,11:24:20,8349,14411,52664,600853680,0,0,0
pp2207,20220218,20220218,112421000,11:24:21,8349,14411,52664,600853680,0,0,0
pp2207,20220218,20220218,112421500,11:24:22,8349,14411,52664,600853680,0,0,0
pp2207,20220218,20220218,112422000,11:24:22,8349,14411,52664,600853680,0,0,0
pp2207,20220218,20220218,112422500,11:24:23,8349,14411,52664,600853680,0,0,0
pp2207,20220218,20220218,112423000,11:24:23,8349,14411,52664,600853680,0,0,0
pp2207,20220218,20220218,112425500,11:24:25,8349,14411,52664,600853680,0,0,0
pp2207,20220218,20220218,112427000,11:24:27,8346,14427,52666,601521360,16,2,667680
pp2207,20220218,20220218,112427500,11:24:28,8346,14429,52665,601604820,2,-1,83460
pp2207,20220218,20220218,112428000,11:24:28,8345,14431,52663,601688270,2,-2,83450
pp2207,20220218,20220218,112428500,11:24:28,8345,14435,52661,601855170,4,-2,166900
pp2207,20220218,20220218,112429000,11:24:29,8345,14435,52661,601855170,0,0,0
pp2207,20220218,20220218,112429500,11:24:29,8345,14435,52661,601855170,0,0,0
pp2207,20220218,20220218,112430000,11:24:30,8345,14435,52661,601855170,0,0,0
pp2207,20220218,20220218,112430500,11:24:30,8345,14435,52661,601855170,0,0,0
pp2207,20220218,20220218,112431000,11:24:31,8346,14452,52668,602564580,17,7,709410
pp2207,20220218,20220218,112431500,11:24:31,8346,14456,52664,602731500,4,-4,166920
pp2207,20220218,20220218,112432000,11:24:32,8346,14462,52666,602981880,6,2,250380
pp2207,20220218,20220218,112432500,11:24:32,8346,14462,52666,602981880,0,0,0
pp2207,20220218,20220218,112433000,11:24:33,8346,14466,52668,603148800,4,2,166920
pp2207,20220218,20220218,112433500,11:24:33,8346,14466,52668,603148800,0,0,0
pp2207,20220218,20220218,112434000,11:24:34,8346,14466,52668,603148800,0,0,0
pp2207,20220218,20220218,112434500,11:24:34,8346,14470,52670,603315720,4,2,166920
pp2207,20220218,20220218,112435000,11:24:35,8346,14470,52670,603315720,0,0,0
pp2207,20220218,20220218,112435500,11:24:35,8346,14472,52672,603399180,2,2,83460
pp2207,20220218,20220218,112436000,11:24:36,8346,14472,52672,603399180,0,0,0
pp2207,20220218,20220218,112436500,11:24:36,8346,14472,52672,603399180,0,0,0
pp2207,20220218,20220218,112439000,11:24:40,8346,14472,52672,603399180,0,0,0
pp2207,20220218,20220218,112439500,11:24:40,8346,14472,52672,603399180,0,0,0
pp2207,20220218,20220218,112440000,11:24:40,8346,14472,52672,603399180,0,0,0
pp2207,20220218,20220218,112442500,11:24:42,8346,14472,52672,603399180,0,0,0
pp2207,20220218,20220218,112443000,11:24:43,8346,14472,52672,603399180,0,0,0
pp2207,20220218,20220218,112446000,11:24:46,8346,14474,52674,603482640,2,2,83460
pp2207,20220218,20220218,112446500,11:24:46,8346,14474,52674,603482640,0,0,0
pp2207,20220218,20220218,112447000,11:24:47,8346,14474,52674,603482640,0,0,0
pp2207,20220218,20220218,112447500,11:24:47,8345,14476,52674,603566090,2,0,83450
pp2207,20220218,20220218,112448000,11:24:48,8345,14476,52674,603566090,0,0,0
pp2207,20220218,20220218,112448500,11:24:49,8345,14476,52674,603566090,0,0,0
pp2207,20220218,20220218,112449000,11:24:49,8345,14476,52674,603566090,0,0,0
pp2207,20220218,20220218,112449500,11:24:49,8345,14476,52674,603566090,0,0,0
pp2207,20220218,20220218,112450000,11:24:50,8345,14476,52674,603566090,0,0,0
pp2207,20220218,20220218,112450500,11:24:50,8345,14476,52674,603566090,0,0,0
pp2207,20220218,20220218,112454500,11:24:54,8345,14476,52674,603566090,0,0,0
pp2207,20220218,20220218,112455000,11:24:55,8345,14476,52674,603566090,0,0,0
pp2207,20220218,20220218,112455500,11:24:56,8345,14476,52674,603566090,0,0,0
pp2207,20220218,20220218,112457000,11:24:57,8345,14476,52674,603566090,0,0,0
pp2207,20220218,20220218,112458500,11:24:58,8345,14476,52674,603566090,0,0,0
pp2207,20220218,20220218,112459000,11:24:59,8345,14476,52674,603566090,0,0,0
pp2207,20220218,20220218,112459500,11:24:59,8345,14476,52674,603566090,0,0,0
pp2207,20220218,20220218,112500000,11:25:00,8345,14476,52674,603566090,0,0,0
pp2207,20220218,20220218,112500500,11:25:01,8345,14476,52674,603566090,0,0,0
pp2207,20220218,20220218,112501000,11:25:02,8345,14476,52674,603566090,0,0,0
pp2207,20220218,20220218,112501500,11:25:05,8345,14476,52674,603566090,0,0,0
pp2207,20220218,20220218,112502000,11:25:05,8345,14476,52674,603566090,0,0,0
pp2207,20220218,20220218,112502500,11:25:06,8345,14476,52674,603566090,0,0,0
pp2207,20220218,20220218,112504500,11:25:06,8345,14476,52674,603566090,0,0,0
pp2207,20220218,20220218,112505500,11:25:06,8345,14476,52674,603566090,0,0,0
pp2207,20220218,20220218,112506000,11:25:07,8345,14476,52674,603566090,0,0,0
pp2207,20220218,20220218,112508500,11:25:08,8345,14476,52674,603566090,0,0,0
pp2207,20220218,20220218,112509500,11:25:09,8345,14476,52674,603566090,0,0,0
pp2207,20220218,20220218,112510000,11:25:10,8345,14476,52674,603566090,0,0,0
pp2207,20220218,20220218,112510500,11:25:10,8345,14476,52674,603566090,0,0,0
pp2207,20220218,20220218,112528500,11:25:28,8345,14476,52674,603566090,0,0,0
pp2207,20220218,20220218,112529000,11:25:29,8345,14476,52674,603566090,0,0,0
pp2207,20220218,20220218,112529500,11:25:30,8345,14476,52674,603566090,0,0,0
pp2207,20220218,20220218,112530000,11:25:31,8345,14476,52674,603566090,0,0,0
pp2207,20220218,20220218,112530500,11:25:31,8345,14476,52674,603566090,0,0,0
pp2207,20220218,20220218,112531000,11:25:31,8345,14476,52674,603566090,0,0,0
pp2207,20220218,20220218,112531500,11:25:32,8345,14476,52674,603566090,0,0,0
pp2207,20220218,20220218,112532000,11:25:32,8345,14476,52674,603566090,0,0,0
pp2207,20220218,20220218,112534000,11:25:34,8345,14476,52674,603566090,0,0,0
pp2207,20220218,20220218,112534500,11:25:36,8345,14476,52674,603566090,0,0,0
pp2207,20220218,20220218,112538000,11:25:38,8345,14476,52674,603566090,0,0,0
pp2207,20220218,20220218,112538500,11:25:39,8345,14476,52674,603566090,0,0,0
pp2207,20220218,20220218,112539000,11:25:39,8345,14476,52674,603566090,0,0,0
pp2207,20220218,20220218,112539500,11:25:40,8345,14476,52674,603566090,0,0,0
pp2207,20220218,20220218,112540000,11:25:40,8345,14476,52674,603566090,0,0,0
pp2207,20220218,20220218,112540500,11:25:41,8345,14476,52674,603566090,0,0,0
pp2207,20220218,20220218,112541000,11:25:41,8345,14476,52674,603566090,0,0,0
pp2207,20220218,20220218,112541500,11:25:41,8347,14486,52678,603983440,10,4,417350
pp2207,20220218,20220218,112542000,11:25:42,8347,14486,52678,603983440,0,0,0
pp2207,20220218,20220218,112542500,11:25:43,8347,14486,52678,603983440,0,0,0
pp2207,20220218,20220218,112543000,11:25:43,8347,14486,52678,603983440,0,0,0
pp2207,20220218,20220218,112543500,11:25:43,8347,14486,52678,603983440,0,0,0
pp2207,20220218,20220218,112544000,11:25:44,8347,14486,52678,603983440,0,0,0
pp2207,20220218,20220218,112544500,11:25:44,8347,14486,52678,603983440,0,0,0
pp2207,20220218,20220218,112545000,11:25:45,8347,14486,52678,603983440,0,0,0
pp2207,20220218,20220218,112545500,11:25:46,8347,14486,52678,603983440,0,0,0
pp2207,20220218,20220218,112546000,11:25:47,8347,14486,52678,603983440,0,0,0
pp2207,20220218,20220218,112546500,11:25:47,8347,14486,52678,603983440,0,0,0
pp2207,20220218,20220218,112547000,11:25:48,8347,14486,52678,603983440,0,0,0
pp2207,20220218,20220218,112547500,11:25:48,8347,14486,52678,603983440,0,0,0
pp2207,20220218,20220218,112548000,11:25:48,8347,14486,52678,603983440,0,0,0
pp2207,20220218,20220218,112548500,11:25:48,8347,14486,52678,603983440,0,0,0
pp2207,20220218,20220218,112549000,11:25:49,8347,14486,52678,603983440,0,0,0
pp2207,20220218,20220218,112550000,11:25:50,8347,14486,52678,603983440,0,0,0
pp2207,20220218,20220218,112551500,11:25:51,8347,14486,52678,603983440,0,0,0
pp2207,20220218,20220218,112552500,11:25:53,8350,14488,52678,604066940,2,0,83500
pp2207,20220218,20220218,112553000,11:25:53,8350,14488,52678,604066940,0,0,0
pp2207,20220218,20220218,112553500,11:25:54,8350,14488,52678,604066940,0,0,0
pp2207,20220218,20220218,112554000,11:25:54,8350,14488,52678,604066940,0,0,0
pp2207,20220218,20220218,112554500,11:25:55,8349,14500,52672,604567880,12,-6,500940
pp2207,20220218,20220218,112555000,11:25:55,8349,14508,52671,604901840,8,-1,333960
pp2207,20220218,20220218,112555500,11:25:57,8349,14508,52671,604901840,0,0,0
pp2207,20220218,20220218,112556000,11:25:57,8349,14508,52671,604901840,0,0,0
pp2207,20220218,20220218,112556500,11:25:57,8349,14508,52671,604901840,0,0,0
pp2207,20220218,20220218,112557000,11:25:57,8349,14508,52671,604901840,0,0,0
pp2207,20220218,20220218,112557500,11:25:57,8349,14508,52671,604901840,0,0,0
pp2207,20220218,20220218,112558000,11:25:59,8349,14508,52671,604901840,0,0,0
pp2207,20220218,20220218,112558500,11:25:59,8349,14508,52671,604901840,0,0,0
pp2207,20220218,20220218,112559000,11:26:00,8350,14512,52673,605068840,4,2,167000
pp2207,20220218,20220218,112559500,11:26:00,8350,14512,52673,605068840,0,0,0
pp2207,20220218,20220218,112600000,11:26:00,8350,14512,52673,605068840,0,0,0
pp2207,20220218,20220218,112601000,11:26:01,8350,14512,52673,605068840,0,0,0
pp2207,20220218,20220218,112601500,11:26:03,8350,14512,52673,605068840,0,0,0
pp2207,20220218,20220218,112602000,11:26:03,8350,14512,52673,605068840,0,0,0
pp2207,20220218,20220218,112602500,11:26:03,8350,14512,52673,605068840,0,0,0
pp2207,20220218,20220218,112603000,11:26:03,8350,14512,52673,605068840,0,0,0
pp2207,20220218,20220218,112603500,11:26:04,8350,14512,52673,605068840,0,0,0
pp2207,20220218,20220218,112604000,11:26:05,8350,14512,52673,605068840,0,0,0
pp2207,20220218,20220218,112604500,11:26:05,8350,14512,52673,605068840,0,0,0
pp2207,20220218,20220218,112605000,11:26:05,8350,14512,52673,605068840,0,0,0
pp2207,20220218,20220218,112606000,11:26:06,8353,14522,52681,605486490,10,8,417650
pp2207,20220218,20220218,112606500,11:26:07,8354,14524,52683,605570030,2,2,83540
pp2207,20220218,20220218,112607000,11:26:09,8353,14545,52682,606447105,21,-1,877075
pp2207,20220218,20220218,112607500,11:26:09,8352,14549,52681,606614155,4,-1,167050
pp2207,20220218,20220218,112609000,11:26:10,8352,14549,52681,606614155,0,0,0
pp2207,20220218,20220218,112609500,11:26:10,8352,14549,52681,606614155,0,0,0
pp2207,20220218,20220218,112610000,11:26:10,8352,14549,52681,606614155,0,0,0
pp2207,20220218,20220218,112610500,11:26:11,8352,14549,52681,606614155,0,0,0
pp2207,20220218,20220218,112611000,11:26:11,8352,14549,52681,606614155,0,0,0
pp2207,20220218,20220218,112611500,11:26:13,8352,14549,52681,606614155,0,0,0
pp2207,20220218,20220218,112612000,11:26:14,8351,14561,52678,607115215,12,-3,501060
pp2207,20220218,20220218,112612500,11:26:15,8351,14563,52680,607198725,2,2,83510
pp2207,20220218,20220218,112613000,11:26:15,8351,14563,52680,607198725,0,0,0
pp2207,20220218,20220218,112614000,11:26:15,8350,14565,52680,607282225,2,0,83500
pp2207,20220218,20220218,112614500,11:26:16,8350,14565,52680,607282225,0,0,0
pp2207,20220218,20220218,112615000,11:26:16,8350,14565,52680,607282225,0,0,0
pp2207,20220218,20220218,112615500,11:26:16,8350,14565,52680,607282225,0,0,0
pp2207,20220218,20220218,112616000,11:26:16,8348,14577,52685,607783105,12,5,500880
pp2207,20220218,20220218,112616500,11:26:17,8348,14577,52685,607783105,0,0,0
pp2207,20220218,20220218,112617500,11:26:17,8348,14577,52685,607783105,0,0,0
pp2207,20220218,20220218,112618000,11:26:18,8347,14581,52689,607950045,4,4,166940
pp2207,20220218,20220218,112618500,11:26:19,8347,14581,52689,607950045,0,0,0
pp2207,20220218,20220218,112619000,11:26:19,8347,14581,52689,607950045,0,0,0
pp2207,20220218,20220218,112619500,11:26:20,8347,14581,52689,607950045,0,0,0
pp2207,20220218,20220218,112620000,11:26:20,8347,14581,52689,607950045,0,0,0
pp2207,20220218,20220218,112620500,11:26:20,8347,14581,52689,607950045,0,0,0
pp2207,20220218,20220218,112621000,11:26:21,8347,14581,52689,607950045,0,0,0
pp2207,20220218,20220218,112622000,11:26:22,8347,14581,52689,607950045,0,0,0
pp2207,20220218,20220218,112622500,11:26:23,8347,14581,52689,607950045,0,0,0
pp2207,20220218,20220218,112623000,11:26:23,8347,14581,52689,607950045,0,0,0
pp2207,20220218,20220218,112623500,11:26:23,8347,14581,52689,607950045,0,0,0
pp2207,20220218,20220218,112624000,11:26:24,8347,14581,52689,607950045,0,0,0
pp2207,20220218,20220218,112624500,11:26:24,8347,14581,52689,607950045,0,0,0
pp2207,20220218,20220218,112625000,11:26:25,8347,14581,52689,607950045,0,0,0
pp2207,20220218,20220218,112625500,11:26:26,8347,14581,52689,607950045,0,0,0
pp2207,20220218,20220218,112626000,11:26:26,8347,14581,52689,607950045,0,0,0
pp2207,20220218,20220218,112626500,11:26:27,8347,14581,52689,607950045,0,0,0
pp2207,20220218,20220218,112627000,11:26:27,8347,14581,52689,607950045,0,0,0
pp2207,20220218,20220218,112628000,11:26:28,8347,14581,52689,607950045,0,0,0
pp2207,20220218,20220218,112628500,11:26:28,8348,14602,52683,608826585,21,-6,876540
pp2207,20220218,20220218,112629000,11:26:30,8348,14603,52683,608868325,1,0,41740
pp2207,20220218,20220218,112629500,11:26:31,8348,14603,52683,608868325,0,0,0
pp2207,20220218,20220218,112630000,11:26:31,8348,14603,52683,608868325,0,0,0
pp2207,20220218,20220218,112630500,11:26:31,8348,14603,52683,608868325,0,0,0
pp2207,20220218,20220218,112631000,11:26:31,8348,14603,52683,608868325,0,0,0
pp2207,20220218,20220218,112631500,11:26:32,8348,14603,52683,608868325,0,0,0
pp2207,20220218,20220218,112632000,11:26:32,8348,14603,52683,608868325,0,0,0
pp2207,20220218,20220218,112632500,11:26:32,8348,14603,52683,608868325,0,0,0
pp2207,20220218,20220218,112633500,11:26:34,8348,14603,52683,608868325,0,0,0
pp2207,20220218,20220218,112634500,11:26:37,8348,14603,52683,608868325,0,0,0
pp2207,20220218,20220218,112635000,11:26:37,8348,14605,52683,608951805,2,0,83480
pp2207,20220218,20220218,112635500,11:26:38,8348,14605,52683,608951805,0,0,0
pp2207,20220218,20220218,112637000,11:26:54,8348,14605,52683,608951805,0,0,0
pp2207,20220218,20220218,112637500,11:27:10,8348,14605,52683,608951805,0,0,0
pp2207,20220218,20220218,112638000,11:27:10,8348,14605,52683,608951805,0,0,0
pp2207,20220218,20220218,112653000,11:27:11,8348,14605,52683,608951805,0,0,0
pp2207,20220218,20220218,112710000,11:27:12,8351,14708,52703,613251425,103,20,4299620
pp2207,20220218,20220218,112710500,11:27:12,8349,14733,52708,614295165,25,5,1043740
pp2207,20220218,20220218,112712000,11:27:13,8349,14733,52708,614295165,0,0,0
pp2207,20220218,20220218,112713000,11:27:14,8349,14733,52708,614295165,0,0,0
pp2207,20220218,20220218,112714500,11:27:15,8349,14733,52708,614295165,0,0,0
pp2207,20220218,20220218,112715000,11:27:16,8350,14751,52706,615046665,18,-2,751500
pp2207,20220218,20220218,112715500,11:27:16,8349,14763,52703,615547615,12,-3,500950
pp2207,20220218,20220218,112716000,11:27:17,8349,14769,52703,615798085,6,0,250470
pp2207,20220218,20220218,112716500,11:27:17,8349,14772,52703,615923320,3,0,125235
pp2207,20220218,20220218,112717000,11:27:17,8349,14772,52703,615923320,0,0,0
pp2207,20220218,20220218,112718000,11:27:18,8349,14772,52703,615923320,0,0,0
pp2207,20220218,20220218,112724000,11:27:27,8349,14772,52703,615923320,0,0,0
pp2207,20220218,20220218,112726500,11:27:27,8348,14782,52705,616340720,10,2,417400
pp2207,20220218,20220218,112727000,11:27:27,8348,14782,52705,616340720,0,0,0
pp2207,20220218,20220218,112727500,11:27:27,8348,14782,52705,616340720,0,0,0
pp2207,20220218,20220218,112728000,11:27:28,8348,14782,52705,616340720,0,0,0
pp2207,20220218,20220218,112728500,11:27:28,8348,14782,52705,616340720,0,0,0
pp2207,20220218,20220218,112729000,11:27:29,8348,14782,52705,616340720,0,0,0
pp2207,20220218,20220218,112729500,11:27:30,8348,14782,52705,616340720,0,0,0
pp2207,20220218,20220218,112730000,11:27:30,8348,14782,52705,616340720,0,0,0
pp2207,20220218,20220218,112730500,11:27:31,8348,14782,52705,616340720,0,0,0
pp2207,20220218,20220218,112731000,11:27:33,8348,14782,52705,616340720,0,0,0
pp2207,20220218,20220218,112731500,11:27:35,8348,14782,52705,616340720,0,0,0
pp2207,20220218,20220218,112732000,11:27:36,8348,14782,52705,616340720,0,0,0
pp2207,20220218,20220218,112732500,11:27:36,8348,14782,52705,616340720,0,0,0
pp2207,20220218,20220218,112733000,11:27:36,8348,14782,52705,616340720,0,0,0
pp2207,20220218,20220218,112736000,11:27:37,8348,14782,52705,616340720,0,0,0
pp2207,20220218,20220218,112736500,11:27:38,8348,14782,52705,616340720,0,0,0
pp2207,20220218,20220218,112741500,11:27:42,8348,14782,52705,616340720,0,0,0
pp2207,20220218,20220218,112742000,11:27:42,8348,14782,52705,616340720,0,0,0
pp2207,20220218,20220218,112742500,11:27:43,8348,14782,52705,616340720,0,0,0
pp2207,20220218,20220218,112743000,11:27:43,8348,14782,52705,616340720,0,0,0
pp2207,20220218,20220218,112743500,11:27:44,8348,14782,52705,616340720,0,0,0
pp2207,20220218,20220218,112744000,11:27:44,8348,14782,52705,616340720,0,0,0
pp2207,20220218,20220218,112744500,11:27:45,8348,14782,52705,616340720,0,0,0
pp2207,20220218,20220218,112745000,11:27:46,8348,14782,52705,616340720,0,0,0
pp2207,20220218,20220218,112754000,11:27:54,8348,14782,52705,616340720,0,0,0
pp2207,20220218,20220218,112754500,11:27:55,8348,14782,52705,616340720,0,0,0
pp2207,20220218,20220218,112755000,11:27:55,8348,14782,52705,616340720,0,0,0
pp2207,20220218,20220218,112755500,11:27:55,8348,14782,52705,616340720,0,0,0
pp2207,20220218,20220218,112756000,11:27:56,8348,14782,52705,616340720,0,0,0
pp2207,20220218,20220218,112756500,11:27:56,8348,14782,52705,616340720,0,0,0
pp2207,20220218,20220218,112757000,11:27:57,8348,14782,52705,616340720,0,0,0
pp2207,20220218,20220218,112757500,11:27:57,8348,14782,52705,616340720,0,0,0
pp2207,20220218,20220218,112758000,11:27:58,8346,14784,52707,616424180,2,2,83460
pp2207,20220218,20220218,112758500,11:27:59,8347,14791,52711,616716325,7,4,292145
pp2207,20220218,20220218,112759000,11:27:59,8347,14795,52707,616883265,4,-4,166940
pp2207,20220218,20220218,112759500,11:27:59,8347,14795,52707,616883265,0,0,0
pp2207,20220218,20220218,112800000,11:28:01,8347,14795,52707,616883265,0,0,0
pp2207,20220218,20220218,112800500,11:28:01,8347,14832,52712,618427315,37,5,1544050
pp2207,20220218,20220218,112801000,11:28:01,8347,14841,52712,618802930,9,0,375615
pp2207,20220218,20220218,112801500,11:28:02,8347,14841,52712,618802930,0,0,0
pp2207,20220218,20220218,112802000,11:28:03,8347,14841,52712,618802930,0,0,0
pp2207,20220218,20220218,112802500,11:28:03,8347,14841,52712,618802930,0,0,0
pp2207,20220218,20220218,112803000,11:28:04,8347,14843,52712,618886400,2,0,83470
pp2207,20220218,20220218,112803500,11:28:04,8347,14843,52712,618886400,0,0,0
pp2207,20220218,20220218,112804000,11:28:04,8347,14843,52712,618886400,0,0,0
pp2207,20220218,20220218,112804500,11:28:06,8347,14843,52712,618886400,0,0,0
pp2207,20220218,20220218,112805000,11:28:06,8347,14843,52712,618886400,0,0,0
pp2207,20220218,20220218,112805500,11:28:06,8347,14843,52712,618886400,0,0,0
pp2207,20220218,20220218,112809500,11:28:11,8347,14843,52712,618886400,0,0,0
pp2207,20220218,20220218,112810500,11:28:12,8347,14843,52712,618886400,0,0,0
pp2207,20220218,20220218,112811000,11:28:12,8347,14843,52712,618886400,0,0,0
pp2207,20220218,20220218,112811500,11:28:12,8347,14843,52712,618886400,0,0,0
pp2207,20220218,20220218,112812000,11:28:13,8347,14843,52712,618886400,0,0,0
pp2207,20220218,20220218,112812500,11:28:13,8347,14843,52712,618886400,0,0,0
pp2207,20220218,20220218,112813000,11:28:13,8347,14843,52712,618886400,0,0,0
pp2207,20220218,20220218,112813500,11:28:14,8347,14843,52712,618886400,0,0,0
pp2207,20220218,20220218,112814000,11:28:14,8347,14843,52712,618886400,0,0,0
pp2207,20220218,20220218,112814500,11:28:14,8347,14843,52712,618886400,0,0,0
pp2207,20220218,20220218,112817500,11:28:17,8347,14843,52712,618886400,0,0,0
pp2207,20220218,20220218,112818000,11:28:18,8347,14843,52712,618886400,0,0,0
pp2207,20220218,20220218,112818500,11:28:18,8347,14843,52712,618886400,0,0,0
pp2207,20220218,20220218,112819000,11:28:19,8347,14843,52712,618886400,0,0,0
pp2207,20220218,20220218,112819500,11:28:19,8347,14843,52712,618886400,0,0,0
pp2207,20220218,20220218,112820500,11:28:20,8347,14843,52712,618886400,0,0,0
pp2207,20220218,20220218,112821000,11:28:21,8347,14843,52712,618886400,0,0,0
pp2207,20220218,20220218,112821500,11:28:22,8347,14843,52712,618886400,0,0,0
pp2207,20220218,20220218,112823000,11:28:23,8347,14843,52712,618886400,0,0,0
pp2207,20220218,20220218,112823500,11:28:24,8347,14843,52712,618886400,0,0,0
pp2207,20220218,20220218,112824000,11:28:24,8347,14843,52712,618886400,0,0,0
pp2207,20220218,20220218,112824500,11:28:25,8347,14843,52712,618886400,0,0,0
pp2207,20220218,20220218,112825000,11:28:25,8347,14851,52718,619220300,8,6,333900
pp2207,20220218,20220218,112825500,11:28:25,8347,14853,52716,619303770,2,-2,83470
pp2207,20220218,20220218,112826000,11:28:26,8347,14853,52716,619303770,0,0,0
pp2207,20220218,20220218,112826500,11:28:27,8347,14853,52716,619303770,0,0,0
pp2207,20220218,20220218,112827000,11:28:27,8347,14853,52716,619303770,0,0,0
pp2207,20220218,20220218,112827500,11:28:27,8347,14853,52716,619303770,0,0,0
pp2207,20220218,20220218,112828000,11:28:28,8347,14853,52716,619303770,0,0,0
pp2207,20220218,20220218,112828500,11:28:28,8347,14853,52716,619303770,0,0,0
pp2207,20220218,20220218,112829000,11:28:29,8347,14853,52716,619303770,0,0,0
pp2207,20220218,20220218,112829500,11:28:30,8345,14870,52717,620013095,17,1,709325
pp2207,20220218,20220218,112830000,11:28:30,8344,14871,52717,620054815,1,0,41720
pp2207,20220218,20220218,112830500,11:28:31,8345,14873,52717,620138265,2,0,83450
pp2207,20220218,20220218,112831000,11:28:31,8345,14873,52717,620138265,0,0,0
pp2207,20220218,20220218,112831500,11:28:32,8345,14873,52717,620138265,0,0,0
pp2207,20220218,20220218,112832000,11:28:33,8345,14873,52717,620138265,0,0,0
pp2207,20220218,20220218,112832500,11:28:33,8345,14873,52717,620138265,0,0,0
pp2207,20220218,20220218,112833000,11:28:33,8345,14873,52717,620138265,0,0,0
pp2207,20220218,20220218,112833500,11:28:34,8345,14873,52717,620138265,0,0,0
pp2207,20220218,20220218,112835500,11:28:36,8345,14873,52717,620138265,0,0,0
pp2207,20220218,20220218,112836000,11:28:37,8345,14873,52717,620138265,0,0,0
pp2207,20220218,20220218,112836500,11:28:37,8345,14873,52717,620138265,0,0,0
pp2207,20220218,20220218,112837000,11:28:37,8345,14873,52717,620138265,0,0,0
pp2207,20220218,20220218,112838000,11:28:38,8345,14873,52717,620138265,0,0,0
pp2207,20220218,20220218,112839500,11:28:40,8345,14873,52717,620138265,0,0,0
pp2207,20220218,20220218,112840000,11:28:40,8345,14873,52717,620138265,0,0,0
pp2207,20220218,20220218,112841000,11:28:41,8345,14873,52717,620138265,0,0,0
pp2207,20220218,20220218,112841500,11:28:41,8345,14873,52717,620138265,0,0,0
pp2207,20220218,20220218,112842000,11:28:42,8345,14873,52717,620138265,0,0,0
pp2207,20220218,20220218,112842500,11:28:43,8345,14873,52717,620138265,0,0,0
pp2207,20220218,20220218,112843000,11:28:43,8345,14873,52717,620138265,0,0,0
pp2207,20220218,20220218,112844000,11:28:44,8345,14873,52717,620138265,0,0,0
pp2207,20220218,20220218,112844500,11:28:44,8345,14873,52717,620138265,0,0,0
pp2207,20220218,20220218,112845000,11:28:45,8345,14873,52717,620138265,0,0,0
pp2207,20220218,20220218,112845500,11:28:46,8345,14873,52717,620138265,0,0,0
pp2207,20220218,20220218,112846000,11:28:46,8345,14873,52717,620138265,0,0,0
pp2207,20220218,20220218,112846500,11:28:46,8345,14873,52717,620138265,0,0,0
pp2207,20220218,20220218,112847000,11:28:47,8345,14873,52717,620138265,0,0,0
pp2207,20220218,20220218,112847500,11:28:48,8345,14873,52717,620138265,0,0,0
pp2207,20220218,20220218,112848000,11:28:48,8345,14873,52717,620138265,0,0,0
pp2207,20220218,20220218,112848500,11:28:48,8345,14873,52717,620138265,0,0,0
pp2207,20220218,20220218,112849000,11:28:49,8345,14873,52717,620138265,0,0,0
pp2207,20220218,20220218,112849500,11:28:50,8345,14873,52717,620138265,0,0,0
pp2207,20220218,20220218,112850000,11:28:50,8345,14873,52717,620138265,0,0,0
pp2207,20220218,20220218,112850500,11:28:51,8345,14873,52717,620138265,0,0,0
pp2207,20220218,20220218,112853000,11:28:54,8345,14873,52717,620138265,0,0,0
pp2207,20220218,20220218,112854000,11:28:54,8345,14873,52717,620138265,0,0,0
pp2207,20220218,20220218,112854500,11:28:54,8345,14873,52717,620138265,0,0,0
pp2207,20220218,20220218,112855000,11:28:55,8345,14873,52717,620138265,0,0,0
pp2207,20220218,20220218,112855500,11:28:56,8345,14873,52717,620138265,0,0,0
pp2207,20220218,20220218,112856000,11:28:56,8345,14873,52717,620138265,0,0,0
pp2207,20220218,20220218,112857500,11:28:58,8345,14873,52717,620138265,0,0,0
pp2207,20220218,20220218,112858000,11:28:58,8345,14873,52717,620138265,0,0,0
pp2207,20220218,20220218,112900500,11:29:01,8345,14873,52717,620138265,0,0,0
pp2207,20220218,20220218,112902000,11:29:02,8345,14873,52717,620138265,0,0,0
pp2207,20220218,20220218,112902500,11:29:03,8345,14873,52717,620138265,0,0,0
pp2207,20220218,20220218,112903500,11:29:04,8345,14873,52717,620138265,0,0,0
pp2207,20220218,20220218,112904000,11:29:04,8345,14873,52717,620138265,0,0,0
pp2207,20220218,20220218,112904500,11:29:04,8345,14873,52717,620138265,0,0,0
pp2207,20220218,20220218,112905000,11:29:05,8345,14873,52717,620138265,0,0,0
pp2207,20220218,20220218,112907000,11:29:08,8345,14873,52717,620138265,0,0,0
pp2207,20220218,20220218,112914000,11:29:14,8344,14883,52715,620555465,10,-2,417200
pp2207,20220218,20220218,112914500,11:29:15,8344,14883,52715,620555465,0,0,0
pp2207,20220218,20220218,112915000,11:29:15,8344,14883,52715,620555465,0,0,0
pp2207,20220218,20220218,112915500,11:29:16,8344,14883,52715,620555465,0,0,0
pp2207,20220218,20220218,112916000,11:29:16,8344,14883,52715,620555465,0,0,0
pp2207,20220218,20220218,112916500,11:29:20,8344,14883,52715,620555465,0,0,0
pp2207,20220218,20220218,112917000,11:29:20,8344,14883,52715,620555465,0,0,0
pp2207,20220218,20220218,112917500,11:29:21,8344,14883,52715,620555465,0,0,0
pp2207,20220218,20220218,112920500,11:29:22,8344,14883,52715,620555465,0,0,0
pp2207,20220218,20220218,112921000,11:29:22,8344,14883,52715,620555465,0,0,0
pp2207,20220218,20220218,112921500,11:29:24,8344,14883,52715,620555465,0,0,0
pp2207,20220218,20220218,112922000,11:29:24,8344,14883,52715,620555465,0,0,0
pp2207,20220218,20220218,112922500,11:29:24,8344,14883,52715,620555465,0,0,0
pp2207,20220218,20220218,112923000,11:29:24,8344,14883,52715,620555465,0,0,0
pp2207,20220218,20220218,112923500,11:29:24,8344,14883,52715,620555465,0,0,0
pp2207,20220218,20220218,112929000,11:29:29,8344,14883,52715,620555465,0,0,0
pp2207,20220218,20220218,112929500,11:29:30,8344,14883,52715,620555465,0,0,0
pp2207,20220218,20220218,112932000,11:29:36,8344,14883,52715,620555465,0,0,0
pp2207,20220218,20220218,112932500,11:29:37,8344,14883,52715,620555465,0,0,0
pp2207,20220218,20220218,112933000,11:29:37,8344,14883,52715,620555465,0,0,0
pp2207,20220218,20220218,112936000,11:29:38,8344,14883,52715,620555465,0,0,0
pp2207,20220218,20220218,112938000,11:29:38,8343,14888,52715,620764040,5,0,208575
pp2207,20220218,20220218,112941000,11:29:41,8343,14888,52715,620764040,0,0,0
pp2207,20220218,20220218,112948000,11:29:49,8343,14888,52715,620764040,0,0,0
pp2207,20220218,20220218,112948500,11:29:50,8343,14888,52715,620764040,0,0,0
pp2207,20220218,20220218,112950500,11:29:52,8343,14888,52715,620764040,0,0,0
pp2207,20220218,20220218,112951500,11:29:52,8343,14888,52715,620764040,0,0,0
pp2207,20220218,20220218,112952000,11:29:53,8343,14888,52715,620764040,0,0,0
pp2207,20220218,20220218,112953500,11:29:54,8343,14888,52715,620764040,0,0,0
pp2207,20220218,20220218,112954000,11:29:54,8343,14888,52715,620764040,0,0,0
pp2207,20220218,20220218,112954500,11:29:54,8343,14888,52715,620764040,0,0,0
pp2207,20220218,20220218,112955000,11:29:55,8343,14888,52715,620764040,0,0,0
pp2207,20220218,20220218,112956500,11:30:00,8343,14888,52715,620764040,0,0,0
pp2207,20220218,20220218,112958500,11:30:02,8343,14888,52715,620764040,0,0,0
pp2207,20220218,20220218,113001000,11:30:03,8343,14888,52715,620764040,0,0,0
pp2207,20220218,20220218,133001500,13:30:02,8344,14897,52714,621139515,9,-1,375475
pp2207,20220218,20220218,133002000,13:30:08,8344,14897,52714,621139515,0,0,0
pp2207,20220218,20220218,133002500,13:30:10,8347,14899,52713,621222985,2,-1,83470
pp2207,20220218,20220218,133007000,13:30:10,8347,14899,52713,621222985,0,0,0
pp2207,20220218,20220218,133009500,13:30:11,8347,14899,52713,621222985,0,0,0
pp2207,20220218,20220218,133010000,13:30:11,8337,14930,52723,622515590,31,10,1292605
pp2207,20220218,20220218,133010500,13:30:12,8337,14930,52723,622515590,0,0,0
pp2207,20220218,20220218,133011000,13:30:13,8337,14931,52723,622557275,1,0,41685
pp2207,20220218,20220218,133012500,13:30:13,8332,14932,52724,622598935,1,1,41660
pp2207,20220218,20220218,133013000,13:30:14,8332,14932,52724,622598935,0,0,0
pp2207,20220218,20220218,133016500,13:30:18,8332,14932,52724,622598935,0,0,0
pp2207,20220218,20220218,133017000,13:30:18,8332,14932,52724,622598935,0,0,0
pp2207,20220218,20220218,133018000,13:30:19,8332,14932,52724,622598935,0,0,0
pp2207,20220218,20220218,133018500,13:30:20,8332,14932,52724,622598935,0,0,0
pp2207,20220218,20220218,133019000,13:30:20,8332,14932,52724,622598935,0,0,0
pp2207,20220218,20220218,133019500,13:30:21,8332,14932,52724,622598935,0,0,0
pp2207,20220218,20220218,133020000,13:30:21,8337,14938,52726,622849000,6,2,250065
pp2207,20220218,20220218,133020500,13:30:21,8337,14938,52726,622849000,0,0,0
pp2207,20220218,20220218,133022500,13:30:38,8337,14938,52726,622849000,0,0,0
pp2207,20220218,20220218,133023000,13:30:39,8338,14940,52724,622932380,2,-2,83380
pp2207,20220218,20220218,133038000,13:30:41,8338,14940,52724,622932380,0,0,0
pp2207,20220218,20220218,133038500,13:30:42,8338,14940,52724,622932380,0,0,0
pp2207,20220218,20220218,133040500,13:30:43,8344,14944,52724,623099260,4,0,166880
pp2207,20220218,20220218,133041000,13:30:43,8344,14944,52724,623099260,0,0,0
pp2207,20220218,20220218,133042000,13:30:44,8344,14944,52724,623099260,0,0,0
pp2207,20220218,20220218,133042500,13:30:44,8344,14944,52724,623099260,0,0,0
pp2207,20220218,20220218,133043000,13:30:44,8344,14944,52724,623099260,0,0,0
pp2207,20220218,20220218,133045500,13:30:46,8344,14944,52724,623099260,0,0,0
pp2207,20220218,20220218,133046000,13:30:47,8344,14944,52724,623099260,0,0,0
pp2207,20220218,20220218,133046500,13:30:47,8344,14944,52724,623099260,0,0,0
pp2207,20220218,20220218,133047000,13:30:48,8344,14944,52724,623099260,0,0,0
pp2207,20220218,20220218,133047500,13:30:48,8345,14946,52724,623182710,2,0,83450
pp2207,20220218,20220218,133048000,13:30:48,8345,14946,52724,623182710,0,0,0
pp2207,20220218,20220218,133048500,13:30:49,8345,14946,52724,623182710,0,0,0
pp2207,20220218,20220218,133049000,13:30:50,8345,14946,52724,623182710,0,0,0
pp2207,20220218,20220218,133049500,13:30:50,8345,14946,52724,623182710,0,0,0
pp2207,20220218,20220218,133050000,13:30:51,8348,14948,52722,623266190,2,-2,83480
pp2207,20220218,20220218,133050500,13:30:52,8348,14948,52722,623266190,0,0,0
pp2207,20220218,20220218,133051000,13:30:52,8348,14952,52724,623433150,4,2,166960
pp2207,20220218,20220218,133051500,13:30:52,8348,14961,52722,623808810,9,-2,375660
pp2207,20220218,20220218,133052000,13:30:53,8348,14962,52723,623850550,1,1,41740
pp2207,20220218,20220218,133052500,13:30:54,8348,14964,52723,623934030,2,0,83480
pp2207,20220218,20220218,133053000,13:30:54,8348,14964,52723,623934030,0,0,0
pp2207,20220218,20220218,133053500,13:30:54,8348,14964,52723,623934030,0,0,0
pp2207,20220218,20220218,133054500,13:30:55,8350,14970,52723,624184530,6,0,250500
pp2207,20220218,20220218,133055000,13:30:56,8350,14970,52723,624184530,0,0,0
pp2207,20220218,20220218,133055500,13:30:56,8350,14972,52723,624268030,2,0,83500
pp2207,20220218,20220218,133056000,13:30:57,8350,14972,52723,624268030,0,0,0
pp2207,20220218,20220218,133056500,13:30:57,8350,14972,52723,624268030,0,0,0
pp2207,20220218,20220218,133057000,13:30:58,8350,14972,52723,624268030,0,0,0
pp2207,20220218,20220218,133057500,13:30:58,8350,14972,52723,624268030,0,0,0
pp2207,20220218,20220218,133058000,13:30:58,8350,14972,52723,624268030,0,0,0
pp2207,20220218,20220218,133058500,13:30:59,8350,14972,52723,624268030,0,0,0
pp2207,20220218,20220218,133059000,13:30:59,8350,14972,52723,624268030,0,0,0
pp2207,20220218,20220218,133100000,13:31:00,8350,14972,52723,624268030,0,0,0
pp2207,20220218,20220218,133100500,13:31:01,8350,14972,52723,624268030,0,0,0
pp2207,20220218,20220218,133101000,13:31:01,8350,14972,52723,624268030,0,0,0
pp2207,20220218,20220218,133101500,13:31:01,8350,14972,52723,624268030,0,0,0
pp2207,20220218,20220218,133102000,13:31:02,8350,14972,52723,624268030,0,0,0
pp2207,20220218,20220218,133102500,13:31:03,8350,14972,52723,624268030,0,0,0
pp2207,20220218,20220218,133103000,13:31:03,8350,14972,52723,624268030,0,0,0
pp2207,20220218,20220218,133103500,13:31:05,8350,14972,52723,624268030,0,0,0
pp2207,20220218,20220218,133104500,13:31:07,8350,14972,52723,624268030,0,0,0
pp2207,20220218,20220218,133105500,13:31:08,8354,14985,52725,624810960,13,2,542930
pp2207,20220218,20220218,133107000,13:31:09,8354,14985,52725,624810960,0,0,0
pp2207,20220218,20220218,133107500,13:31:09,8354,14985,52725,624810960,0,0,0
pp2207,20220218,20220218,133108000,13:31:09,8354,14985,52725,624810960,0,0,0
pp2207,20220218,20220218,133110000,13:31:11,8354,14985,52725,624810960,0,0,0
pp2207,20220218,20220218,133111500,13:31:12,8354,14985,52725,624810960,0,0,0
pp2207,20220218,20220218,133112500,13:31:13,8354,14985,52725,624810960,0,0,0
pp2207,20220218,20220218,133113000,13:31:14,8354,14985,52725,624810960,0,0,0
pp2207,20220218,20220218,133113500,13:31:15,8354,14985,52725,624810960,0,0,0
pp2207,20220218,20220218,133114000,13:31:15,8354,14985,52725,624810960,0,0,0
pp2207,20220218,20220218,133114500,13:31:15,8354,14985,52725,624810960,0,0,0
pp2207,20220218,20220218,133115000,13:31:15,8354,14985,52725,624810960,0,0,0
pp2207,20220218,20220218,133116000,13:31:16,8354,14985,52725,624810960,0,0,0
pp2207,20220218,20220218,133116500,13:31:17,8354,14985,52725,624810960,0,0,0
pp2207,20220218,20220218,133117000,13:31:18,8354,14985,52725,624810960,0,0,0
pp2207,20220218,20220218,133117500,13:31:18,8354,14985,52725,624810960,0,0,0
pp2207,20220218,20220218,133118000,13:31:19,8354,14985,52725,624810960,0,0,0
pp2207,20220218,20220218,133118500,13:31:19,8354,14985,52725,624810960,0,0,0
pp2207,20220218,20220218,133119000,13:31:20,8354,14985,52725,624810960,0,0,0
pp2207,20220218,20220218,133119500,13:31:20,8354,14985,52725,624810960,0,0,0
pp2207,20220218,20220218,133120000,13:31:20,8354,14985,52725,624810960,0,0,0
pp2207,20220218,20220218,133120500,13:31:21,8354,14985,52725,624810960,0,0,0
pp2207,20220218,20220218,133121000,13:31:21,8354,14985,52725,624810960,0,0,0
pp2207,20220218,20220218,133121500,13:31:22,8354,14985,52725,624810960,0,0,0
pp2207,20220218,20220218,133122000,13:31:23,8354,14985,52725,624810960,0,0,0
pp2207,20220218,20220218,133122500,13:31:23,8355,14992,52719,625103385,7,-6,292425
pp2207,20220218,20220218,133123000,13:31:25,8355,14992,52719,625103385,0,0,0
pp2207,20220218,20220218,133123500,13:31:25,8355,14992,52719,625103385,0,0,0
pp2207,20220218,20220218,133124500,13:31:25,8351,15000,52723,625437455,8,4,334070
pp2207,20220218,20220218,133156000,13:31:56,8352,15002,52723,625520975,2,0,83520
pp2207,20220218,20220218,133158500,13:31:58,8352,15007,52724,625729775,5,1,208800
pp2207,20220218,20220218,133159500,13:32:00,8352,15007,52724,625729775,0,0,0
pp2207,20220218,20220218,133200500,13:32:01,8352,15007,52724,625729775,0,0,0
pp2207,20220218,20220218,133201000,13:32:01,8353,15038,52718,627024480,31,-6,1294705
pp2207,20220218,20220218,133201500,13:32:01,8353,15040,52720,627108010,2,2,83530
pp2207,20220218,20220218,133202000,13:32:03,8353,15040,52720,627108010,0,0,0
pp2207,20220218,20220218,133202500,13:32:04,8351,15044,52722,627275030,4,2,167020
pp2207,20220218,20220218,133203000,13:32:05,8351,15044,52722,627275030,0,0,0
pp2207,20220218,20220218,133203500,13:32:05,8351,15044,52722,627275030,0,0,0
pp2207,20220218,20220218,133205000,13:32:06,8351,15044,52722,627275030,0,0,0
pp2207,20220218,20220218,133205500,13:32:06,8351,15044,52722,627275030,0,0,0
pp2207,20220218,20220218,133206000,13:32:07,8349,15048,52726,627442010,4,4,166980
pp2207,20220218,20220218,133206500,13:32:07,8349,15048,52726,627442010,0,0,0
pp2207,20220218,20220218,133207000,13:32:07,8348,15049,52725,627483750,1,-1,41740
pp2207,20220218,20220218,133207500,13:32:07,8348,15049,52725,627483750,0,0,0
pp2207,20220218,20220218,133208000,13:32:09,8348,15049,52725,627483750,0,0,0
pp2207,20220218,20220218,133208500,13:32:10,8348,15049,52725,627483750,0,0,0
pp2207,20220218,20220218,133209000,13:32:10,8346,15050,52724,627525480,1,-1,41730
pp2207,20220218,20220218,133209500,13:32:10,8346,15054,52726,627692405,4,2,166925
pp2207,20220218,20220218,133210000,13:32:13,8346,15054,52726,627692405,0,0,0
pp2207,20220218,20220218,133210500,13:32:13,8346,15054,52726,627692405,0,0,0
pp2207,20220218,20220218,133211000,13:32:14,8346,15056,52726,627775865,2,0,83460
pp2207,20220218,20220218,133213000,13:32:15,8346,15056,52726,627775865,0,0,0
pp2207,20220218,20220218,133214000,13:32:15,8346,15056,52726,627775865,0,0,0
pp2207,20220218,20220218,133214500,13:32:16,8346,15056,52726,627775865,0,0,0
pp2207,20220218,20220218,133215500,13:32:17,8346,15058,52726,627859325,2,0,83460
pp2207,20220218,20220218,133216000,13:32:17,8346,15058,52726,627859325,0,0,0
pp2207,20220218,20220218,133216500,13:32:17,8346,15058,52726,627859325,0,0,0
pp2207,20220218,20220218,133217000,13:32:18,8346,15058,52726,627859325,0,0,0
pp2207,20220218,20220218,133217500,13:32:18,8346,15058,52726,627859325,0,0,0
pp2207,20220218,20220218,133218000,13:32:18,8346,15069,52732,628318390,11,6,459065
pp2207,20220218,20220218,133218500,13:32:19,8346,15081,52734,628819150,12,2,500760
pp2207,20220218,20220218,133219000,13:32:20,8345,15087,52736,629069500,6,2,250350
pp2207,20220218,20220218,133219500,13:32:20,8345,15089,52738,629152950,2,2,83450
pp2207,20220218,20220218,133220000,13:32:21,8345,15091,52736,629236400,2,-2,83450
pp2207,20220218,20220218,133220500,13:32:21,8345,15091,52736,629236400,0,0,0
pp2207,20220218,20220218,133221000,13:32:22,8345,15091,52736,629236400,0,0,0
pp2207,20220218,20220218,133221500,13:32:22,8345,15091,52736,629236400,0,0,0
pp2207,20220218,20220218,133222000,13:32:23,8346,15093,52736,629319860,2,0,83460
pp2207,20220218,20220218,133222500,13:32:24,8346,15093,52736,629319860,0,0,0
pp2207,20220218,20220218,133223000,13:32:24,8346,15093,52736,629319860,0,0,0
pp2207,20220218,20220218,133223500,13:32:24,8346,15093,52736,629319860,0,0,0
pp2207,20220218,20220218,133224000,13:32:24,8346,15094,52736,629361590,1,0,41730
pp2207,20220218,20220218,133224500,13:32:25,8346,15094,52736,629361590,0,0,0
pp2207,20220218,20220218,133225000,13:32:25,8346,15094,52736,629361590,0,0,0
pp2207,20220218,20220218,133225500,13:32:26,8348,15112,52744,630112850,18,8,751260
pp2207,20220218,20220218,133226000,13:32:27,8348,15112,52744,630112850,0,0,0
pp2207,20220218,20220218,133226500,13:32:27,8348,15112,52744,630112850,0,0,0
pp2207,20220218,20220218,133227000,13:32:27,8348,15112,52744,630112850,0,0,0
pp2207,20220218,20220218,133227500,13:32:32,8348,15112,52744,630112850,0,0,0
pp2207,20220218,20220218,133228000,13:32:32,8348,15112,52744,630112850,0,0,0
pp2207,20220218,20220218,133232000,13:32:35,8348,15112,52744,630112850,0,0,0
pp2207,20220218,20220218,133234000,13:32:35,8348,15112,52744,630112850,0,0,0
pp2207,20220218,20220218,133235500,13:32:36,8346,15116,52747,630279770,4,3,166920
pp2207,20220218,20220218,133236000,13:32:37,8346,15116,52747,630279770,0,0,0
pp2207,20220218,20220218,133236500,13:32:37,8346,15116,52747,630279770,0,0,0
pp2207,20220218,20220218,133237000,13:32:37,8346,15116,52747,630279770,0,0,0
pp2207,20220218,20220218,133237500,13:32:38,8346,15116,52747,630279770,0,0,0
pp2207,20220218,20220218,133238000,13:32:38,8346,15116,52747,630279770,0,0,0
pp2207,20220218,20220218,133238500,13:32:39,8346,15116,52747,630279770,0,0,0
pp2207,20220218,20220218,133239000,13:32:39,8346,15116,52747,630279770,0,0,0
pp2207,20220218,20220218,133239500,13:32:40,8346,15116,52747,630279770,0,0,0
pp2207,20220218,20220218,133240000,13:32:40,8346,15116,52747,630279770,0,0,0
pp2207,20220218,20220218,133240500,13:32:41,8346,15116,52747,630279770,0,0,0
pp2207,20220218,20220218,133241000,13:32:41,8346,15116,52747,630279770,0,0,0
pp2207,20220218,20220218,133241500,13:32:42,8346,15116,52747,630279770,0,0,0
pp2207,20220218,20220218,133243500,13:32:44,8346,15116,52747,630279770,0,0,0
pp2207,20220218,20220218,133244000,13:32:44,8346,15116,52747,630279770,0,0,0
pp2207,20220218,20220218,133244500,13:32:45,8346,15116,52747,630279770,0,0,0
pp2207,20220218,20220218,133245500,13:32:45,8346,15116,52747,630279770,0,0,0
pp2207,20220218,20220218,133246000,13:32:47,8346,15116,52747,630279770,0,0,0
pp2207,20220218,20220218,133246500,13:32:47,8346,15116,52747,630279770,0,0,0
pp2207,20220218,20220218,133247000,13:32:47,8346,15116,52747,630279770,0,0,0
pp2207,20220218,20220218,133247500,13:32:48,8346,15116,52747,630279770,0,0,0
pp2207,20220218,20220218,133248000,13:32:49,8346,15116,52747,630279770,0,0,0
pp2207,20220218,20220218,133248500,13:32:49,8346,15116,52747,630279770,0,0,0
pp2207,20220218,20220218,133249000,13:32:49,8346,15116,52747,630279770,0,0,0
pp2207,20220218,20220218,133249500,13:32:50,8346,15116,52747,630279770,0,0,0
pp2207,20220218,20220218,133250000,13:32:51,8346,15116,52747,630279770,0,0,0
pp2207,20220218,20220218,133250500,13:32:52,8346,15116,52747,630279770,0,0,0
pp2207,20220218,20220218,133251000,13:32:53,8346,15116,52747,630279770,0,0,0
pp2207,20220218,20220218,133251500,13:32:53,8342,15125,52744,630655160,9,-3,375390
pp2207,20220218,20220218,133252500,13:32:53,8342,15134,52749,631030545,9,5,375385
pp2207,20220218,20220218,133253000,13:32:53,8342,15134,52749,631030545,0,0,0
pp2207,20220218,20220218,133253500,13:32:54,8342,15134,52749,631030545,0,0,0
pp2207,20220218,20220218,133254000,13:32:54,8342,15134,52749,631030545,0,0,0
pp2207,20220218,20220218,133254500,13:32:55,8342,15134,52749,631030545,0,0,0
pp2207,20220218,20220218,133255000,13:32:55,8342,15134,52749,631030545,0,0,0
pp2207,20220218,20220218,133257500,13:33:00,8342,15134,52749,631030545,0,0,0
pp2207,20220218,20220218,133258000,13:33:00,8342,15134,52749,631030545,0,0,0
pp2207,20220218,20220218,133259500,13:33:01,8342,15139,52750,631239095,5,1,208550
pp2207,20220218,20220218,133300000,13:33:01,8342,15139,52750,631239095,0,0,0
pp2207,20220218,20220218,133300500,13:33:01,8342,15139,52750,631239095,0,0,0
pp2207,20220218,20220218,133301000,13:33:02,8342,15139,52750,631239095,0,0,0
pp2207,20220218,20220218,133301500,13:33:02,8343,15141,52752,631322525,2,2,83430
pp2207,20220218,20220218,133302000,13:33:03,8344,15145,52752,631489405,4,0,166880
pp2207,20220218,20220218,133302500,13:33:03,8344,15149,52754,631656285,4,2,166880
pp2207,20220218,20220218,133303000,13:33:04,8344,15149,52754,631656285,0,0,0
pp2207,20220218,20220218,133304000,13:33:04,8344,15149,52754,631656285,0,0,0
pp2207,20220218,20220218,133304500,13:33:05,8344,15149,52754,631656285,0,0,0
pp2207,20220218,20220218,133305000,13:33:05,8344,15149,52754,631656285,0,0,0
pp2207,20220218,20220218,133305500,13:33:06,8343,15151,52754,631739715,2,0,83430
pp2207,20220218,20220218,133306000,13:33:06,8343,15151,52754,631739715,0,0,0
pp2207,20220218,20220218,133306500,13:33:06,8343,15151,52754,631739715,0,0,0
pp2207,20220218,20220218,133307000,13:33:07,8343,15151,52754,631739715,0,0,0
pp2207,20220218,20220218,133307500,13:33:08,8343,15151,52754,631739715,0,0,0
pp2207,20220218,20220218,133308500,13:33:09,8343,15151,52754,631739715,0,0,0
pp2207,20220218,20220218,133309000,13:33:09,8343,15151,52754,631739715,0,0,0
pp2207,20220218,20220218,133309500,13:33:11,8343,15151,52754,631739715,0,0,0
pp2207,20220218,20220218,133311000,13:33:13,8343,15151,52754,631739715,0,0,0
pp2207,20220218,20220218,133311500,13:33:14,8343,15151,52754,631739715,0,0,0
pp2207,20220218,20220218,133314500,13:33:18,8343,15151,52754,631739715,0,0,0
pp2207,20220218,20220218,133315000,13:33:18,8343,15151,52754,631739715,0,0,0
pp2207,20220218,20220218,133317000,13:33:19,8343,15151,52754,631739715,0,0,0
pp2207,20220218,20220218,133318000,13:33:19,8343,15151,52754,631739715,0,0,0
pp2207,20220218,20220218,133318500,13:33:19,8343,15151,52754,631739715,0,0,0
pp2207,20220218,20220218,133319000,13:33:20,8343,15151,52754,631739715,0,0,0
pp2207,20220218,20220218,133319500,13:33:21,8343,15151,52754,631739715,0,0,0
pp2207,20220218,20220218,133320000,13:33:21,8343,15151,52754,631739715,0,0,0
pp2207,20220218,20220218,133320500,13:33:22,8343,15151,52754,631739715,0,0,0
pp2207,20220218,20220218,133321500,13:33:22,8343,15151,52754,631739715,0,0,0
pp2207,20220218,20220218,133322000,13:33:22,8343,15151,52754,631739715,0,0,0
pp2207,20220218,20220218,133323000,13:33:23,8343,15151,52754,631739715,0,0,0
pp2207,20220218,20220218,133323500,13:33:24,8343,15151,52754,631739715,0,0,0
pp2207,20220218,20220218,133324000,13:33:24,8343,15151,52754,631739715,0,0,0
pp2207,20220218,20220218,133324500,13:33:25,8344,15159,52759,632073475,8,5,333760
pp2207,20220218,20220218,133325000,13:33:26,8344,15159,52759,632073475,0,0,0
pp2207,20220218,20220218,133325500,13:33:27,8344,15159,52759,632073475,0,0,0
pp2207,20220218,20220218,133326000,13:33:28,8344,15159,52759,632073475,0,0,0
pp2207,20220218,20220218,133326500,13:33:29,8344,15159,52759,632073475,0,0,0
pp2207,20220218,20220218,133327000,13:33:29,8344,15159,52759,632073475,0,0,0
pp2207,20220218,20220218,133331000,13:33:32,8344,15159,52759,632073475,0,0,0
pp2207,20220218,20220218,133331500,13:33:32,8344,15159,52759,632073475,0,0,0
pp2207,20220218,20220218,133332000,13:33:32,8344,15159,52759,632073475,0,0,0
pp2207,20220218,20220218,133332500,13:33:33,8344,15159,52759,632073475,0,0,0
pp2207,20220218,20220218,133333000,13:33:33,8344,15159,52759,632073475,0,0,0
pp2207,20220218,20220218,133333500,13:33:34,8344,15159,52759,632073475,0,0,0
pp2207,20220218,20220218,133334000,13:33:34,8344,15159,52759,632073475,0,0,0
pp2207,20220218,20220218,133334500,13:33:34,8344,15159,52759,632073475,0,0,0
pp2207,20220218,20220218,133335000,13:33:35,8345,15164,52759,632282100,5,0,208625
pp2207,20220218,20220218,133335500,13:33:35,8345,15164,52759,632282100,0,0,0
pp2207,20220218,20220218,133336000,13:33:36,8345,15164,52759,632282100,0,0,0
pp2207,20220218,20220218,133338500,13:33:39,8345,15164,52759,632282100,0,0,0
pp2207,20220218,20220218,133339000,13:33:39,8345,15164,52759,632282100,0,0,0
pp2207,20220218,20220218,133339500,13:33:40,8345,15164,52759,632282100,0,0,0
pp2207,20220218,20220218,133340000,13:33:40,8345,15164,52759,632282100,0,0,0
pp2207,20220218,20220218,133342000,13:33:42,8345,15164,52759,632282100,0,0,0
pp2207,20220218,20220218,133342500,13:33:42,8345,15164,52759,632282100,0,0,0
pp2207,20220218,20220218,133343000,13:33:43,8345,15164,52759,632282100,0,0,0
pp2207,20220218,20220218,133343500,13:33:44,8345,15164,52759,632282100,0,0,0
pp2207,20220218,20220218,133348000,13:33:49,8345,15164,52759,632282100,0,0,0
pp2207,20220218,20220218,133348500,13:33:50,8345,15164,52759,632282100,0,0,0
pp2207,20220218,20220218,133350500,13:33:50,8345,15164,52759,632282100,0,0,0
pp2207,20220218,20220218,133351000,13:33:51,8345,15164,52759,632282100,0,0,0
pp2207,20220218,20220218,133353000,13:33:53,8345,15166,52761,632365550,2,2,83450
pp2207,20220218,20220218,133353500,13:33:53,8345,15166,52761,632365550,0,0,0
pp2207,20220218,20220218,133354000,13:33:54,8345,15166,52761,632365550,0,0,0
pp2207,20220218,20220218,133355500,13:33:56,8345,15166,52761,632365550,0,0,0
pp2207,20220218,20220218,133356000,13:33:57,8345,15166,52761,632365550,0,0,0
pp2207,20220218,20220218,133359000,13:33:59,8345,15166,52761,632365550,0,0,0
pp2207,20220218,20220218,133403000,13:34:11,8345,15170,52759,632532450,4,-2,166900
pp2207,20220218,20220218,133409500,13:34:12,8345,15170,52759,632532450,0,0,0
pp2207,20220218,20220218,133413500,13:34:14,8345,15170,52759,632532450,0,0,0
pp2207,20220218,20220218,133414000,13:34:14,8345,15170,52759,632532450,0,0,0
pp2207,20220218,20220218,133414500,13:34:15,8345,15170,52759,632532450,0,0,0
pp2207,20220218,20220218,133415000,13:34:15,8349,15190,52761,633367200,20,2,834750
pp2207,20220218,20220218,133415500,13:34:16,8349,15190,52761,633367200,0,0,0
pp2207,20220218,20220218,133416000,13:34:16,8351,15206,52763,634035320,16,2,668120
pp2207,20220218,20220218,133416500,13:34:17,8351,15206,52763,634035320,0,0,0
pp2207,20220218,20220218,133417000,13:34:17,8351,15206,52763,634035320,0,0,0
pp2207,20220218,20220218,133417500,13:34:17,8351,15206,52763,634035320,0,0,0
pp2207,20220218,20220218,133418000,13:34:18,8351,15206,52763,634035320,0,0,0
pp2207,20220218,20220218,133418500,13:34:19,8351,15206,52763,634035320,0,0,0
pp2207,20220218,20220218,133419000,13:34:19,8351,15206,52763,634035320,0,0,0
pp2207,20220218,20220218,133420000,13:34:20,8351,15206,52763,634035320,0,0,0
pp2207,20220218,20220218,133420500,13:34:23,8351,15206,52763,634035320,0,0,0
pp2207,20220218,20220218,133421000,13:34:23,8351,15206,52763,634035320,0,0,0
pp2207,20220218,20220218,133421500,13:34:23,8351,15206,52763,634035320,0,0,0
pp2207,20220218,20220218,133423000,13:34:24,8351,15206,52763,634035320,0,0,0
pp2207,20220218,20220218,133423500,13:34:24,8351,15206,52763,634035320,0,0,0
pp2207,20220218,20220218,133424000,13:34:24,8351,15206,52763,634035320,0,0,0
pp2207,20220218,20220218,133424500,13:34:24,8351,15206,52763,634035320,0,0,0
pp2207,20220218,20220218,133428000,13:34:28,8351,15206,52763,634035320,0,0,0
pp2207,20220218,20220218,133429000,13:34:29,8351,15206,52763,634035320,0,0,0
pp2207,20220218,20220218,133429500,13:34:29,8349,15214,52759,634369280,8,-4,333960
pp2207,20220218,20220218,133430500,13:34:30,8349,15214,52759,634369280,0,0,0
pp2207,20220218,20220218,133432000,13:34:32,8349,15214,52759,634369280,0,0,0
pp2207,20220218,20220218,133432500,13:34:32,8349,15214,52759,634369280,0,0,0
pp2207,20220218,20220218,133433500,13:34:34,8349,15214,52759,634369280,0,0,0
pp2207,20220218,20220218,133434000,13:34:34,8349,15214,52759,634369280,0,0,0
pp2207,20220218,20220218,133435000,13:34:35,8349,15214,52759,634369280,0,0,0
pp2207,20220218,20220218,133435500,13:34:36,8349,15218,52763,634536260,4,4,166980
pp2207,20220218,20220218,133436000,13:34:36,8348,15219,52762,634578000,1,-1,41740
pp2207,20220218,20220218,133436500,13:34:36,8348,15227,52762,634911920,8,0,333920
pp2207,20220218,20220218,133437000,13:34:37,8348,15227,52762,634911920,0,0,0
pp2207,20220218,20220218,133437500,13:34:38,8348,15237,52760,635329320,10,-2,417400
pp2207,20220218,20220218,133438000,13:34:38,8349,15238,52760,635371065,1,0,41745
pp2207,20220218,20220218,133438500,13:34:39,8349,15238,52760,635371065,0,0,0
pp2207,20220218,20220218,133439000,13:34:39,8349,15238,52760,635371065,0,0,0
pp2207,20220218,20220218,133439500,13:34:40,8349,15238,52760,635371065,0,0,0
pp2207,20220218,20220218,133440000,13:34:40,8349,15238,52760,635371065,0,0,0
pp2207,20220218,20220218,133441000,13:34:41,8349,15238,52760,635371065,0,0,0
pp2207,20220218,20220218,133441500,13:34:43,8349,15238,52760,635371065,0,0,0
pp2207,20220218,20220218,133442000,13:34:44,8349,15238,52760,635371065,0,0,0
pp2207,20220218,20220218,133442500,13:34:44,8349,15238,52760,635371065,0,0,0
pp2207,20220218,20220218,133443500,13:34:45,8349,15238,52760,635371065,0,0,0
pp2207,20220218,20220218,133444000,13:34:45,8349,15238,52760,635371065,0,0,0
pp2207,20220218,20220218,133444500,13:34:46,8349,15238,52760,635371065,0,0,0
pp2207,20220218,20220218,133445000,13:34:46,8349,15238,52760,635371065,0,0,0
pp2207,20220218,20220218,133446000,13:34:46,8349,15238,52760,635371065,0,0,0
pp2207,20220218,20220218,133448500,13:34:49,8350,15240,52760,635454565,2,0,83500
pp2207,20220218,20220218,133449000,13:34:49,8350,15240,52760,635454565,0,0,0
pp2207,20220218,20220218,133449500,13:34:49,8350,15240,52760,635454565,0,0,0
pp2207,20220218,20220218,133450000,13:34:51,8350,15240,52760,635454565,0,0,0
pp2207,20220218,20220218,133450500,13:34:51,8350,15240,52760,635454565,0,0,0
pp2207,20220218,20220218,133451000,13:34:51,8350,15240,52760,635454565,0,0,0
pp2207,20220218,20220218,133451500,13:34:52,8350,15240,52760,635454565,0,0,0
pp2207,20220218,20220218,133452000,13:34:52,8350,15240,52760,635454565,0,0,0
pp2207,20220218,20220218,133452500,13:34:53,8350,15240,52760,635454565,0,0,0
pp2207,20220218,20220218,133454500,13:34:56,8350,15240,52760,635454565,0,0,0
pp2207,20220218,20220218,133455500,13:34:56,8350,15240,52760,635454565,0,0,0
pp2207,20220218,20220218,133456000,13:34:57,8350,15240,52760,635454565,0,0,0
pp2207,20220218,20220218,133456500,13:34:57,8350,15240,52760,635454565,0,0,0
pp2207,20220218,20220218,133457000,13:34:57,8350,15240,52760,635454565,0,0,0
pp2207,20220218,20220218,133500000,13:35:00,8350,15240,52760,635454565,0,0,0
pp2207,20220218,20220218,133500500,13:35:00,8350,15240,52760,635454565,0,0,0
pp2207,20220218,20220218,133501500,13:35:05,8350,15240,52760,635454565,0,0,0
pp2207,20220218,20220218,133504500,13:35:10,8350,15240,52760,635454565,0,0,0
pp2207,20220218,20220218,133510000,13:35:11,8355,15278,52780,637041565,38,20,1587000
pp2207,20220218,20220218,133510500,13:35:11,8355,15282,52782,637208665,4,2,167100
pp2207,20220218,20220218,133511000,13:35:11,8355,15282,52782,637208665,0,0,0
pp2207,20220218,20220218,133511500,13:35:12,8355,15282,52782,637208665,0,0,0
pp2207,20220218,20220218,133512000,13:35:13,8355,15286,52786,637375765,4,4,167100
pp2207,20220218,20220218,133512500,13:35:13,8355,15286,52786,637375765,0,0,0
pp2207,20220218,20220218,133513000,13:35:13,8355,15286,52786,637375765,0,0,0
pp2207,20220218,20220218,133515500,13:35:16,8355,15286,52786,637375765,0,0,0
pp2207,20220218,20220218,133516000,13:35:16,8355,15286,52786,637375765,0,0,0
pp2207,20220218,20220218,133516500,13:35:17,8355,15286,52786,637375765,0,0,0
pp2207,20220218,20220218,133517000,13:35:17,8355,15286,52786,637375765,0,0,0
pp2207,20220218,20220218,133517500,13:35:18,8355,15286,52786,637375765,0,0,0
pp2207,20220218,20220218,133519000,13:35:19,8356,15288,52786,637459325,2,0,83560
pp2207,20220218,20220218,133519500,13:35:20,8356,15288,52786,637459325,0,0,0
pp2207,20220218,20220218,133520500,13:35:21,8356,15288,52786,637459325,0,0,0
pp2207,20220218,20220218,133521000,13:35:21,8356,15288,52786,637459325,0,0,0
pp2207,20220218,20220218,133521500,13:35:22,8356,15288,52786,637459325,0,0,0
pp2207,20220218,20220218,133522000,13:35:22,8356,15288,52786,637459325,0,0,0
pp2207,20220218,20220218,133522500,13:35:23,8356,15288,52786,637459325,0,0,0
pp2207,20220218,20220218,133523000,13:35:23,8356,15290,52784,637542885,2,-2,83560
pp2207,20220218,20220218,133523500,13:35:23,8356,15290,52784,637542885,0,0,0
pp2207,20220218,20220218,133524000,13:35:25,8356,15290,52784,637542885,0,0,0
pp2207,20220218,20220218,133524500,13:35:25,8356,15290,52784,637542885,0,0,0
pp2207,20220218,20220218,133525000,13:35:26,8356,15290,52784,637542885,0,0,0
pp2207,20220218,20220218,133525500,13:35:26,8356,15290,52784,637542885,0,0,0
pp2207,20220218,20220218,133526000,13:35:26,8356,15290,52784,637542885,0,0,0
pp2207,20220218,20220218,133526500,13:35:27,8356,15290,52784,637542885,0,0,0
pp2207,20220218,20220218,133527000,13:35:31,8356,15290,52784,637542885,0,0,0
pp2207,20220218,20220218,133527500,13:35:31,8356,15290,52784,637542885,0,0,0
pp2207,20220218,20220218,133528000,13:35:32,8356,15290,52784,637542885,0,0,0
pp2207,20220218,20220218,133530500,13:35:33,8356,15290,52784,637542885,0,0,0
pp2207,20220218,20220218,133532000,13:35:42,8356,15290,52784,637542885,0,0,0
pp2207,20220218,20220218,133540500,13:35:43,8356,15290,52784,637542885,0,0,0
pp2207,20220218,20220218,133542000,13:35:44,8356,15290,52784,637542885,0,0,0
pp2207,20220218,20220218,133542500,13:35:44,8356,15290,52784,637542885,0,0,0
pp2207,20220218,20220218,133543500,13:35:44,8356,15290,52784,637542885,0,0,0
pp2207,20220218,20220218,133544000,13:35:45,8356,15290,52784,637542885,0,0,0
pp2207,20220218,20220218,133544500,13:35:45,8356,15290,52784,637542885,0,0,0
pp2207,20220218,20220218,133545000,13:35:46,8356,15290,52784,637542885,0,0,0
pp2207,20220218,20220218,133545500,13:35:46,8356,15290,52784,637542885,0,0,0
pp2207,20220218,20220218,133546000,13:35:46,8356,15290,52784,637542885,0,0,0
pp2207,20220218,20220218,133546500,13:35:46,8356,15290,52784,637542885,0,0,0
pp2207,20220218,20220218,133547000,13:35:47,8356,15290,52784,637542885,0,0,0
pp2207,20220218,20220218,133547500,13:35:48,8356,15290,52784,637542885,0,0,0
pp2207,20220218,20220218,133548000,13:35:48,8356,15290,52784,637542885,0,0,0
pp2207,20220218,20220218,133548500,13:35:48,8356,15290,52784,637542885,0,0,0
pp2207,20220218,20220218,133549000,13:35:49,8356,15290,52784,637542885,0,0,0
pp2207,20220218,20220218,133549500,13:35:49,8356,15290,52784,637542885,0,0,0
pp2207,20220218,20220218,133550000,13:35:50,8356,15290,52784,637542885,0,0,0
pp2207,20220218,20220218,133550500,13:35:51,8356,15290,52784,637542885,0,0,0
pp2207,20220218,20220218,133551000,13:35:51,8356,15290,52784,637542885,0,0,0
pp2207,20220218,20220218,133551500,13:35:52,8356,15290,52784,637542885,0,0,0
pp2207,20220218,20220218,133552000,13:35:52,8356,15290,52784,637542885,0,0,0
pp2207,20220218,20220218,133552500,13:35:53,8357,15294,52782,637710025,4,-2,167140
pp2207,20220218,20220218,133553000,13:35:55,8358,15296,52784,637793605,2,2,83580
pp2207,20220218,20220218,133553500,13:35:55,8358,15296,52784,637793605,0,0,0
pp2207,20220218,20220218,133554000,13:35:55,8357,15300,52788,637960745,4,4,167140
pp2207,20220218,20220218,133554500,13:35:56,8357,15300,52788,637960745,0,0,0
pp2207,20220218,20220218,133555000,13:35:56,8357,15300,52788,637960745,0,0,0
pp2207,20220218,20220218,133555500,13:35:56,8357,15300,52788,637960745,0,0,0
pp2207,20220218,20220218,133556000,13:35:56,8357,15300,52788,637960745,0,0,0
pp2207,20220218,20220218,133556500,13:35:57,8357,15300,52788,637960745,0,0,0
pp2207,20220218,20220218,133557000,13:35:59,8357,15300,52788,637960745,0,0,0
pp2207,20220218,20220218,133557500,13:36:00,8357,15300,52788,637960745,0,0,0
pp2207,20220218,20220218,133558000,13:36:01,8357,15300,52788,637960745,0,0,0
pp2207,20220218,20220218,133559500,13:36:03,8357,15300,52788,637960745,0,0,0
pp2207,20220218,20220218,133601500,13:36:03,8357,15300,52788,637960745,0,0,0
pp2207,20220218,20220218,133602500,13:36:04,8357,15300,52788,637960745,0,0,0
pp2207,20220218,20220218,133603000,13:36:05,8357,15300,52788,637960745,0,0,0
pp2207,20220218,20220218,133603500,13:36:05,8357,15300,52788,637960745,0,0,0
pp2207,20220218,20220218,133605000,13:36:06,8357,15300,52788,637960745,0,0,0
pp2207,20220218,20220218,133605500,13:36:07,8357,15300,52788,637960745,0,0,0
pp2207,20220218,20220218,133606000,13:36:07,8356,15312,52784,638462105,12,-4,501360
pp2207,20220218,20220218,133606500,13:36:07,8356,15312,52784,638462105,0,0,0
pp2207,20220218,20220218,133607000,13:36:08,8356,15312,52784,638462105,0,0,0
pp2207,20220218,20220218,133607500,13:36:08,8355,15316,52786,638629205,4,2,167100
pp2207,20220218,20220218,133608000,13:36:08,8355,15318,52788,638712755,2,2,83550
pp2207,20220218,20220218,133608500,13:36:09,8355,15318,52788,638712755,0,0,0
pp2207,20220218,20220218,133609500,13:36:10,8356,15322,52784,638879875,4,-4,167120
pp2207,20220218,20220218,133610000,13:36:11,8356,15328,52790,639130555,6,6,250680
pp2207,20220218,20220218,133610500,13:36:11,8356,15328,52790,639130555,0,0,0
pp2207,20220218,20220218,133612000,13:36:12,8357,15338,52786,639548405,10,-4,417850
pp2207,20220218,20220218,133612500,13:36:12,8357,15338,52786,639548405,0,0,0
pp2207,20220218,20220218,133613000,13:36:13,8357,15338,52786,639548405,0,0,0
pp2207,20220218,20220218,133613500,13:36:14,8357,15338,52786,639548405,0,0,0
pp2207,20220218,20220218,133614500,13:36:14,8357,15338,52786,639548405,0,0,0
pp2207,20220218,20220218,133616500,13:36:17,8357,15338,52786,639548405,0,0,0
pp2207,20220218,20220218,133617000,13:36:19,8357,15338,52786,639548405,0,0,0
pp2207,20220218,20220218,133617500,13:36:19,8357,15338,52786,639548405,0,0,0
pp2207,20220218,20220218,133618500,13:36:19,8356,15346,52786,639882645,8,0,334240
pp2207,20220218,20220218,133619000,13:36:19,8358,15349,52784,640008015,3,-2,125370
pp2207,20220218,20220218,133619500,13:36:20,8357,15350,52785,640049800,1,1,41785
pp2207,20220218,20220218,133620000,13:36:20,8357,15350,52785,640049800,0,0,0
pp2207,20220218,20220218,133620500,13:36:20,8357,15350,52785,640049800,0,0,0
pp2207,20220218,20220218,133621000,13:36:21,8357,15350,52785,640049800,0,0,0
pp2207,20220218,20220218,133621500,13:36:21,8357,15350,52785,640049800,0,0,0
pp2207,20220218,20220218,133622000,13:36:22,8357,15350,52785,640049800,0,0,0
pp2207,20220218,20220218,133622500,13:36:22,8357,15350,52785,640049800,0,0,0
pp2207,20220218,20220218,133623000,13:36:23,8357,15350,52785,640049800,0,0,0
pp2207,20220218,20220218,133623500,13:36:23,8357,15350,52785,640049800,0,0,0
pp2207,20220218,20220218,133624000,13:36:24,8357,15350,52785,640049800,0,0,0
pp2207,20220218,20220218,133624500,13:36:24,8357,15350,52785,640049800,0,0,0
pp2207,20220218,20220218,133625000,13:36:25,8357,15350,52785,640049800,0,0,0
pp2207,20220218,20220218,133625500,13:36:26,8357,15350,52785,640049800,0,0,0
pp2207,20220218,20220218,133626000,13:36:26,8357,15350,52785,640049800,0,0,0
pp2207,20220218,20220218,133626500,13:36:27,8357,15350,52785,640049800,0,0,0
pp2207,20220218,20220218,133627000,13:36:28,8357,15350,52785,640049800,0,0,0
pp2207,20220218,20220218,133629500,13:36:30,8357,15350,52785,640049800,0,0,0
pp2207,20220218,20220218,133630000,13:36:30,8357,15352,52787,640133370,2,2,83570
pp2207,20220218,20220218,133630500,13:36:31,8356,15356,52791,640300490,4,4,167120
pp2207,20220218,20220218,133631000,13:36:31,8356,15358,52789,640384050,2,-2,83560
pp2207,20220218,20220218,133631500,13:36:31,8356,15358,52789,640384050,0,0,0
pp2207,20220218,20220218,133632000,13:36:32,8356,15358,52789,640384050,0,0,0
pp2207,20220218,20220218,133632500,13:36:33,8356,15358,52789,640384050,0,0,0
pp2207,20220218,20220218,133633000,13:36:33,8356,15358,52789,640384050,0,0,0
pp2207,20220218,20220218,133633500,13:36:34,8356,15358,52789,640384050,0,0,0
pp2207,20220218,20220218,133634000,13:36:34,8356,15358,52789,640384050,0,0,0
pp2207,20220218,20220218,133634500,13:36:35,8356,15358,52789,640384050,0,0,0
pp2207,20220218,20220218,133635000,13:36:36,8356,15358,52789,640384050,0,0,0
pp2207,20220218,20220218,133635500,13:36:36,8356,15358,52789,640384050,0,0,0
pp2207,20220218,20220218,133636000,13:36:36,8356,15358,52789,640384050,0,0,0
pp2207,20220218,20220218,133636500,13:36:36,8356,15358,52789,640384050,0,0,0
pp2207,20220218,20220218,133637000,13:36:38,8356,15358,52789,640384050,0,0,0
pp2207,20220218,20220218,133637500,13:36:38,8356,15358,52789,640384050,0,0,0
pp2207,20220218,20220218,133638000,13:36:38,8356,15358,52789,640384050,0,0,0
pp2207,20220218,20220218,133638500,13:36:39,8356,15358,52789,640384050,0,0,0
pp2207,20220218,20220218,133639000,13:36:39,8356,15358,52789,640384050,0,0,0
pp2207,20220218,20220218,133639500,13:36:40,8356,15358,52789,640384050,0,0,0
pp2207,20220218,20220218,133640000,13:36:40,8356,15358,52789,640384050,0,0,0
pp2207,20220218,20220218,133640500,13:36:40,8357,15359,52789,640425835,1,0,41785
pp2207,20220218,20220218,133641000,13:36:41,8357,15360,52790,640467620,1,1,41785
pp2207,20220218,20220218,133641500,13:36:42,8358,15368,52798,640801940,8,8,334320
pp2207,20220218,20220218,133642000,13:36:42,8358,15368,52798,640801940,0,0,0
pp2207,20220218,20220218,133643500,13:36:44,8358,15368,52798,640801940,0,0,0
pp2207,20220218,20220218,133644000,13:36:44,8358,15368,52798,640801940,0,0,0
pp2207,20220218,20220218,133645000,13:36:45,8358,15376,52796,641136260,8,-2,334320
pp2207,20220218,20220218,133645500,13:36:46,8358,15376,52796,641136260,0,0,0
pp2207,20220218,20220218,133646000,13:36:46,8358,15376,52796,641136260,0,0,0
pp2207,20220218,20220218,133646500,13:36:46,8358,15376,52796,641136260,0,0,0
pp2207,20220218,20220218,133647000,13:36:47,8358,15376,52796,641136260,0,0,0
pp2207,20220218,20220218,133647500,13:36:48,8358,15376,52796,641136260,0,0,0
pp2207,20220218,20220218,133648000,13:36:48,8358,15376,52796,641136260,0,0,0
pp2207,20220218,20220218,133650000,13:36:50,8358,15376,52796,641136260,0,0,0
pp2207,20220218,20220218,133650500,13:36:50,8358,15376,52796,641136260,0,0,0
pp2207,20220218,20220218,133651000,13:36:51,8358,15376,52796,641136260,0,0,0
pp2207,20220218,20220218,133651500,13:36:52,8358,15376,52796,641136260,0,0,0
pp2207,20220218,20220218,133652000,13:36:52,8358,15376,52796,641136260,0,0,0
pp2207,20220218,20220218,133652500,13:36:53,8358,15376,52796,641136260,0,0,0
pp2207,20220218,20220218,133653000,13:36:53,8358,15376,52796,641136260,0,0,0
pp2207,20220218,20220218,133653500,13:36:54,8358,15376,52796,641136260,0,0,0
pp2207,20220218,20220218,133655500,13:36:56,8358,15376,52796,641136260,0,0,0
pp2207,20220218,20220218,133657000,13:36:58,8358,15376,52796,641136260,0,0,0
pp2207,20220218,20220218,133657500,13:36:58,8358,15376,52796,641136260,0,0,0
pp2207,20220218,20220218,133658000,13:36:58,8358,15376,52796,641136260,0,0,0
pp2207,20220218,20220218,133658500,13:36:59,8358,15376,52796,641136260,0,0,0
pp2207,20220218,20220218,133659000,13:36:59,8358,15376,52796,641136260,0,0,0
pp2207,20220218,20220218,133659500,13:37:00,8358,15376,52796,641136260,0,0,0
pp2207,20220218,20220218,133700000,13:37:00,8358,15376,52796,641136260,0,0,0
pp2207,20220218,20220218,133700500,13:37:00,8358,15376,52796,641136260,0,0,0
pp2207,20220218,20220218,133701000,13:37:01,8358,15376,52796,641136260,0,0,0
pp2207,20220218,20220218,133702000,13:37:02,8358,15376,52796,641136260,0,0,0
pp2207,20220218,20220218,133702500,13:37:03,8358,15376,52796,641136260,0,0,0
pp2207,20220218,20220218,133703000,13:37:03,8358,15376,52796,641136260,0,0,0
pp2207,20220218,20220218,133703500,13:37:03,8358,15376,52796,641136260,0,0,0
pp2207,20220218,20220218,133710000,13:37:11,8358,15376,52796,641136260,0,0,0
pp2207,20220218,20220218,133710500,13:37:11,8361,15386,52798,641554310,10,2,418050
pp2207,20220218,20220218,133711000,13:37:12,8361,15388,52800,641637920,2,2,83610
pp2207,20220218,20220218,133711500,13:37:13,8361,15394,52794,641888750,6,-6,250830
pp2207,20220218,20220218,133712000,13:37:13,8361,15394,52794,641888750,0,0,0
pp2207,20220218,20220218,133712500,13:37:13,8361,15394,52794,641888750,0,0,0
pp2207,20220218,20220218,133713000,13:37:14,8361,15394,52794,641888750,0,0,0
pp2207,20220218,20220218,133713500,13:37:14,8361,15394,52794,641888750,0,0,0
pp2207,20220218,20220218,133714000,13:37:14,8362,15398,52790,642055990,4,-4,167240
pp2207,20220218,20220218,133714500,13:37:15,8361,15399,52790,642097795,1,0,41805
pp2207,20220218,20220218,133715000,13:37:15,8361,15399,52790,642097795,0,0,0
pp2207,20220218,20220218,133715500,13:37:16,8361,15399,52790,642097795,0,0,0
pp2207,20220218,20220218,133716000,13:37:16,8361,15399,52790,642097795,0,0,0
pp2207,20220218,20220218,133718500,13:37:19,8361,15399,52790,642097795,0,0,0
pp2207,20220218,20220218,133719000,13:37:19,8361,15399,52790,642097795,0,0,0
pp2207,20220218,20220218,133719500,13:37:20,8361,15399,52790,642097795,0,0,0
pp2207,20220218,20220218,133720000,13:37:21,8361,15399,52790,642097795,0,0,0
pp2207,20220218,20220218,133720500,13:37:21,8361,15401,52792,642181405,2,2,83610
pp2207,20220218,20220218,133721000,13:37:21,8361,15401,52792,642181405,0,0,0
pp2207,20220218,20220218,133721500,13:37:22,8361,15401,52792,642181405,0,0,0
pp2207,20220218,20220218,133722000,13:37:22,8361,15401,52792,642181405,0,0,0
pp2207,20220218,20220218,133722500,13:37:23,8361,15401,52792,642181405,0,0,0
pp2207,20220218,20220218,133723000,13:37:23,8361,15401,52792,642181405,0,0,0
pp2207,20220218,20220218,133723500,13:37:23,8361,15401,52792,642181405,0,0,0
pp2207,20220218,20220218,133725000,13:37:25,8361,15401,52792,642181405,0,0,0
pp2207,20220218,20220218,133725500,13:37:26,8361,15401,52792,642181405,0,0,0
pp2207,20220218,20220218,133726000,13:37:26,8361,15401,52792,642181405,0,0,0
pp2207,20220218,20220218,133726500,13:37:27,8361,15401,52792,642181405,0,0,0
pp2207,20220218,20220218,133729000,13:37:29,8361,15401,52792,642181405,0,0,0
pp2207,20220218,20220218,133730000,13:37:30,8361,15401,52792,642181405,0,0,0
pp2207,20220218,20220218,133730500,13:37:31,8361,15401,52792,642181405,0,0,0
pp2207,20220218,20220218,133731000,13:37:31,8361,15401,52792,642181405,0,0,0
pp2207,20220218,20220218,133731500,13:37:31,8361,15401,52792,642181405,0,0,0
pp2207,20220218,20220218,133732000,13:37:32,8361,15401,52792,642181405,0,0,0
pp2207,20220218,20220218,133732500,13:37:33,8361,15401,52792,642181405,0,0,0
pp2207,20220218,20220218,133733000,13:37:33,8361,15401,52792,642181405,0,0,0
pp2207,20220218,20220218,133733500,13:37:33,8361,15401,52792,642181405,0,0,0
pp2207,20220218,20220218,133734000,13:37:34,8361,15401,52792,642181405,0,0,0
pp2207,20220218,20220218,133734500,13:37:34,8361,15401,52792,642181405,0,0,0
pp2207,20220218,20220218,133735000,13:37:35,8361,15401,52792,642181405,0,0,0
pp2207,20220218,20220218,133735500,13:37:36,8361,15401,52792,642181405,0,0,0
pp2207,20220218,20220218,133736000,13:37:36,8361,15401,52792,642181405,0,0,0
pp2207,20220218,20220218,133736500,13:37:37,8361,15401,52792,642181405,0,0,0
pp2207,20220218,20220218,133737000,13:37:37,8361,15401,52792,642181405,0,0,0
pp2207,20220218,20220218,133737500,13:37:37,8361,15401,52792,642181405,0,0,0
pp2207,20220218,20220218,133738000,13:37:39,8361,15401,52792,642181405,0,0,0
pp2207,20220218,20220218,133738500,13:37:39,8361,15401,52792,642181405,0,0,0
pp2207,20220218,20220218,133739000,13:37:39,8361,15401,52792,642181405,0,0,0
pp2207,20220218,20220218,133739500,13:37:39,8361,15401,52792,642181405,0,0,0
pp2207,20220218,20220218,133740000,13:37:40,8361,15401,52792,642181405,0,0,0
pp2207,20220218,20220218,133740500,13:37:40,8361,15401,52792,642181405,0,0,0
pp2207,20220218,20220218,133741500,13:37:42,8361,15401,52792,642181405,0,0,0
pp2207,20220218,20220218,133742000,13:37:42,8361,15401,52792,642181405,0,0,0
pp2207,20220218,20220218,133743000,13:37:44,8361,15401,52792,642181405,0,0,0
pp2207,20220218,20220218,133743500,13:37:44,8361,15401,52792,642181405,0,0,0
pp2207,20220218,20220218,133744000,13:37:45,8361,15401,52792,642181405,0,0,0
pp2207,20220218,20220218,133745500,13:37:45,8361,15403,52792,642265015,2,0,83610
pp2207,20220218,20220218,133746000,13:37:46,8361,15403,52792,642265015,0,0,0
pp2207,20220218,20220218,133746500,13:37:47,8361,15403,52792,642265015,0,0,0
pp2207,20220218,20220218,133747000,13:37:47,8361,15403,52792,642265015,0,0,0
pp2207,20220218,20220218,133747500,13:37:48,8361,15403,52792,642265015,0,0,0
pp2207,20220218,20220218,133748000,13:37:48,8361,15403,52792,642265015,0,0,0
pp2207,20220218,20220218,133750000,13:37:50,8361,15403,52792,642265015,0,0,0
pp2207,20220218,20220218,133750500,13:37:51,8361,15403,52792,642265015,0,0,0
pp2207,20220218,20220218,133751500,13:37:53,8361,15403,52792,642265015,0,0,0
pp2207,20220218,20220218,133752000,13:37:53,8361,15403,52792,642265015,0,0,0
pp2207,20220218,20220218,133754000,13:37:55,8361,15403,52792,642265015,0,0,0
pp2207,20220218,20220218,133755500,13:37:55,8361,15403,52792,642265015,0,0,0
pp2207,20220218,20220218,133756000,13:37:56,8361,15403,52792,642265015,0,0,0
pp2207,20220218,20220218,133757500,13:37:58,8361,15403,52792,642265015,0,0,0
pp2207,20220218,20220218,133758500,13:37:59,8361,15403,52792,642265015,0,0,0
pp2207,20220218,20220218,133800500,13:38:02,8361,15403,52792,642265015,0,0,0
pp2207,20220218,20220218,133801000,13:38:03,8362,15407,52792,642432255,4,0,167240
pp2207,20220218,20220218,133802000,13:38:04,8362,15407,52792,642432255,0,0,0
pp2207,20220218,20220218,133802500,13:38:06,8362,15411,52794,642599495,4,2,167240
pp2207,20220218,20220218,133803000,13:38:06,8362,15411,52794,642599495,0,0,0
pp2207,20220218,20220218,133804000,13:38:07,8362,15411,52794,642599495,0,0,0
pp2207,20220218,20220218,133809000,13:38:09,8362,15411,52794,642599495,0,0,0
pp2207,20220218,20220218,133809500,13:38:10,8362,15411,52794,642599495,0,0,0
pp2207,20220218,20220218,133810000,13:38:10,8362,15411,52794,642599495,0,0,0
pp2207,20220218,20220218,133810500,13:38:10,8360,15432,52795,643477295,21,1,877800
pp2207,20220218,20220218,133811000,13:38:14,8360,15432,52795,643477295,0,0,0
pp2207,20220218,20220218,133811500,13:38:14,8361,15433,52795,643519100,1,0,41805
pp2207,20220218,20220218,133812500,13:38:14,8361,15433,52795,643519100,0,0,0
pp2207,20220218,20220218,133813500,13:38:15,8361,15433,52795,643519100,0,0,0
pp2207,20220218,20220218,133814000,13:38:17,8361,15433,52795,643519100,0,0,0
pp2207,20220218,20220218,133814500,13:38:17,8361,15433,52795,643519100,0,0,0
pp2207,20220218,20220218,133815000,13:38:17,8360,15441,52797,643853500,8,2,334400
pp2207,20220218,20220218,133816500,13:38:18,8359,15456,52799,644480425,15,2,626925
pp2207,20220218,20220218,133817500,13:38:18,8359,15456,52799,644480425,0,0,0
pp2207,20220218,20220218,133818000,13:38:18,8359,15456,52799,644480425,0,0,0
pp2207,20220218,20220218,133818500,13:38:19,8360,15478,52797,645400025,22,-2,919600
pp2207,20220218,20220218,133819000,13:38:19,8360,15478,52797,645400025,0,0,0
pp2207,20220218,20220218,133819500,13:38:19,8360,15478,52797,645400025,0,0,0
pp2207,20220218,20220218,133820000,13:38:20,8360,15478,52797,645400025,0,0,0
pp2207,20220218,20220218,133821500,13:38:23,8360,15478,52797,645400025,0,0,0
pp2207,20220218,20220218,133822000,13:38:23,8360,15478,52797,645400025,0,0,0
pp2207,20220218,20220218,133822500,13:38:23,8360,15478,52797,645400025,0,0,0
pp2207,20220218,20220218,133823000,13:38:24,8360,15478,52797,645400025,0,0,0
pp2207,20220218,20220218,133823500,13:38:24,8360,15478,52797,645400025,0,0,0
pp2207,20220218,20220218,133840500,13:38:43,8360,15478,52797,645400025,0,0,0
pp2207,20220218,20220218,133841000,13:38:43,8360,15478,52797,645400025,0,0,0
pp2207,20220218,20220218,133841500,13:38:43,8360,15478,52797,645400025,0,0,0
pp2207,20220218,20220218,133842000,13:38:43,8360,15478,52797,645400025,0,0,0
pp2207,20220218,20220218,133843000,13:38:43,8360,15478,52797,645400025,0,0,0
pp2207,20220218,20220218,133843500,13:38:44,8360,15478,52797,645400025,0,0,0
pp2207,20220218,20220218,133844500,13:38:44,8360,15478,52797,645400025,0,0,0
pp2207,20220218,20220218,133845000,13:38:45,8360,15478,52797,645400025,0,0,0
pp2207,20220218,20220218,133845500,13:38:45,8360,15478,52797,645400025,0,0,0
pp2207,20220218,20220218,133847000,13:38:47,8360,15478,52797,645400025,0,0,0
pp2207,20220218,20220218,133847500,13:38:47,8360,15478,52797,645400025,0,0,0
pp2207,20220218,20220218,133850000,13:38:50,8360,15478,52797,645400025,0,0,0
pp2207,20220218,20220218,133851000,13:38:51,8360,15478,52797,645400025,0,0,0
pp2207,20220218,20220218,133853000,13:38:53,8360,15478,52797,645400025,0,0,0
pp2207,20220218,20220218,133856000,13:38:56,8360,15478,52797,645400025,0,0,0
pp2207,20220218,20220218,133856500,13:38:56,8360,15478,52797,645400025,0,0,0
pp2207,20220218,20220218,133858000,13:38:58,8360,15478,52797,645400025,0,0,0
pp2207,20220218,20220218,133900500,13:39:01,8360,15478,52797,645400025,0,0,0
pp2207,20220218,20220218,133901500,13:39:01,8360,15478,52797,645400025,0,0,0
pp2207,20220218,20220218,133902000,13:39:02,8360,15478,52797,645400025,0,0,0
pp2207,20220218,20220218,133903500,13:39:03,8360,15478,52797,645400025,0,0,0
pp2207,20220218,20220218,133907000,13:39:07,8360,15478,52797,645400025,0,0,0
pp2207,20220218,20220218,133908500,13:39:08,8360,15478,52797,645400025,0,0,0
pp2207,20220218,20220218,133909000,13:39:09,8360,15478,52797,645400025,0,0,0
pp2207,20220218,20220218,133910500,13:39:10,8360,15478,52797,645400025,0,0,0
pp2207,20220218,20220218,133912000,13:39:12,8360,15478,52797,645400025,0,0,0
pp2207,20220218,20220218,133913500,13:39:13,8360,15528,52801,647490015,50,4,2089990
pp2207,20220218,20220218,133914000,13:39:15,8362,15550,52810,648409755,22,9,919740
pp2207,20220218,20220218,133914500,13:39:16,8361,15555,52809,648618780,5,-1,209025
pp2207,20220218,20220218,133915000,13:39:19,8361,15555,52809,648618780,0,0,0
pp2207,20220218,20220218,133922000,13:39:22,8360,15582,52819,649747370,27,10,1128590
pp2207,20220218,20220218,133923500,13:39:23,8360,15582,52819,649747370,0,0,0
pp2207,20220218,20220218,133924000,13:39:24,8360,15582,52819,649747370,0,0,0
pp2207,20220218,20220218,133928500,13:39:28,8360,15582,52819,649747370,0,0,0
pp2207,20220218,20220218,133930500,13:39:30,8360,15582,52819,649747370,0,0,0
pp2207,20220218,20220218,133933000,13:39:33,8358,15584,52820,649830950,2,1,83580
pp2207,20220218,20220218,133934000,13:39:34,8358,15584,52820,649830950,0,0,0
pp2207,20220218,20220218,133935500,13:39:35,8358,15584,52820,649830950,0,0,0
pp2207,20220218,20220218,133936500,13:39:36,8358,15584,52820,649830950,0,0,0
pp2207,20220218,20220218,133937500,13:39:37,8358,15584,52820,649830950,0,0,0
pp2207,20220218,20220218,133938500,13:39:38,8357,15586,52820,649914520,2,0,83570
pp2207,20220218,20220218,133939500,13:39:39,8358,15587,52820,649956310,1,0,41790
pp2207,20220218,20220218,133940000,13:39:41,8358,15587,52820,649956310,0,0,0
pp2207,20220218,20220218,133940500,13:39:41,8358,15587,52820,649956310,0,0,0
pp2207,20220218,20220218,133944000,13:39:44,8358,15587,52820,649956310,0,0,0
pp2207,20220218,20220218,133945000,13:39:46,8358,15587,52820,649956310,0,0,0
pp2207,20220218,20220218,133945500,13:39:46,8358,15587,52820,649956310,0,0,0
pp2207,20220218,20220218,133946000,13:39:47,8358,15601,52828,650541430,14,8,585120
pp2207,20220218,20220218,133946500,13:39:47,8358,15601,52828,650541430,0,0,0
pp2207,20220218,20220218,133947000,13:39:47,8358,15601,52828,650541430,0,0,0
pp2207,20220218,20220218,133947500,13:39:47,8358,15601,52828,650541430,0,0,0
pp2207,20220218,20220218,133948000,13:39:48,8358,15601,52828,650541430,0,0,0
pp2207,20220218,20220218,133948500,13:39:48,8358,15601,52828,650541430,0,0,0
pp2207,20220218,20220218,133949000,13:39:49,8358,15601,52828,650541430,0,0,0
pp2207,20220218,20220218,133951000,13:39:51,8358,15601,52828,650541430,0,0,0
pp2207,20220218,20220218,133951500,13:39:51,8358,15601,52828,650541430,0,0,0
pp2207,20220218,20220218,133952000,13:39:53,8358,15601,52828,650541430,0,0,0
pp2207,20220218,20220218,133952500,13:39:53,8358,15601,52828,650541430,0,0,0
pp2207,20220218,20220218,133953000,13:39:54,8358,15601,52828,650541430,0,0,0
pp2207,20220218,20220218,133953500,13:39:54,8358,15601,52828,650541430,0,0,0
pp2207,20220218,20220218,133954000,13:39:55,8358,15601,52828,650541430,0,0,0
pp2207,20220218,20220218,133954500,13:39:55,8358,15601,52828,650541430,0,0,0
pp2207,20220218,20220218,133955000,13:39:55,8358,15601,52828,650541430,0,0,0
pp2207,20220218,20220218,133955500,13:39:56,8358,15601,52828,650541430,0,0,0
pp2207,20220218,20220218,133956000,13:39:56,8358,15601,52828,650541430,0,0,0
pp2207,20220218,20220218,133957500,13:40:13,8358,15601,52828,650541430,0,0,0
pp2207,20220218,20220218,133958000,13:40:13,8358,15601,52828,650541430,0,0,0
pp2207,20220218,20220218,134012000,13:40:13,8358,15601,52828,650541430,0,0,0
pp2207,20220218,20220218,134013000,13:40:13,8358,15601,52828,650541430,0,0,0
pp2207,20220218,20220218,134013500,13:40:14,8358,15601,52828,650541430,0,0,0
pp2207,20220218,20220218,134014000,13:40:14,8358,15601,52828,650541430,0,0,0
pp2207,20220218,20220218,134014500,13:40:16,8358,15601,52828,650541430,0,0,0
pp2207,20220218,20220218,134015000,13:40:16,8358,15601,52828,650541430,0,0,0
pp2207,20220218,20220218,134015500,13:40:16,8358,15601,52828,650541430,0,0,0
pp2207,20220218,20220218,134016000,13:40:16,8358,15601,52828,650541430,0,0,0
pp2207,20220218,20220218,134016500,13:40:17,8357,15650,52834,652589000,49,6,2047570
pp2207,20220218,20220218,134017000,13:40:17,8357,15650,52834,652589000,0,0,0
pp2207,20220218,20220218,134017500,13:40:18,8357,15650,52834,652589000,0,0,0
pp2207,20220218,20220218,134018000,13:40:19,8357,15660,52833,653006850,10,-1,417850
pp2207,20220218,20220218,134018500,13:40:19,8357,15662,52833,653090420,2,0,83570
pp2207,20220218,20220218,134019000,13:40:19,8357,15666,52835,653257560,4,2,167140
pp2207,20220218,20220218,134020000,13:40:20,8357,15666,52835,653257560,0,0,0
pp2207,20220218,20220218,134020500,13:40:21,8357,15666,52835,653257560,0,0,0
pp2207,20220218,20220218,134021000,13:40:22,8357,15666,52835,653257560,0,0,0
pp2207,20220218,20220218,134021500,13:40:22,8357,15666,52835,653257560,0,0,0
pp2207,20220218,20220218,134022000,13:40:22,8357,15666,52835,653257560,0,0,0
pp2207,20220218,20220218,134022500,13:40:23,8357,15666,52835,653257560,0,0,0
pp2207,20220218,20220218,134027500,13:40:28,8357,15666,52835,653257560,0,0,0
pp2207,20220218,20220218,134028000,13:40:28,8357,15666,52835,653257560,0,0,0
pp2207,20220218,20220218,134028500,13:40:29,8357,15666,52835,653257560,0,0,0
pp2207,20220218,20220218,134029000,13:40:30,8357,15666,52835,653257560,0,0,0
pp2207,20220218,20220218,134029500,13:40:30,8357,15666,52835,653257560,0,0,0
pp2207,20220218,20220218,134030500,13:40:31,8357,15666,52835,653257560,0,0,0
pp2207,20220218,20220218,134031000,13:40:31,8357,15666,52835,653257560,0,0,0
pp2207,20220218,20220218,134032500,13:40:32,8357,15666,52835,653257560,0,0,0
pp2207,20220218,20220218,134033000,13:40:33,8357,15666,52835,653257560,0,0,0
pp2207,20220218,20220218,134033500,13:40:34,8357,15666,52835,653257560,0,0,0
pp2207,20220218,20220218,134034000,13:40:35,8357,15666,52835,653257560,0,0,0
pp2207,20220218,20220218,134034500,13:40:35,8357,15666,52835,653257560,0,0,0
pp2207,20220218,20220218,134035000,13:40:35,8357,15666,52835,653257560,0,0,0
pp2207,20220218,20220218,134035500,13:40:36,8357,15666,52835,653257560,0,0,0
pp2207,20220218,20220218,134036000,13:40:36,8357,15666,52835,653257560,0,0,0
pp2207,20220218,20220218,134036500,13:40:36,8357,15666,52835,653257560,0,0,0
pp2207,20220218,20220218,134037000,13:40:37,8357,15666,52835,653257560,0,0,0
pp2207,20220218,20220218,134037500,13:40:38,8357,15666,52835,653257560,0,0,0
pp2207,20220218,20220218,134038000,13:40:38,8357,15666,52835,653257560,0,0,0
pp2207,20220218,20220218,134038500,13:40:39,8357,15666,52835,653257560,0,0,0
pp2207,20220218,20220218,134039000,13:40:39,8357,15666,52835,653257560,0,0,0
pp2207,20220218,20220218,134039500,13:40:40,8356,15674,52841,653591800,8,6,334240
pp2207,20220218,20220218,134040000,13:40:41,8356,15679,52837,653800700,5,-4,208900
pp2207,20220218,20220218,134040500,13:40:42,8356,15685,52839,654051380,6,2,250680
pp2207,20220218,20220218,134041000,13:40:42,8356,15685,52839,654051380,0,0,0
pp2207,20220218,20220218,134041500,13:40:42,8356,15685,52839,654051380,0,0,0
pp2207,20220218,20220218,134042000,13:40:42,8356,15685,52839,654051380,0,0,0
pp2207,20220218,20220218,134042500,13:40:43,8356,15685,52839,654051380,0,0,0
pp2207,20220218,20220218,134043000,13:40:44,8356,15685,52839,654051380,0,0,0
pp2207,20220218,20220218,134043500,13:40:44,8356,15685,52839,654051380,0,0,0
pp2207,20220218,20220218,134045500,13:40:46,8356,15685,52839,654051380,0,0,0
pp2207,20220218,20220218,134048000,13:40:48,8356,15685,52839,654051380,0,0,0
pp2207,20220218,20220218,134049000,13:40:49,8356,15685,52839,654051380,0,0,0
pp2207,20220218,20220218,134049500,13:40:49,8356,15685,52839,654051380,0,0,0
pp2207,20220218,20220218,134050000,13:40:50,8356,15685,52839,654051380,0,0,0
pp2207,20220218,20220218,134050500,13:40:50,8356,15685,52839,654051380,0,0,0
pp2207,20220218,20220218,134051000,13:40:55,8356,15685,52839,654051380,0,0,0
pp2207,20220218,20220218,134051500,13:40:55,8356,15685,52839,654051380,0,0,0
pp2207,20220218,20220218,134052000,13:40:55,8356,15685,52839,654051380,0,0,0
pp2207,20220218,20220218,134052500,13:40:55,8356,15685,52839,654051380,0,0,0
pp2207,20220218,20220218,134055000,13:40:55,8356,15685,52839,654051380,0,0,0
pp2207,20220218,20220218,134057500,13:40:58,8356,15685,52839,654051380,0,0,0
pp2207,20220218,20220218,134058000,13:40:58,8356,15685,52839,654051380,0,0,0
pp2207,20220218,20220218,134058500,13:40:59,8356,15685,52839,654051380,0,0,0
pp2207,20220218,20220218,134100000,13:41:00,8356,15685,52839,654051380,0,0,0
pp2207,20220218,20220218,134102000,13:41:02,8356,15685,52839,654051380,0,0,0
pp2207,20220218,20220218,134103000,13:41:05,8356,15685,52839,654051380,0,0,0
pp2207,20220218,20220218,134103500,13:41:05,8356,15685,52839,654051380,0,0,0
pp2207,20220218,20220218,134104000,13:41:05,8356,15685,52839,654051380,0,0,0
pp2207,20220218,20220218,134105000,13:41:06,8356,15685,52839,654051380,0,0,0
pp2207,20220218,20220218,134105500,13:41:06,8357,15693,52837,654385660,8,-2,334280
pp2207,20220218,20220218,134106000,13:41:07,8357,15695,52835,654469230,2,-2,83570
pp2207,20220218,20220218,134106500,13:41:07,8357,15695,52835,654469230,0,0,0
pp2207,20220218,20220218,134107500,13:41:09,8358,15697,52833,654552810,2,-2,83580
pp2207,20220218,20220218,134108000,13:41:09,8358,15697,52833,654552810,0,0,0
pp2207,20220218,20220218,134109000,13:41:10,8358,15697,52833,654552810,0,0,0
pp2207,20220218,20220218,134109500,13:41:10,8358,15697,52833,654552810,0,0,0
pp2207,20220218,20220218,134110500,13:41:10,8358,15697,52833,654552810,0,0,0
pp2207,20220218,20220218,134111500,13:41:12,8358,15697,52833,654552810,0,0,0
pp2207,20220218,20220218,134112000,13:41:12,8359,15699,52835,654636400,2,2,83590
pp2207,20220218,20220218,134112500,13:41:12,8359,15699,52835,654636400,0,0,0
pp2207,20220218,20220218,134113000,13:41:13,8359,15699,52835,654636400,0,0,0
pp2207,20220218,20220218,134113500,13:41:13,8359,15699,52835,654636400,0,0,0
pp2207,20220218,20220218,134114000,13:41:15,8359,15699,52835,654636400,0,0,0
pp2207,20220218,20220218,134115000,13:41:16,8359,15699,52835,654636400,0,0,0
pp2207,20220218,20220218,134115500,13:41:16,8359,15699,52835,654636400,0,0,0
pp2207,20220218,20220218,134116000,13:41:17,8359,15699,52835,654636400,0,0,0
pp2207,20220218,20220218,134116500,13:41:17,8359,15699,52835,654636400,0,0,0
pp2207,20220218,20220218,134117000,13:41:17,8359,15699,52835,654636400,0,0,0
pp2207,20220218,20220218,134117500,13:41:19,8359,15699,52835,654636400,0,0,0
pp2207,20220218,20220218,134118000,13:41:19,8359,15699,52835,654636400,0,0,0
pp2207,20220218,20220218,134118500,13:41:19,8359,15699,52835,654636400,0,0,0
pp2207,20220218,20220218,134119000,13:41:19,8359,15699,52835,654636400,0,0,0
pp2207,20220218,20220218,134119500,13:41:20,8359,15699,52835,654636400,0,0,0
pp2207,20220218,20220218,134120000,13:41:22,8359,15699,52835,654636400,0,0,0
pp2207,20220218,20220218,134120500,13:41:23,8359,15699,52835,654636400,0,0,0
pp2207,20220218,20220218,134121000,13:41:23,8359,15699,52835,654636400,0,0,0
pp2207,20220218,20220218,134121500,13:41:24,8359,15699,52835,654636400,0,0,0
pp2207,20220218,20220218,134123000,13:41:24,8359,15699,52835,654636400,0,0,0
pp2207,20220218,20220218,134124000,13:41:26,8359,15699,52835,654636400,0,0,0
pp2207,20220218,20220218,134124500,13:41:26,8359,15699,52835,654636400,0,0,0
pp2207,20220218,20220218,134125000,13:41:27,8359,15699,52835,654636400,0,0,0
pp2207,20220218,20220218,134125500,13:41:27,8359,15699,52835,654636400,0,0,0
pp2207,20220218,20220218,134126000,13:41:27,8359,15699,52835,654636400,0,0,0
pp2207,20220218,20220218,134126500,13:41:27,8359,15699,52835,654636400,0,0,0
pp2207,20220218,20220218,134127000,13:41:27,8359,15699,52835,654636400,0,0,0
pp2207,20220218,20220218,134127500,13:41:27,8359,15699,52835,654636400,0,0,0
pp2207,20220218,20220218,134128000,13:41:28,8359,15699,52835,654636400,0,0,0
pp2207,20220218,20220218,134128500,13:41:29,8359,15699,52835,654636400,0,0,0
pp2207,20220218,20220218,134129000,13:41:29,8359,15699,52835,654636400,0,0,0
pp2207,20220218,20220218,134129500,13:41:30,8359,15699,52835,654636400,0,0,0
pp2207,20220218,20220218,134130000,13:41:30,8360,15705,52835,654887200,6,0,250800
pp2207,20220218,20220218,134130500,13:41:31,8360,15705,52835,654887200,0,0,0
pp2207,20220218,20220218,134131000,13:41:31,8360,15705,52835,654887200,0,0,0
pp2207,20220218,20220218,134131500,13:41:32,8360,15705,52835,654887200,0,0,0
pp2207,20220218,20220218,134132000,13:41:33,8360,15705,52835,654887200,0,0,0
pp2207,20220218,20220218,134132500,13:41:33,8360,15705,52835,654887200,0,0,0
pp2207,20220218,20220218,134133000,13:41:33,8360,15705,52835,654887200,0,0,0
pp2207,20220218,20220218,134135000,13:41:35,8360,15705,52835,654887200,0,0,0
pp2207,20220218,20220218,134135500,13:41:39,8360,15705,52835,654887200,0,0,0
pp2207,20220218,20220218,134136000,13:41:39,8360,15705,52835,654887200,0,0,0
pp2207,20220218,20220218,134136500,13:41:39,8360,15705,52835,654887200,0,0,0
pp2207,20220218,20220218,134139500,13:41:42,8360,15705,52835,654887200,0,0,0
pp2207,20220218,20220218,134140000,13:41:42,8360,15705,52835,654887200,0,0,0
pp2207,20220218,20220218,134140500,13:41:42,8360,15705,52835,654887200,0,0,0
pp2207,20220218,20220218,134150000,13:41:50,8360,15705,52835,654887200,0,0,0
pp2207,20220218,20220218,134150500,13:41:51,8360,15705,52835,654887200,0,0,0
pp2207,20220218,20220218,134151000,13:41:51,8360,15705,52835,654887200,0,0,0
pp2207,20220218,20220218,134154000,13:42:02,8360,15708,52835,655012600,3,0,125400
pp2207,20220218,20220218,134154500,13:42:02,8359,15720,52837,655514140,12,2,501540
pp2207,20220218,20220218,134155000,13:42:06,8359,15722,52835,655597730,2,-2,83590
pp2207,20220218,20220218,134202000,13:42:11,8359,15722,52835,655597730,0,0,0
pp2207,20220218,20220218,134202500,13:42:11,8359,15722,52835,655597730,0,0,0
pp2207,20220218,20220218,134210000,13:42:12,8359,15722,52835,655597730,0,0,0
pp2207,20220218,20220218,134211000,13:42:12,8359,15722,52835,655597730,0,0,0
pp2207,20220218,20220218,134213500,13:42:14,8359,15722,52835,655597730,0,0,0
pp2207,20220218,20220218,134214000,13:42:14,8359,15722,52835,655597730,0,0,0
pp2207,20220218,20220218,134214500,13:42:15,8359,15722,52835,655597730,0,0,0
pp2207,20220218,20220218,134215000,13:42:15,8359,15722,52835,655597730,0,0,0
pp2207,20220218,20220218,134215500,13:42:16,8359,15722,52835,655597730,0,0,0
pp2207,20220218,20220218,134216000,13:42:16,8359,15722,52835,655597730,0,0,0
pp2207,20220218,20220218,134216500,13:42:18,8359,15722,52835,655597730,0,0,0
pp2207,20220218,20220218,134217000,13:42:19,8359,15748,52827,656684470,26,-8,1086740
pp2207,20220218,20220218,134217500,13:42:20,8359,15748,52827,656684470,0,0,0
pp2207,20220218,20220218,134219500,13:42:20,8359,15748,52827,656684470,0,0,0
pp2207,20220218,20220218,134220000,13:42:21,8359,15748,52827,656684470,0,0,0
pp2207,20220218,20220218,134224000,13:42:25,8359,15748,52827,656684470,0,0,0
pp2207,20220218,20220218,134224500,13:42:25,8359,15748,52827,656684470,0,0,0
pp2207,20220218,20220218,134225000,13:42:25,8358,15750,52829,656768050,2,2,83580
