pp2202,20220218,20220218,111645000,11:20:09,8293,98,1145,4066510,98,-98,4066510
pp2202,20220218,20220218,112305500,11:23:33,8293,98,1145,4066510,0,0,0
pp2202,20220218,20220218,112521000,11:25:21,8293,98,1145,4066510,0,0,0
pp2202,20220218,20220218,112545500,11:25:46,8293,98,1145,4066510,0,0,0
pp2202,20220218,20220218,112546000,11:25:47,8293,98,1145,4066510,0,0,0
pp2202,20220218,20220218,112546500,11:25:47,8293,98,1145,4066510,0,0,0
pp2202,20220218,20220218,112547000,11:25:48,8293,98,1145,4066510,0,0,0
pp2202,20220218,20220218,112548000,11:25:48,8293,98,1145,4066510,0,0,0
pp2202,20220218,20220218,112557000,11:25:57,8293,98,1145,4066510,0,0,0
pp2202,20220218,20220218,112558000,11:25:59,8293,98,1145,4066510,0,0,0
pp2202,20220218,20220218,112616500,11:26:16,8293,98,1145,4066510,0,0,0
pp2202,20220218,20220218,112617500,11:26:17,8293,98,1145,4066510,0,0,0
pp2202,20220218,20220218,112618000,11:26:18,8293,98,1145,4066510,0,0,0
pp2202,20220218,20220218,112624500,11:26:24,8293,98,1145,4066510,0,0,0
pp2202,20220218,20220218,112708000,11:27:12,8293,98,1145,4066510,0,0,0
pp2202,20220218,20220218,112723000,11:27:26,8293,98,1145,4066510,0,0,0
pp2202,20220218,20220218,112724000,11:27:27,8293,98,1145,4066510,0,0,0
pp2202,20220218,20220218,112740000,11:27:40,8293,98,1145,4066510,0,0,0
pp2202,20220218,20220218,112746500,11:27:47,8293,98,1145,4066510,0,0,0
pp2202,20220218,20220218,112747000,11:27:47,8293,98,1145,4066510,0,0,0
pp2202,20220218,20220218,112803500,11:28:04,8293,98,1145,4066510,0,0,0
pp2202,20220218,20220218,112804000,11:28:04,8293,98,1145,4066510,0,0,0
pp2202,20220218,20220218,112804500,11:28:05,8293,98,1145,4066510,0,0,0
pp2202,20220218,20220218,112809500,11:28:11,8293,98,1145,4066510,0,0,0
pp2202,20220218,20220218,112811000,11:28:12,8293,98,1145,4066510,0,0,0
pp2202,20220218,20220218,112813000,11:28:13,8293,98,1145,4066510,0,0,0
pp2202,20220218,20220218,112814000,11:28:14,8293,98,1145,4066510,0,0,0
pp2202,20220218,20220218,112820000,11:28:20,8293,98,1145,4066510,0,0,0
pp2202,20220218,20220218,112825000,11:28:25,8293,98,1145,4066510,0,0,0
pp2202,20220218,20220218,112828000,11:28:28,8293,98,1145,4066510,0,0,0
pp2202,20220218,20220218,112829500,11:28:29,8293,98,1145,4066510,0,0,0
pp2202,20220218,20220218,112911000,11:29:11,8293,98,1145,4066510,0,0,0
pp2202,20220218,20220218,112927500,11:29:27,8293,98,1145,4066510,0,0,0
pp2202,20220218,20220218,112959000,11:30:02,8293,98,1145,4066510,0,0,0
pp2202,20220218,20220218,113000000,11:30:03,8293,98,1145,4066510,0,0,0
pp2202,20220218,20220218,113000500,11:30:03,8293,98,1145,4066510,0,0,0
pp2202,20220218,20220218,113001500,11:30:03,8293,98,1145,4066510,0,0,0
pp2202,20220218,20220218,133001500,13:30:02,8293,98,1145,4066510,0,0,0
pp2202,20220218,20220218,133002000,13:30:08,8293,98,1145,4066510,0,0,0
pp2202,20220218,20220218,133010500,13:30:12,8293,98,1145,4066510,0,0,0
pp2202,20220218,20220218,133021000,13:30:21,8293,98,1145,4066510,0,0,0
pp2202,20220218,20220218,133028000,13:30:41,8293,98,1145,4066510,0,0,0
pp2202,20220218,20220218,133048000,13:30:48,8293,98,1145,4066510,0,0,0
pp2202,20220218,20220218,133052500,13:30:53,8293,98,1145,4066510,0,0,0
pp2202,20220218,20220218,133053000,13:30:54,8293,98,1145,4066510,0,0,0
pp2202,20220218,20220218,133055000,13:30:55,8293,98,1145,4066510,0,0,0
pp2202,20220218,20220218,133103000,13:31:03,8293,98,1145,4066510,0,0,0
pp2202,20220218,20220218,133104000,13:31:06,8293,98,1145,4066510,0,0,0
pp2202,20220218,20220218,133105500,13:31:08,8293,98,1145,4066510,0,0,0
pp2202,20220218,20220218,133106000,13:31:08,8293,98,1145,4066510,0,0,0
pp2202,20220218,20220218,133114500,13:31:15,8293,98,1145,4066510,0,0,0
pp2202,20220218,20220218,133115000,13:31:15,8293,98,1145,4066510,0,0,0
pp2202,20220218,20220218,133118000,13:31:18,8293,98,1145,4066510,0,0,0
pp2202,20220218,20220218,133121500,13:31:22,8293,98,1145,4066510,0,0,0
pp2202,20220218,20220218,133200500,13:32:01,8293,98,1145,4066510,0,0,0
pp2202,20220218,20220218,133205500,13:32:06,8293,98,1145,4066510,0,0,0
pp2202,20220218,20220218,133207000,13:32:07,8293,98,1145,4066510,0,0,0
pp2202,20220218,20220218,133208500,13:32:10,8293,98,1145,4066510,0,0,0
pp2202,20220218,20220218,133209500,13:32:10,8293,98,1145,4066510,0,0,0
pp2202,20220218,20220218,133211000,13:32:14,8293,98,1145,4066510,0,0,0
pp2202,20220218,20220218,133212000,13:32:15,8293,98,1145,4066510,0,0,0
pp2202,20220218,20220218,133216000,13:32:17,8293,98,1145,4066510,0,0,0
pp2202,20220218,20220218,133220500,13:32:21,8293,98,1145,4066510,0,0,0
pp2202,20220218,20220218,133246000,13:32:47,8293,98,1145,4066510,0,0,0
pp2202,20220218,20220218,133248000,13:32:48,8293,98,1145,4066510,0,0,0
pp2202,20220218,20220218,133257500,13:33:00,8293,98,1145,4066510,0,0,0
pp2202,20220218,20220218,133258000,13:33:00,8293,98,1145,4066510,0,0,0
pp2202,20220218,20220218,133302000,13:33:02,8293,98,1145,4066510,0,0,0
pp2202,20220218,20220218,133302500,13:33:03,8293,98,1145,4066510,0,0,0
pp2202,20220218,20220218,133317000,13:33:19,8293,98,1145,4066510,0,0,0
pp2202,20220218,20220218,133319500,13:33:20,8293,98,1145,4066510,0,0,0
pp2202,20220218,20220218,133321000,13:33:22,8293,98,1145,4066510,0,0,0
pp2202,20220218,20220218,133323000,13:33:23,8293,98,1145,4066510,0,0,0
pp2202,20220218,20220218,133338500,13:33:39,8293,98,1145,4066510,0,0,0
pp2202,20220218,20220218,133339500,13:33:40,8293,98,1145,4066510,0,0,0
pp2202,20220218,20220218,133420500,13:34:21,8293,98,1145,4066510,0,0,0
pp2202,20220218,20220218,133504500,13:35:10,8293,98,1145,4066510,0,0,0
pp2202,20220218,20220218,133506500,13:35:11,8293,98,1145,4066510,0,0,0
pp2202,20220218,20220218,133516500,13:35:16,8293,98,1145,4066510,0,0,0
pp2202,20220218,20220218,133519000,13:35:19,8293,98,1145,4066510,0,0,0
pp2202,20220218,20220218,133525500,13:35:26,8293,98,1145,4066510,0,0,0
pp2202,20220218,20220218,133527500,13:35:31,8293,98,1145,4066510,0,0,0
pp2202,20220218,20220218,133532500,13:35:42,8293,98,1145,4066510,0,0,0
pp2202,20220218,20220218,133534500,13:35:43,8293,98,1145,4066510,0,0,0
pp2202,20220218,20220218,133552000,13:35:52,8293,98,1145,4066510,0,0,0
pp2202,20220218,20220218,133606000,13:36:07,8293,98,1145,4066510,0,0,0
pp2202,20220218,20220218,133612000,13:36:12,8293,98,1145,4066510,0,0,0
pp2202,20220218,20220218,133619000,13:36:19,8293,98,1145,4066510,0,0,0
pp2202,20220218,20220218,133619500,13:36:19,8293,98,1145,4066510,0,0,0
pp2202,20220218,20220218,133641000,13:36:41,8293,98,1145,4066510,0,0,0
pp2202,20220218,20220218,133705500,13:37:07,8293,98,1145,4066510,0,0,0
pp2202,20220218,20220218,133708000,13:37:08,8293,98,1145,4066510,0,0,0
pp2202,20220218,20220218,133708500,13:37:08,8293,98,1145,4066510,0,0,0
pp2202,20220218,20220218,133709000,13:37:09,8293,98,1145,4066510,0,0,0
pp2202,20220218,20220218,133710000,13:37:11,8293,98,1145,4066510,0,0,0
pp2202,20220218,20220218,133749000,13:37:49,8293,98,1145,4066510,0,0,0
pp2202,20220218,20220218,133810500,13:38:10,8293,98,1145,4066510,0,0,0
pp2202,20220218,20220218,133811000,13:38:11,8293,98,1145,4066510,0,0,0
pp2202,20220218,20220218,133814000,13:38:15,8293,98,1145,4066510,0,0,0
pp2202,20220218,20220218,133815500,13:38:17,8293,98,1145,4066510,0,0,0
pp2202,20220218,20220218,133816500,13:38:18,8293,98,1145,4066510,0,0,0
pp2202,20220218,20220218,133817500,13:38:18,8293,98,1145,4066510,0,0,0
pp2202,20220218,20220218,133835000,13:38:43,8293,98,1145,4066510,0,0,0
pp2202,20220218,20220218,133842500,13:38:43,8293,98,1145,4066510,0,0,0
pp2202,20220218,20220218,133845000,13:38:45,8293,98,1145,4066510,0,0,0
pp2202,20220218,20220218,133847500,13:38:47,8293,98,1145,4066510,0,0,0
pp2202,20220218,20220218,133914000,13:39:15,8293,98,1145,4066510,0,0,0
pp2202,20220218,20220218,133914500,13:39:15,8293,98,1145,4066510,0,0,0
pp2202,20220218,20220218,133930500,13:39:30,8293,98,1145,4066510,0,0,0
pp2202,20220218,20220218,133933000,13:39:33,8293,98,1145,4066510,0,0,0
pp2202,20220218,20220218,134012500,13:40:13,8293,98,1145,4066510,0,0,0
pp2202,20220218,20220218,134014000,13:40:14,8293,98,1145,4066510,0,0,0
pp2202,20220218,20220218,134015000,13:40:16,8293,98,1145,4066510,0,0,0
pp2202,20220218,20220218,134130500,13:41:31,8293,98,1145,4066510,0,0,0
pp2202,20220218,20220218,134144000,13:41:44,8293,98,1145,4066510,0,0,0
pp2202,20220218,20220218,134150500,13:41:51,8293,98,1145,4066510,0,0,0
pp2202,20220218,20220218,134154000,13:42:02,8293,98,1145,4066510,0,0,0
pp2202,20220218,20220218,134214000,13:42:14,8293,98,1145,4066510,0,0,0
pp2202,20220218,20220218,134217500,13:42:19,8293,98,1145,4066510,0,0,0
pp2202,20220218,20220218,134218500,13:42:20,8293,98,1145,4066510,0,0,0
pp2202,20220218,20220218,134219500,13:42:20,8293,98,1145,4066510,0,0,0
pp2202,20220218,20220218,134220500,13:42:21,8293,98,1145,4066510,0,0,0
pp2202,20220218,20220218,134259000,13:43:00,8293,98,1145,4066510,0,0,0
pp2202,20220218,20220218,134300000,13:43:01,8293,98,1145,4066510,0,0,0
pp2202,20220218,20220218,134331000,13:43:31,8293,98,1145,4066510,0,0,0
pp2202,20220218,20220218,134333000,13:43:33,8293,98,1145,4066510,0,0,0
pp2202,20220218,20220218,134334000,13:43:34,8293,98,1145,4066510,0,0,0
pp2202,20220218,20220218,134334500,13:43:34,8293,98,1145,4066510,0,0,0
pp2202,20220218,20220218,134336500,13:43:37,8293,98,1145,4066510,0,0,0
pp2202,20220218,20220218,134338500,13:43:38,8293,98,1145,4066510,0,0,0
pp2202,20220218,20220218,134339000,13:43:43,8293,98,1145,4066510,0,0,0
pp2202,20220218,20220218,134344500,13:44:04,8293,98,1145,4066510,0,0,0
pp2202,20220218,20220218,134359500,13:44:04,8293,98,1145,4066510,0,0,0
pp2202,20220218,20220218,134406500,13:44:06,8293,98,1145,4066510,0,0,0
pp2202,20220218,20220218,134420000,13:44:23,8293,98,1145,4066510,0,0,0
pp2202,20220218,20220218,134420500,13:44:23,8293,98,1145,4066510,0,0,0
pp2202,20220218,20220218,134422500,13:44:23,8293,98,1145,4066510,0,0,0
pp2202,20220218,20220218,134440000,13:44:40,8293,98,1145,4066510,0,0,0
pp2202,20220218,20220218,134503000,13:45:03,8293,98,1145,4066510,0,0,0
pp2202,20220218,20220218,134527000,13:45:30,8293,98,1145,4066510,0,0,0
pp2202,20220218,20220218,134527500,13:45:30,8293,98,1145,4066510,0,0,0
pp2202,20220218,20220218,134529500,13:45:30,8293,98,1145,4066510,0,0,0
pp2202,20220218,20220218,134530500,13:45:30,8293,98,1145,4066510,0,0,0
pp2202,20220218,20220218,134531000,13:45:31,8293,98,1145,4066510,0,0,0
pp2202,20220218,20220218,134531500,13:45:31,8293,98,1145,4066510,0,0,0
pp2202,20220218,20220218,134532500,13:45:33,8293,98,1145,4066510,0,0,0
pp2202,20220218,20220218,134533500,13:45:34,8293,98,1145,4066510,0,0,0
pp2202,20220218,20220218,134534500,13:45:35,8293,98,1145,4066510,0,0,0
pp2202,20220218,20220218,134603000,13:46:04,8293,98,1145,4066510,0,0,0
pp2202,20220218,20220218,134603500,13:46:04,8293,98,1145,4066510,0,0,0
pp2202,20220218,20220218,134613000,13:46:13,8293,98,1145,4066510,0,0,0
pp2202,20220218,20220218,134613500,13:46:14,8293,98,1145,4066510,0,0,0
pp2202,20220218,20220218,134614500,13:46:15,8293,98,1145,4066510,0,0,0
pp2202,20220218,20220218,134615500,13:46:17,8293,98,1145,4066510,0,0,0
pp2202,20220218,20220218,134631500,13:46:32,8293,98,1145,4066510,0,0,0
pp2202,20220218,20220218,134633000,13:46:33,8293,98,1145,4066510,0,0,0
pp2202,20220218,20220218,134645000,13:46:47,8293,98,1145,4066510,0,0,0
pp2202,20220218,20220218,134645500,13:46:47,8293,98,1145,4066510,0,0,0
pp2202,20220218,20220218,134711500,13:47:16,8293,98,1145,4066510,0,0,0
pp2202,20220218,20220218,134716500,13:47:17,8293,98,1145,4066510,0,0,0
pp2202,20220218,20220218,134717000,13:47:17,8293,98,1145,4066510,0,0,0
pp2202,20220218,20220218,134718000,13:47:19,8293,98,1145,4066510,0,0,0
pp2202,20220218,20220218,134726500,13:47:27,8293,98,1145,4066510,0,0,0
pp2202,20220218,20220218,134818500,13:48:20,8293,98,1145,4066510,0,0,0
pp2202,20220218,20220218,134831500,13:48:32,8293,98,1145,4066510,0,0,0
pp2202,20220218,20220218,134832500,13:48:32,8293,98,1145,4066510,0,0,0
pp2202,20220218,20220218,134907500,13:49:07,8293,98,1145,4066510,0,0,0
pp2202,20220218,20220218,134909000,13:49:09,8293,98,1145,4066510,0,0,0
pp2202,20220218,20220218,134939500,13:49:39,8293,98,1145,4066510,0,0,0
pp2202,20220218,20220218,134940500,13:49:40,8293,98,1145,4066510,0,0,0
pp2202,20220218,20220218,135005500,13:50:06,8293,98,1145,4066510,0,0,0
pp2202,20220218,20220218,135006000,13:50:06,8293,98,1145,4066510,0,0,0
pp2202,20220218,20220218,135007000,13:50:07,8293,98,1145,4066510,0,0,0
pp2202,20220218,20220218,135014500,13:50:27,8293,98,1145,4066510,0,0,0
pp2202,20220218,20220218,135029500,13:50:37,8293,98,1145,4066510,0,0,0
pp2202,20220218,20220218,135053000,13:50:53,8293,98,1145,4066510,0,0,0
pp2202,20220218,20220218,135053500,13:50:54,8293,98,1145,4066510,0,0,0
pp2202,20220218,20220218,135117000,13:51:21,8293,98,1145,4066510,0,0,0
pp2202,20220218,20220218,135143000,13:51:43,8293,98,1145,4066510,0,0,0
pp2202,20220218,20220218,135146000,13:51:46,8293,98,1145,4066510,0,0,0
pp2202,20220218,20220218,135213000,13:52:13,8293,98,1145,4066510,0,0,0
pp2202,20220218,20220218,135215500,13:52:15,8293,98,1145,4066510,0,0,0
pp2202,20220218,20220218,135216000,13:52:16,8293,98,1145,4066510,0,0,0
pp2202,20220218,20220218,135217000,13:52:17,8293,98,1145,4066510,0,0,0
pp2202,20220218,20220218,135220500,13:52:24,8293,98,1145,4066510,0,0,0
pp2202,20220218,20220218,135221000,13:52:24,8293,98,1145,4066510,0,0,0
pp2202,20220218,20220218,135223500,13:52:24,8293,98,1145,4066510,0,0,0
pp2202,20220218,20220218,135224500,13:52:24,8293,98,1145,4066510,0,0,0
pp2202,20220218,20220218,135228000,13:52:28,8293,98,1145,4066510,0,0,0
pp2202,20220218,20220218,135229000,13:52:29,8293,98,1145,4066510,0,0,0
pp2202,20220218,20220218,135233500,13:52:33,8293,98,1145,4066510,0,0,0
pp2202,20220218,20220218,135234000,13:52:34,8293,98,1145,4066510,0,0,0
pp2202,20220218,20220218,135234500,13:52:35,8293,98,1145,4066510,0,0,0
pp2202,20220218,20220218,135235000,13:52:35,8293,98,1145,4066510,0,0,0
pp2202,20220218,20220218,135301500,13:53:01,8293,98,1145,4066510,0,0,0
pp2202,20220218,20220218,135304000,13:53:05,8293,98,1145,4066510,0,0,0
pp2202,20220218,20220218,135304500,13:53:06,8293,98,1145,4066510,0,0,0
pp2202,20220218,20220218,135305000,13:53:06,8293,98,1145,4066510,0,0,0
pp2202,20220218,20220218,135308000,13:53:09,8293,98,1145,4066510,0,0,0
pp2202,20220218,20220218,135319500,13:53:20,8293,98,1145,4066510,0,0,0
pp2202,20220218,20220218,135320500,13:53:20,8293,98,1145,4066510,0,0,0
pp2202,20220218,20220218,135321000,13:53:21,8293,98,1145,4066510,0,0,0
pp2202,20220218,20220218,135321500,13:53:21,8293,98,1145,4066510,0,0,0
pp2202,20220218,20220218,135322500,13:53:23,8293,98,1145,4066510,0,0,0
pp2202,20220218,20220218,135328000,13:53:28,8293,98,1145,4066510,0,0,0
pp2202,20220218,20220218,135329500,13:53:29,8293,98,1145,4066510,0,0,0
pp2202,20220218,20220218,135358000,13:53:59,8293,98,1145,4066510,0,0,0
pp2202,20220218,20220218,135358500,13:53:59,8293,98,1145,4066510,0,0,0
pp2202,20220218,20220218,135359000,13:54:00,8293,98,1145,4066510,0,0,0
pp2202,20220218,20220218,135400000,13:54:08,8293,98,1145,4066510,0,0,0
pp2202,20220218,20220218,135412000,13:54:12,8293,98,1145,4066510,0,0,0
pp2202,20220218,20220218,135413000,13:54:13,8293,98,1145,4066510,0,0,0
pp2202,20220218,20220218,135503000,13:55:03,8293,98,1145,4066510,0,0,0
pp2202,20220218,20220218,135503500,13:55:03,8293,98,1145,4066510,0,0,0
pp2202,20220218,20220218,135504500,13:55:05,8293,98,1145,4066510,0,0,0
pp2202,20220218,20220218,135505500,13:55:06,8293,98,1145,4066510,0,0,0
pp2202,20220218,20220218,135513500,13:55:15,8293,98,1145,4066510,0,0,0
pp2202,20220218,20220218,135514500,13:55:15,8293,98,1145,4066510,0,0,0
pp2202,20220218,20220218,135524500,13:55:25,8293,98,1145,4066510,0,0,0
pp2202,20220218,20220218,135525500,13:55:26,8293,98,1145,4066510,0,0,0
pp2202,20220218,20220218,135608000,13:56:23,8293,98,1145,4066510,0,0,0
