rr2206,20220218,20220218,112002000,11:20:05,3499,566,3511,19804290,566,-44,19804290
rr2206,20220218,20220218,112105000,11:21:05,3499,566,3511,19804290,0,0,0
rr2206,20220218,20220218,112105500,11:21:07,3498,572,3517,20014170,6,6,209880
rr2206,20220218,20220218,112106000,11:21:07,3498,572,3517,20014170,0,0,0
rr2206,20220218,20220218,112106500,11:21:07,3498,572,3517,20014170,0,0,0
rr2206,20220218,20220218,112107000,11:21:09,3498,572,3517,20014170,0,0,0
rr2206,20220218,20220218,112107500,11:21:10,3498,572,3517,20014170,0,0,0
rr2206,20220218,20220218,112110000,11:21:11,3498,572,3517,20014170,0,0,0
rr2206,20220218,20220218,112110500,11:21:11,3498,572,3517,20014170,0,0,0
rr2206,20220218,20220218,112111500,11:21:12,3498,572,3517,20014170,0,0,0
rr2206,20220218,20220218,112120000,11:21:20,3498,572,3517,20014170,0,0,0
rr2206,20220218,20220218,112123500,11:21:24,3498,572,3517,20014170,0,0,0
rr2206,20220218,20220218,112124000,11:21:24,3498,572,3517,20014170,0,0,0
rr2206,20220218,20220218,112332500,11:23:33,3498,572,3517,20014170,0,0,0
rr2206,20220218,20220218,112333000,11:23:33,3498,572,3517,20014170,0,0,0
rr2206,20220218,20220218,112409000,11:24:09,3498,572,3517,20014170,0,0,0
rr2206,20220218,20220218,112419500,11:24:20,3498,572,3517,20014170,0,0,0
rr2206,20220218,20220218,112420000,11:24:20,3498,572,3517,20014170,0,0,0
rr2206,20220218,20220218,112420500,11:24:20,3498,572,3517,20014170,0,0,0
rr2206,20220218,20220218,112424500,11:24:24,3498,572,3517,20014170,0,0,0
rr2206,20220218,20220218,112425000,11:24:25,3497,573,3517,20049140,1,0,34970
rr2206,20220218,20220218,112425500,11:24:25,3497,573,3517,20049140,0,0,0
rr2206,20220218,20220218,112426000,11:24:26,3497,573,3517,20049140,0,0,0
rr2206,20220218,20220218,112426500,11:24:26,3497,573,3517,20049140,0,0,0
rr2206,20220218,20220218,112427000,11:24:27,3497,573,3517,20049140,0,0,0
rr2206,20220218,20220218,112427500,11:24:28,3497,573,3517,20049140,0,0,0
rr2206,20220218,20220218,112428000,11:24:28,3497,573,3517,20049140,0,0,0
rr2206,20220218,20220218,112428500,11:24:28,3497,573,3517,20049140,0,0,0
rr2206,20220218,20220218,112429000,11:24:29,3497,573,3517,20049140,0,0,0
rr2206,20220218,20220218,112429500,11:24:29,3497,573,3517,20049140,0,0,0
rr2206,20220218,20220218,112503500,11:25:06,3497,573,3517,20049140,0,0,0
rr2206,20220218,20220218,112514500,11:25:15,3497,573,3517,20049140,0,0,0
rr2206,20220218,20220218,112515000,11:25:16,3497,573,3517,20049140,0,0,0
rr2206,20220218,20220218,112515500,11:25:16,3497,573,3517,20049140,0,0,0
rr2206,20220218,20220218,112516000,11:25:16,3497,573,3517,20049140,0,0,0
rr2206,20220218,20220218,112516500,11:25:16,3497,573,3517,20049140,0,0,0
rr2206,20220218,20220218,112517000,11:25:18,3497,573,3517,20049140,0,0,0
rr2206,20220218,20220218,112517500,11:25:18,3497,573,3517,20049140,0,0,0
rr2206,20220218,20220218,112518000,11:25:19,3497,573,3517,20049140,0,0,0
rr2206,20220218,20220218,112518500,11:25:19,3497,573,3517,20049140,0,0,0
rr2206,20220218,20220218,112519000,11:25:19,3497,573,3517,20049140,0,0,0
rr2206,20220218,20220218,112519500,11:25:20,3497,573,3517,20049140,0,0,0
rr2206,20220218,20220218,112520000,11:25:20,3497,573,3517,20049140,0,0,0
rr2206,20220218,20220218,112520500,11:25:21,3497,573,3517,20049140,0,0,0
rr2206,20220218,20220218,112521000,11:25:21,3497,573,3517,20049140,0,0,0
rr2206,20220218,20220218,112521500,11:25:22,3497,573,3517,20049140,0,0,0
rr2206,20220218,20220218,112522000,11:25:22,3497,573,3517,20049140,0,0,0
rr2206,20220218,20220218,112522500,11:25:23,3497,573,3517,20049140,0,0,0
rr2206,20220218,20220218,112523000,11:25:23,3497,573,3517,20049140,0,0,0
rr2206,20220218,20220218,112523500,11:25:24,3497,573,3517,20049140,0,0,0
rr2206,20220218,20220218,112524000,11:25:25,3497,573,3517,20049140,0,0,0
rr2206,20220218,20220218,112524500,11:25:25,3497,573,3517,20049140,0,0,0
rr2206,20220218,20220218,112525000,11:25:25,3497,573,3517,20049140,0,0,0
rr2206,20220218,20220218,112525500,11:25:26,3497,573,3517,20049140,0,0,0
rr2206,20220218,20220218,112526000,11:25:26,3497,573,3517,20049140,0,0,0
rr2206,20220218,20220218,112526500,11:25:27,3497,573,3517,20049140,0,0,0
rr2206,20220218,20220218,112527000,11:25:28,3497,573,3517,20049140,0,0,0
rr2206,20220218,20220218,112527500,11:25:28,3497,573,3517,20049140,0,0,0
rr2206,20220218,20220218,112528000,11:25:28,3497,573,3517,20049140,0,0,0
rr2206,20220218,20220218,112528500,11:25:28,3497,573,3517,20049140,0,0,0
rr2206,20220218,20220218,112529000,11:25:29,3497,573,3517,20049140,0,0,0
rr2206,20220218,20220218,112529500,11:25:30,3497,573,3517,20049140,0,0,0
rr2206,20220218,20220218,112530000,11:25:31,3497,573,3517,20049140,0,0,0
rr2206,20220218,20220218,112530500,11:25:31,3497,573,3517,20049140,0,0,0
rr2206,20220218,20220218,112531000,11:25:31,3497,573,3517,20049140,0,0,0
rr2206,20220218,20220218,112531500,11:25:32,3497,573,3517,20049140,0,0,0
rr2206,20220218,20220218,112532000,11:25:32,3497,573,3517,20049140,0,0,0
rr2206,20220218,20220218,112532500,11:25:33,3497,573,3517,20049140,0,0,0
rr2206,20220218,20220218,112533000,11:25:33,3497,573,3517,20049140,0,0,0
rr2206,20220218,20220218,112533500,11:25:33,3497,573,3517,20049140,0,0,0
rr2206,20220218,20220218,112534000,11:25:34,3497,573,3517,20049140,0,0,0
rr2206,20220218,20220218,112534500,11:25:36,3497,573,3517,20049140,0,0,0
rr2206,20220218,20220218,112535000,11:25:36,3497,573,3517,20049140,0,0,0
rr2206,20220218,20220218,112535500,11:25:37,3497,573,3517,20049140,0,0,0
rr2206,20220218,20220218,112536000,11:25:37,3497,573,3517,20049140,0,0,0
rr2206,20220218,20220218,112536500,11:25:37,3497,573,3517,20049140,0,0,0
rr2206,20220218,20220218,112537000,11:25:38,3497,573,3517,20049140,0,0,0
rr2206,20220218,20220218,112537500,11:25:38,3497,573,3517,20049140,0,0,0
rr2206,20220218,20220218,112538000,11:25:38,3497,573,3517,20049140,0,0,0
rr2206,20220218,20220218,112538500,11:25:39,3497,573,3517,20049140,0,0,0
rr2206,20220218,20220218,112539000,11:25:39,3497,573,3517,20049140,0,0,0
rr2206,20220218,20220218,112539500,11:25:40,3497,573,3517,20049140,0,0,0
rr2206,20220218,20220218,112540000,11:25:40,3497,573,3517,20049140,0,0,0
rr2206,20220218,20220218,112540500,11:25:41,3497,573,3517,20049140,0,0,0
rr2206,20220218,20220218,112541000,11:25:41,3497,573,3517,20049140,0,0,0
rr2206,20220218,20220218,112541500,11:25:41,3497,573,3517,20049140,0,0,0
rr2206,20220218,20220218,112542000,11:25:42,3497,573,3517,20049140,0,0,0
rr2206,20220218,20220218,112542500,11:25:43,3497,573,3517,20049140,0,0,0
rr2206,20220218,20220218,112543000,11:25:43,3497,573,3517,20049140,0,0,0
rr2206,20220218,20220218,112543500,11:25:43,3497,573,3517,20049140,0,0,0
rr2206,20220218,20220218,112544000,11:25:44,3497,573,3517,20049140,0,0,0
rr2206,20220218,20220218,112544500,11:25:44,3497,573,3517,20049140,0,0,0
rr2206,20220218,20220218,112545000,11:25:45,3497,573,3517,20049140,0,0,0
rr2206,20220218,20220218,112545500,11:25:46,3497,573,3517,20049140,0,0,0
rr2206,20220218,20220218,112546000,11:25:47,3497,573,3517,20049140,0,0,0
rr2206,20220218,20220218,112546500,11:25:47,3497,573,3517,20049140,0,0,0
rr2206,20220218,20220218,112547000,11:25:48,3497,573,3517,20049140,0,0,0
rr2206,20220218,20220218,112547500,11:25:48,3497,573,3517,20049140,0,0,0
rr2206,20220218,20220218,112548000,11:25:48,3497,573,3517,20049140,0,0,0
rr2206,20220218,20220218,112548500,11:25:48,3497,573,3517,20049140,0,0,0
rr2206,20220218,20220218,112549000,11:25:49,3497,573,3517,20049140,0,0,0
rr2206,20220218,20220218,112549500,11:25:49,3497,573,3517,20049140,0,0,0
rr2206,20220218,20220218,112550000,11:25:50,3497,573,3517,20049140,0,0,0
rr2206,20220218,20220218,112550500,11:25:51,3497,573,3517,20049140,0,0,0
rr2206,20220218,20220218,112551000,11:25:51,3497,573,3517,20049140,0,0,0
rr2206,20220218,20220218,112551500,11:25:51,3497,573,3517,20049140,0,0,0
rr2206,20220218,20220218,112552000,11:25:52,3497,573,3517,20049140,0,0,0
rr2206,20220218,20220218,112552500,11:25:52,3497,573,3517,20049140,0,0,0
rr2206,20220218,20220218,112553000,11:25:53,3497,573,3517,20049140,0,0,0
rr2206,20220218,20220218,112553500,11:25:54,3497,573,3517,20049140,0,0,0
rr2206,20220218,20220218,112554000,11:25:54,3497,573,3517,20049140,0,0,0
rr2206,20220218,20220218,112554500,11:25:55,3497,573,3517,20049140,0,0,0
rr2206,20220218,20220218,112555000,11:25:55,3497,573,3517,20049140,0,0,0
rr2206,20220218,20220218,112555500,11:25:57,3497,573,3517,20049140,0,0,0
rr2206,20220218,20220218,112556000,11:25:57,3497,573,3517,20049140,0,0,0
rr2206,20220218,20220218,112556500,11:25:57,3497,573,3517,20049140,0,0,0
rr2206,20220218,20220218,112557000,11:25:57,3497,573,3517,20049140,0,0,0
rr2206,20220218,20220218,112557500,11:25:57,3497,573,3517,20049140,0,0,0
rr2206,20220218,20220218,112558000,11:25:59,3497,573,3517,20049140,0,0,0
rr2206,20220218,20220218,112558500,11:25:59,3497,573,3517,20049140,0,0,0
rr2206,20220218,20220218,112559000,11:26:00,3497,573,3517,20049140,0,0,0
rr2206,20220218,20220218,112559500,11:26:00,3497,573,3517,20049140,0,0,0
rr2206,20220218,20220218,112600000,11:26:00,3497,573,3517,20049140,0,0,0
rr2206,20220218,20220218,112600500,11:26:01,3497,573,3517,20049140,0,0,0
rr2206,20220218,20220218,112601000,11:26:01,3497,573,3517,20049140,0,0,0
rr2206,20220218,20220218,112601500,11:26:03,3497,573,3517,20049140,0,0,0
rr2206,20220218,20220218,112602000,11:26:03,3497,573,3517,20049140,0,0,0
rr2206,20220218,20220218,112602500,11:26:03,3497,573,3517,20049140,0,0,0
rr2206,20220218,20220218,112603000,11:26:03,3497,573,3517,20049140,0,0,0
rr2206,20220218,20220218,112603500,11:26:03,3497,573,3517,20049140,0,0,0
rr2206,20220218,20220218,112604000,11:26:05,3497,573,3517,20049140,0,0,0
rr2206,20220218,20220218,112604500,11:26:05,3497,573,3517,20049140,0,0,0
rr2206,20220218,20220218,112605000,11:26:05,3497,573,3517,20049140,0,0,0
rr2206,20220218,20220218,112605500,11:26:06,3497,573,3517,20049140,0,0,0
rr2206,20220218,20220218,112606000,11:26:06,3497,573,3517,20049140,0,0,0
rr2206,20220218,20220218,112606500,11:26:07,3497,573,3517,20049140,0,0,0
rr2206,20220218,20220218,112607000,11:26:09,3497,573,3517,20049140,0,0,0
rr2206,20220218,20220218,112607500,11:26:09,3497,573,3517,20049140,0,0,0
rr2206,20220218,20220218,112609000,11:26:10,3497,573,3517,20049140,0,0,0
rr2206,20220218,20220218,112609500,11:26:10,3497,573,3517,20049140,0,0,0
rr2206,20220218,20220218,112610000,11:26:10,3497,573,3517,20049140,0,0,0
rr2206,20220218,20220218,112610500,11:26:11,3497,573,3517,20049140,0,0,0
rr2206,20220218,20220218,112611000,11:26:11,3497,573,3517,20049140,0,0,0
rr2206,20220218,20220218,112611500,11:26:13,3497,573,3517,20049140,0,0,0
rr2206,20220218,20220218,112612000,11:26:14,3497,573,3517,20049140,0,0,0
rr2206,20220218,20220218,112612500,11:26:15,3497,573,3517,20049140,0,0,0
rr2206,20220218,20220218,112613000,11:26:15,3497,573,3517,20049140,0,0,0
rr2206,20220218,20220218,112613500,11:26:15,3497,573,3517,20049140,0,0,0
rr2206,20220218,20220218,112614000,11:26:15,3497,573,3517,20049140,0,0,0
rr2206,20220218,20220218,112614500,11:26:16,3497,573,3517,20049140,0,0,0
rr2206,20220218,20220218,112615000,11:26:16,3497,573,3517,20049140,0,0,0
rr2206,20220218,20220218,112615500,11:26:16,3497,573,3517,20049140,0,0,0
rr2206,20220218,20220218,112616000,11:26:16,3497,573,3517,20049140,0,0,0
rr2206,20220218,20220218,112616500,11:26:17,3497,573,3517,20049140,0,0,0
rr2206,20220218,20220218,112617000,11:26:17,3497,573,3517,20049140,0,0,0
rr2206,20220218,20220218,112617500,11:26:17,3497,573,3517,20049140,0,0,0
rr2206,20220218,20220218,112618000,11:26:18,3497,573,3517,20049140,0,0,0
rr2206,20220218,20220218,112618500,11:26:18,3497,573,3517,20049140,0,0,0
rr2206,20220218,20220218,112619000,11:26:19,3497,573,3517,20049140,0,0,0
rr2206,20220218,20220218,112619500,11:26:20,3497,573,3517,20049140,0,0,0
rr2206,20220218,20220218,112620000,11:26:20,3497,573,3517,20049140,0,0,0
rr2206,20220218,20220218,112620500,11:26:20,3497,573,3517,20049140,0,0,0
rr2206,20220218,20220218,112621000,11:26:21,3497,573,3517,20049140,0,0,0
rr2206,20220218,20220218,112621500,11:26:21,3497,573,3517,20049140,0,0,0
rr2206,20220218,20220218,112622000,11:26:22,3497,573,3517,20049140,0,0,0
rr2206,20220218,20220218,112622500,11:26:23,3497,573,3517,20049140,0,0,0
rr2206,20220218,20220218,112623000,11:26:23,3497,573,3517,20049140,0,0,0
rr2206,20220218,20220218,112623500,11:26:23,3497,573,3517,20049140,0,0,0
rr2206,20220218,20220218,112624000,11:26:24,3497,573,3517,20049140,0,0,0
rr2206,20220218,20220218,112624500,11:26:24,3497,573,3517,20049140,0,0,0
rr2206,20220218,20220218,112625000,11:26:25,3497,573,3517,20049140,0,0,0
rr2206,20220218,20220218,112625500,11:26:26,3497,573,3517,20049140,0,0,0
rr2206,20220218,20220218,112626000,11:26:26,3497,573,3517,20049140,0,0,0
rr2206,20220218,20220218,112626500,11:26:27,3497,573,3517,20049140,0,0,0
rr2206,20220218,20220218,112627000,11:26:27,3497,573,3517,20049140,0,0,0
rr2206,20220218,20220218,112627500,11:26:27,3497,573,3517,20049140,0,0,0
rr2206,20220218,20220218,112628000,11:26:28,3497,573,3517,20049140,0,0,0
rr2206,20220218,20220218,112628500,11:26:28,3497,573,3517,20049140,0,0,0
rr2206,20220218,20220218,112629000,11:26:30,3497,573,3517,20049140,0,0,0
rr2206,20220218,20220218,112629500,11:26:31,3497,573,3517,20049140,0,0,0
rr2206,20220218,20220218,112630000,11:26:31,3497,573,3517,20049140,0,0,0
rr2206,20220218,20220218,112630500,11:26:31,3497,573,3517,20049140,0,0,0
rr2206,20220218,20220218,112631000,11:26:31,3497,573,3517,20049140,0,0,0
rr2206,20220218,20220218,112631500,11:26:32,3497,573,3517,20049140,0,0,0
rr2206,20220218,20220218,112632000,11:26:32,3497,573,3517,20049140,0,0,0
rr2206,20220218,20220218,112632500,11:26:32,3497,573,3517,20049140,0,0,0
rr2206,20220218,20220218,112633000,11:26:33,3497,573,3517,20049140,0,0,0
rr2206,20220218,20220218,112633500,11:26:34,3497,573,3517,20049140,0,0,0
rr2206,20220218,20220218,112634000,11:26:35,3497,573,3517,20049140,0,0,0
rr2206,20220218,20220218,112634500,11:26:37,3497,573,3517,20049140,0,0,0
rr2206,20220218,20220218,112635000,11:26:37,3497,573,3517,20049140,0,0,0
rr2206,20220218,20220218,112635500,11:26:38,3497,573,3517,20049140,0,0,0
rr2206,20220218,20220218,112637000,11:26:54,3497,573,3517,20049140,0,0,0
rr2206,20220218,20220218,112637500,11:26:54,3497,573,3517,20049140,0,0,0
rr2206,20220218,20220218,112638000,11:27:10,3497,573,3517,20049140,0,0,0
rr2206,20220218,20220218,112638500,11:27:10,3497,573,3517,20049140,0,0,0
rr2206,20220218,20220218,112653500,11:27:11,3497,573,3517,20049140,0,0,0
rr2206,20220218,20220218,112710000,11:27:12,3497,573,3517,20049140,0,0,0
rr2206,20220218,20220218,112710500,11:27:12,3497,573,3517,20049140,0,0,0
rr2206,20220218,20220218,112712000,11:27:13,3497,573,3517,20049140,0,0,0
rr2206,20220218,20220218,112712500,11:27:13,3497,573,3517,20049140,0,0,0
rr2206,20220218,20220218,112713000,11:27:14,3497,573,3517,20049140,0,0,0
rr2206,20220218,20220218,112713500,11:27:14,3497,573,3517,20049140,0,0,0
rr2206,20220218,20220218,112714000,11:27:15,3497,573,3517,20049140,0,0,0
rr2206,20220218,20220218,112714500,11:27:15,3497,573,3517,20049140,0,0,0
rr2206,20220218,20220218,112715000,11:27:16,3497,573,3517,20049140,0,0,0
rr2206,20220218,20220218,112715500,11:27:16,3497,573,3517,20049140,0,0,0
rr2206,20220218,20220218,112716000,11:27:17,3497,573,3517,20049140,0,0,0
rr2206,20220218,20220218,112716500,11:27:17,3497,573,3517,20049140,0,0,0
rr2206,20220218,20220218,112717000,11:27:17,3497,573,3517,20049140,0,0,0
rr2206,20220218,20220218,112717500,11:27:17,3497,573,3517,20049140,0,0,0
rr2206,20220218,20220218,112718000,11:27:18,3497,573,3517,20049140,0,0,0
rr2206,20220218,20220218,112718500,11:27:19,3497,573,3517,20049140,0,0,0
rr2206,20220218,20220218,112719000,11:27:19,3497,573,3517,20049140,0,0,0
rr2206,20220218,20220218,112719500,11:27:20,3497,573,3517,20049140,0,0,0
rr2206,20220218,20220218,112720000,11:27:20,3497,573,3517,20049140,0,0,0
rr2206,20220218,20220218,112720500,11:27:21,3497,573,3517,20049140,0,0,0
rr2206,20220218,20220218,112721000,11:27:21,3497,573,3517,20049140,0,0,0
rr2206,20220218,20220218,112721500,11:27:22,3497,573,3517,20049140,0,0,0
rr2206,20220218,20220218,112722000,11:27:22,3497,573,3517,20049140,0,0,0
rr2206,20220218,20220218,112722500,11:27:22,3497,573,3517,20049140,0,0,0
rr2206,20220218,20220218,112723000,11:27:26,3497,573,3517,20049140,0,0,0
rr2206,20220218,20220218,112723500,11:27:27,3497,573,3517,20049140,0,0,0
rr2206,20220218,20220218,112724000,11:27:27,3497,573,3517,20049140,0,0,0
rr2206,20220218,20220218,112726500,11:27:27,3497,573,3517,20049140,0,0,0
rr2206,20220218,20220218,112727000,11:27:27,3497,573,3517,20049140,0,0,0
rr2206,20220218,20220218,112727500,11:27:27,3497,573,3517,20049140,0,0,0
rr2206,20220218,20220218,112728000,11:27:28,3497,573,3517,20049140,0,0,0
rr2206,20220218,20220218,112728500,11:27:28,3497,573,3517,20049140,0,0,0
rr2206,20220218,20220218,112729000,11:27:29,3497,573,3517,20049140,0,0,0
rr2206,20220218,20220218,112729500,11:27:29,3497,573,3517,20049140,0,0,0
rr2206,20220218,20220218,112730000,11:27:30,3497,573,3517,20049140,0,0,0
rr2206,20220218,20220218,112730500,11:27:31,3497,573,3517,20049140,0,0,0
rr2206,20220218,20220218,112731000,11:27:33,3497,573,3517,20049140,0,0,0
rr2206,20220218,20220218,112731500,11:27:35,3497,573,3517,20049140,0,0,0
rr2206,20220218,20220218,112732000,11:27:36,3497,573,3517,20049140,0,0,0
rr2206,20220218,20220218,112732500,11:27:36,3497,573,3517,20049140,0,0,0
rr2206,20220218,20220218,112735500,11:27:36,3497,573,3517,20049140,0,0,0
rr2206,20220218,20220218,112736000,11:27:37,3497,573,3517,20049140,0,0,0
rr2206,20220218,20220218,112736500,11:27:38,3497,573,3517,20049140,0,0,0
rr2206,20220218,20220218,112737000,11:27:38,3497,573,3517,20049140,0,0,0
rr2206,20220218,20220218,112737500,11:27:38,3497,573,3517,20049140,0,0,0
rr2206,20220218,20220218,112738000,11:27:39,3497,573,3517,20049140,0,0,0
rr2206,20220218,20220218,112738500,11:27:39,3497,573,3517,20049140,0,0,0
rr2206,20220218,20220218,112739000,11:27:39,3497,573,3517,20049140,0,0,0
rr2206,20220218,20220218,112739500,11:27:39,3497,573,3517,20049140,0,0,0
rr2206,20220218,20220218,112740000,11:27:40,3497,573,3517,20049140,0,0,0
rr2206,20220218,20220218,112740500,11:27:40,3497,573,3517,20049140,0,0,0
rr2206,20220218,20220218,112741000,11:27:41,3497,573,3517,20049140,0,0,0
rr2206,20220218,20220218,112741500,11:27:42,3497,573,3517,20049140,0,0,0
rr2206,20220218,20220218,112742000,11:27:42,3497,573,3517,20049140,0,0,0
rr2206,20220218,20220218,112742500,11:27:43,3497,573,3517,20049140,0,0,0
rr2206,20220218,20220218,112743000,11:27:43,3497,573,3517,20049140,0,0,0
rr2206,20220218,20220218,112743500,11:27:43,3497,573,3517,20049140,0,0,0
rr2206,20220218,20220218,112744000,11:27:44,3497,573,3517,20049140,0,0,0
rr2206,20220218,20220218,112744500,11:27:45,3497,573,3517,20049140,0,0,0
rr2206,20220218,20220218,112745000,11:27:45,3497,573,3517,20049140,0,0,0
rr2206,20220218,20220218,112745500,11:27:46,3497,573,3517,20049140,0,0,0
rr2206,20220218,20220218,112746000,11:27:46,3497,573,3517,20049140,0,0,0
rr2206,20220218,20220218,112746500,11:27:47,3497,573,3517,20049140,0,0,0
rr2206,20220218,20220218,112747000,11:27:47,3497,573,3517,20049140,0,0,0
rr2206,20220218,20220218,112747500,11:27:48,3497,573,3517,20049140,0,0,0
rr2206,20220218,20220218,112748000,11:27:53,3497,573,3517,20049140,0,0,0
rr2206,20220218,20220218,112748500,11:27:54,3497,573,3517,20049140,0,0,0
rr2206,20220218,20220218,112749000,11:27:54,3497,573,3517,20049140,0,0,0
rr2206,20220218,20220218,112749500,11:27:54,3497,573,3517,20049140,0,0,0
rr2206,20220218,20220218,112754000,11:27:54,3497,573,3517,20049140,0,0,0
rr2206,20220218,20220218,112754500,11:27:54,3497,573,3517,20049140,0,0,0
rr2206,20220218,20220218,112755000,11:27:55,3497,573,3517,20049140,0,0,0
rr2206,20220218,20220218,112755500,11:27:55,3497,573,3517,20049140,0,0,0
rr2206,20220218,20220218,112756000,11:27:56,3497,573,3517,20049140,0,0,0
rr2206,20220218,20220218,112756500,11:27:56,3497,573,3517,20049140,0,0,0
rr2206,20220218,20220218,112757000,11:27:57,3497,573,3517,20049140,0,0,0
rr2206,20220218,20220218,112757500,11:27:57,3497,573,3517,20049140,0,0,0
rr2206,20220218,20220218,112758000,11:27:58,3497,573,3517,20049140,0,0,0
rr2206,20220218,20220218,112758500,11:27:59,3497,573,3517,20049140,0,0,0
rr2206,20220218,20220218,112759000,11:27:59,3497,573,3517,20049140,0,0,0
rr2206,20220218,20220218,112759500,11:27:59,3497,573,3517,20049140,0,0,0
rr2206,20220218,20220218,112800000,11:28:00,3497,573,3517,20049140,0,0,0
rr2206,20220218,20220218,112800500,11:28:01,3497,573,3517,20049140,0,0,0
rr2206,20220218,20220218,112801000,11:28:01,3497,573,3517,20049140,0,0,0
rr2206,20220218,20220218,112801500,11:28:02,3497,573,3517,20049140,0,0,0
rr2206,20220218,20220218,112802000,11:28:03,3497,573,3517,20049140,0,0,0
rr2206,20220218,20220218,112802500,11:28:03,3497,573,3517,20049140,0,0,0
rr2206,20220218,20220218,112803000,11:28:04,3497,573,3517,20049140,0,0,0
rr2206,20220218,20220218,112803500,11:28:04,3497,573,3517,20049140,0,0,0
rr2206,20220218,20220218,112804000,11:28:04,3497,573,3517,20049140,0,0,0
rr2206,20220218,20220218,112804500,11:28:05,3497,573,3517,20049140,0,0,0
rr2206,20220218,20220218,112805000,11:28:06,3497,573,3517,20049140,0,0,0
rr2206,20220218,20220218,112805500,11:28:06,3497,573,3517,20049140,0,0,0
rr2206,20220218,20220218,112806000,11:28:10,3497,573,3517,20049140,0,0,0
rr2206,20220218,20220218,112806500,11:28:10,3497,573,3517,20049140,0,0,0
rr2206,20220218,20220218,112807000,11:28:10,3497,573,3517,20049140,0,0,0
rr2206,20220218,20220218,112807500,11:28:11,3497,573,3517,20049140,0,0,0
rr2206,20220218,20220218,112810000,11:28:11,3497,573,3517,20049140,0,0,0
rr2206,20220218,20220218,112810500,11:28:12,3497,573,3517,20049140,0,0,0
rr2206,20220218,20220218,112811000,11:28:12,3497,573,3517,20049140,0,0,0
rr2206,20220218,20220218,112811500,11:28:12,3497,573,3517,20049140,0,0,0
rr2206,20220218,20220218,112812000,11:28:13,3497,573,3517,20049140,0,0,0
rr2206,20220218,20220218,112812500,11:28:13,3497,573,3517,20049140,0,0,0
rr2206,20220218,20220218,112813000,11:28:13,3497,573,3517,20049140,0,0,0
rr2206,20220218,20220218,112813500,11:28:14,3497,573,3517,20049140,0,0,0
rr2206,20220218,20220218,112814000,11:28:14,3497,573,3517,20049140,0,0,0
rr2206,20220218,20220218,112814500,11:28:14,3497,573,3517,20049140,0,0,0
rr2206,20220218,20220218,112815000,11:28:15,3497,573,3517,20049140,0,0,0
rr2206,20220218,20220218,112815500,11:28:15,3497,573,3517,20049140,0,0,0
rr2206,20220218,20220218,112816000,11:28:16,3497,573,3517,20049140,0,0,0
rr2206,20220218,20220218,112816500,11:28:16,3497,573,3517,20049140,0,0,0
rr2206,20220218,20220218,112817000,11:28:17,3497,573,3517,20049140,0,0,0
rr2206,20220218,20220218,112817500,11:28:17,3497,573,3517,20049140,0,0,0
rr2206,20220218,20220218,112818000,11:28:18,3497,573,3517,20049140,0,0,0
rr2206,20220218,20220218,112818500,11:28:18,3497,573,3517,20049140,0,0,0
rr2206,20220218,20220218,112819000,11:28:19,3497,573,3517,20049140,0,0,0
rr2206,20220218,20220218,112819500,11:28:19,3497,573,3517,20049140,0,0,0
rr2206,20220218,20220218,112820000,11:28:20,3497,573,3517,20049140,0,0,0
rr2206,20220218,20220218,112820500,11:28:20,3497,573,3517,20049140,0,0,0
rr2206,20220218,20220218,112821000,11:28:21,3497,573,3517,20049140,0,0,0
rr2206,20220218,20220218,112821500,11:28:22,3497,573,3517,20049140,0,0,0
rr2206,20220218,20220218,112822000,11:28:22,3497,573,3517,20049140,0,0,0
rr2206,20220218,20220218,112822500,11:28:22,3497,573,3517,20049140,0,0,0
rr2206,20220218,20220218,112823000,11:28:23,3497,573,3517,20049140,0,0,0
rr2206,20220218,20220218,112823500,11:28:24,3497,573,3517,20049140,0,0,0
rr2206,20220218,20220218,112824000,11:28:24,3497,573,3517,20049140,0,0,0
rr2206,20220218,20220218,112824500,11:28:25,3497,573,3517,20049140,0,0,0
rr2206,20220218,20220218,112825000,11:28:25,3497,573,3517,20049140,0,0,0
rr2206,20220218,20220218,112827000,11:28:27,3497,573,3517,20049140,0,0,0
rr2206,20220218,20220218,112827500,11:28:27,3497,573,3517,20049140,0,0,0
rr2206,20220218,20220218,112828500,11:28:28,3497,573,3517,20049140,0,0,0
rr2206,20220218,20220218,112829000,11:28:29,3497,573,3517,20049140,0,0,0
rr2206,20220218,20220218,112830000,11:28:30,3497,573,3517,20049140,0,0,0
rr2206,20220218,20220218,112832500,11:28:33,3496,578,3517,20223940,5,0,174800
rr2206,20220218,20220218,112833000,11:28:33,3496,578,3517,20223940,0,0,0
rr2206,20220218,20220218,112833500,11:28:34,3496,578,3517,20223940,0,0,0
rr2206,20220218,20220218,112834000,11:28:34,3496,578,3517,20223940,0,0,0
rr2206,20220218,20220218,112834500,11:28:34,3496,578,3517,20223940,0,0,0
rr2206,20220218,20220218,112835000,11:28:35,3496,578,3517,20223940,0,0,0
rr2206,20220218,20220218,112835500,11:28:36,3496,578,3517,20223940,0,0,0
rr2206,20220218,20220218,112836000,11:28:37,3496,578,3517,20223940,0,0,0
rr2206,20220218,20220218,112836500,11:28:37,3496,578,3517,20223940,0,0,0
rr2206,20220218,20220218,112837000,11:28:37,3496,578,3517,20223940,0,0,0
rr2206,20220218,20220218,112837500,11:28:38,3496,578,3517,20223940,0,0,0
rr2206,20220218,20220218,112841500,11:28:41,3496,578,3517,20223940,0,0,0
rr2206,20220218,20220218,112904000,11:29:04,3496,578,3517,20223940,0,0,0
rr2206,20220218,20220218,112950500,11:29:52,3496,578,3517,20223940,0,0,0
rr2206,20220218,20220218,133200500,13:32:01,3493,580,3517,20293820,2,0,69880
rr2206,20220218,20220218,133358000,13:33:58,3493,580,3517,20293820,0,0,0
rr2206,20220218,20220218,133504000,13:35:10,3493,580,3517,20293820,0,0,0
rr2206,20220218,20220218,133756000,13:37:56,3493,580,3517,20293820,0,0,0
rr2206,20220218,20220218,133804500,13:38:07,3493,580,3517,20293820,0,0,0
rr2206,20220218,20220218,134455000,13:44:55,3497,581,3517,20328790,1,0,34970
rr2206,20220218,20220218,134818500,13:48:20,3497,581,3517,20328790,0,0,0
rr2206,20220218,20220218,134830000,13:48:31,3497,581,3517,20328790,0,0,0
rr2206,20220218,20220218,134918500,13:49:19,3497,581,3517,20328790,0,0,0
rr2206,20220218,20220218,134919000,13:49:20,3497,581,3517,20328790,0,0,0
rr2206,20220218,20220218,134920000,13:49:20,3497,581,3517,20328790,0,0,0
rr2206,20220218,20220218,135001500,13:50:02,3497,581,3517,20328790,0,0,0
rr2206,20220218,20220218,135024500,13:50:27,3497,581,3517,20328790,0,0,0
rr2206,20220218,20220218,135120500,13:51:21,3497,581,3517,20328790,0,0,0
rr2206,20220218,20220218,135121000,13:51:21,3497,581,3517,20328790,0,0,0
rr2206,20220218,20220218,135121500,13:51:21,3497,581,3517,20328790,0,0,0
rr2206,20220218,20220218,135122000,13:51:22,3497,581,3517,20328790,0,0,0
rr2206,20220218,20220218,135122500,13:51:23,3497,581,3517,20328790,0,0,0
rr2206,20220218,20220218,135123000,13:51:23,3497,581,3517,20328790,0,0,0
rr2206,20220218,20220218,135123500,13:51:23,3497,581,3517,20328790,0,0,0
rr2206,20220218,20220218,135124000,13:51:24,3497,581,3517,20328790,0,0,0
rr2206,20220218,20220218,135124500,13:51:24,3497,581,3517,20328790,0,0,0
rr2206,20220218,20220218,135125000,13:51:25,3497,581,3517,20328790,0,0,0
rr2206,20220218,20220218,135125500,13:51:26,3497,581,3517,20328790,0,0,0
rr2206,20220218,20220218,135126000,13:51:27,3497,581,3517,20328790,0,0,0
rr2206,20220218,20220218,135126500,13:51:27,3497,581,3517,20328790,0,0,0
rr2206,20220218,20220218,135127000,13:51:27,3497,581,3517,20328790,0,0,0
rr2206,20220218,20220218,135128000,13:51:28,3497,581,3517,20328790,0,0,0
rr2206,20220218,20220218,135128500,13:51:29,3497,581,3517,20328790,0,0,0
rr2206,20220218,20220218,135129000,13:51:29,3497,581,3517,20328790,0,0,0
rr2206,20220218,20220218,135129500,13:51:30,3497,581,3517,20328790,0,0,0
rr2206,20220218,20220218,135130000,13:51:30,3497,581,3517,20328790,0,0,0
rr2206,20220218,20220218,135130500,13:51:31,3497,581,3517,20328790,0,0,0
rr2206,20220218,20220218,135131500,13:51:31,3497,581,3517,20328790,0,0,0
rr2206,20220218,20220218,135132000,13:51:32,3497,581,3517,20328790,0,0,0
rr2206,20220218,20220218,135132500,13:51:33,3497,581,3517,20328790,0,0,0
rr2206,20220218,20220218,135134000,13:51:34,3497,581,3517,20328790,0,0,0
rr2206,20220218,20220218,135135500,13:51:35,3497,581,3517,20328790,0,0,0
rr2206,20220218,20220218,135137500,13:51:38,3497,581,3517,20328790,0,0,0
rr2206,20220218,20220218,135141000,13:51:41,3497,581,3517,20328790,0,0,0
rr2206,20220218,20220218,135143000,13:51:43,3497,581,3517,20328790,0,0,0
rr2206,20220218,20220218,135146000,13:51:46,3497,581,3517,20328790,0,0,0
rr2206,20220218,20220218,135147500,13:51:48,3497,581,3517,20328790,0,0,0
rr2206,20220218,20220218,135149500,13:51:50,3497,581,3517,20328790,0,0,0
rr2206,20220218,20220218,135150000,13:51:50,3497,581,3517,20328790,0,0,0
rr2206,20220218,20220218,135152000,13:51:52,3497,581,3517,20328790,0,0,0
rr2206,20220218,20220218,135152500,13:51:52,3497,581,3517,20328790,0,0,0
rr2206,20220218,20220218,135154000,13:51:54,3497,581,3517,20328790,0,0,0
rr2206,20220218,20220218,135156000,13:51:56,3497,581,3517,20328790,0,0,0
rr2206,20220218,20220218,135158000,13:51:58,3497,581,3517,20328790,0,0,0
rr2206,20220218,20220218,135159500,13:51:59,3497,581,3517,20328790,0,0,0
rr2206,20220218,20220218,135201000,13:52:01,3497,581,3517,20328790,0,0,0
rr2206,20220218,20220218,135201500,13:52:03,3497,581,3517,20328790,0,0,0
rr2206,20220218,20220218,135202000,13:52:03,3497,581,3517,20328790,0,0,0
rr2206,20220218,20220218,135202500,13:52:03,3497,581,3517,20328790,0,0,0
rr2206,20220218,20220218,135203000,13:52:04,3497,581,3517,20328790,0,0,0
rr2206,20220218,20220218,135203500,13:52:04,3497,581,3517,20328790,0,0,0
rr2206,20220218,20220218,135204000,13:52:05,3497,581,3517,20328790,0,0,0
rr2206,20220218,20220218,135204500,13:52:05,3497,581,3517,20328790,0,0,0
rr2206,20220218,20220218,135205000,13:52:05,3497,581,3517,20328790,0,0,0
rr2206,20220218,20220218,135205500,13:52:06,3497,581,3517,20328790,0,0,0
rr2206,20220218,20220218,135206000,13:52:06,3497,581,3517,20328790,0,0,0
rr2206,20220218,20220218,135206500,13:52:08,3497,581,3517,20328790,0,0,0
rr2206,20220218,20220218,135207000,13:52:09,3497,581,3517,20328790,0,0,0
rr2206,20220218,20220218,135207500,13:52:10,3497,581,3517,20328790,0,0,0
rr2206,20220218,20220218,135209000,13:52:11,3497,581,3517,20328790,0,0,0
rr2206,20220218,20220218,135209500,13:52:11,3497,581,3517,20328790,0,0,0
rr2206,20220218,20220218,135210000,13:52:11,3497,581,3517,20328790,0,0,0
rr2206,20220218,20220218,135210500,13:52:12,3497,581,3517,20328790,0,0,0
rr2206,20220218,20220218,135211000,13:52:12,3497,581,3517,20328790,0,0,0
rr2206,20220218,20220218,135211500,13:52:12,3497,581,3517,20328790,0,0,0
rr2206,20220218,20220218,135212000,13:52:12,3497,581,3517,20328790,0,0,0
rr2206,20220218,20220218,135212500,13:52:13,3497,581,3517,20328790,0,0,0
rr2206,20220218,20220218,135213000,13:52:13,3497,581,3517,20328790,0,0,0
rr2206,20220218,20220218,135213500,13:52:13,3497,581,3517,20328790,0,0,0
rr2206,20220218,20220218,135214000,13:52:14,3497,581,3517,20328790,0,0,0
rr2206,20220218,20220218,135214500,13:52:15,3497,581,3517,20328790,0,0,0
rr2206,20220218,20220218,135215000,13:52:15,3497,581,3517,20328790,0,0,0
rr2206,20220218,20220218,135215500,13:52:15,3497,581,3517,20328790,0,0,0
rr2206,20220218,20220218,135216000,13:52:16,3497,581,3517,20328790,0,0,0
rr2206,20220218,20220218,135216500,13:52:17,3497,581,3517,20328790,0,0,0
rr2206,20220218,20220218,135217000,13:52:17,3497,581,3517,20328790,0,0,0
rr2206,20220218,20220218,135217500,13:52:19,3497,581,3517,20328790,0,0,0
rr2206,20220218,20220218,135218000,13:52:19,3497,581,3517,20328790,0,0,0
rr2206,20220218,20220218,135218500,13:52:20,3497,581,3517,20328790,0,0,0
rr2206,20220218,20220218,135219000,13:52:23,3497,581,3517,20328790,0,0,0
rr2206,20220218,20220218,135219500,13:52:24,3497,581,3517,20328790,0,0,0
rr2206,20220218,20220218,135220000,13:52:24,3497,581,3517,20328790,0,0,0
rr2206,20220218,20220218,135220500,13:52:24,3497,581,3517,20328790,0,0,0
rr2206,20220218,20220218,135221000,13:52:24,3497,581,3517,20328790,0,0,0
rr2206,20220218,20220218,135223500,13:52:24,3497,581,3517,20328790,0,0,0
rr2206,20220218,20220218,135224000,13:52:24,3497,581,3517,20328790,0,0,0
rr2206,20220218,20220218,135224500,13:52:24,3497,581,3517,20328790,0,0,0
rr2206,20220218,20220218,135225000,13:52:25,3497,581,3517,20328790,0,0,0
rr2206,20220218,20220218,135225500,13:52:25,3497,581,3517,20328790,0,0,0
rr2206,20220218,20220218,135226000,13:52:26,3497,581,3517,20328790,0,0,0
rr2206,20220218,20220218,135226500,13:52:27,3497,581,3517,20328790,0,0,0
rr2206,20220218,20220218,135227000,13:52:27,3497,581,3517,20328790,0,0,0
rr2206,20220218,20220218,135227500,13:52:27,3497,581,3517,20328790,0,0,0
rr2206,20220218,20220218,135228000,13:52:28,3497,581,3517,20328790,0,0,0
rr2206,20220218,20220218,135228500,13:52:28,3497,581,3517,20328790,0,0,0
rr2206,20220218,20220218,135229000,13:52:29,3497,581,3517,20328790,0,0,0
rr2206,20220218,20220218,135229500,13:52:31,3497,581,3517,20328790,0,0,0
rr2206,20220218,20220218,135230000,13:52:31,3497,581,3517,20328790,0,0,0
rr2206,20220218,20220218,135230500,13:52:32,3497,581,3517,20328790,0,0,0
rr2206,20220218,20220218,135231000,13:52:32,3497,581,3517,20328790,0,0,0
rr2206,20220218,20220218,135231500,13:52:32,3497,581,3517,20328790,0,0,0
rr2206,20220218,20220218,135232000,13:52:32,3497,581,3517,20328790,0,0,0
rr2206,20220218,20220218,135232500,13:52:33,3497,581,3517,20328790,0,0,0
rr2206,20220218,20220218,135233000,13:52:33,3497,581,3517,20328790,0,0,0
rr2206,20220218,20220218,135233500,13:52:33,3497,581,3517,20328790,0,0,0
rr2206,20220218,20220218,135234000,13:52:34,3497,581,3517,20328790,0,0,0
rr2206,20220218,20220218,135234500,13:52:35,3497,581,3517,20328790,0,0,0
rr2206,20220218,20220218,135235000,13:52:36,3497,581,3517,20328790,0,0,0
rr2206,20220218,20220218,135235500,13:52:36,3497,581,3517,20328790,0,0,0
rr2206,20220218,20220218,135236000,13:52:37,3497,581,3517,20328790,0,0,0
rr2206,20220218,20220218,135236500,13:52:44,3497,581,3517,20328790,0,0,0
rr2206,20220218,20220218,135237000,13:52:44,3497,581,3517,20328790,0,0,0
rr2206,20220218,20220218,135237500,13:52:44,3497,581,3517,20328790,0,0,0
rr2206,20220218,20220218,135238000,13:52:45,3497,581,3517,20328790,0,0,0
rr2206,20220218,20220218,135244000,13:52:45,3497,581,3517,20328790,0,0,0
rr2206,20220218,20220218,135244500,13:52:46,3497,581,3517,20328790,0,0,0
rr2206,20220218,20220218,135245000,13:52:47,3497,581,3517,20328790,0,0,0
rr2206,20220218,20220218,135245500,13:52:48,3497,581,3517,20328790,0,0,0
rr2206,20220218,20220218,135246000,13:52:48,3497,581,3517,20328790,0,0,0
rr2206,20220218,20220218,135246500,13:52:48,3497,581,3517,20328790,0,0,0
rr2206,20220218,20220218,135247000,13:52:48,3497,581,3517,20328790,0,0,0
rr2206,20220218,20220218,135247500,13:52:48,3497,581,3517,20328790,0,0,0
rr2206,20220218,20220218,135248000,13:52:48,3497,581,3517,20328790,0,0,0
rr2206,20220218,20220218,135248500,13:52:49,3497,581,3517,20328790,0,0,0
rr2206,20220218,20220218,135249000,13:52:49,3497,581,3517,20328790,0,0,0
rr2206,20220218,20220218,135249500,13:52:50,3497,581,3517,20328790,0,0,0
rr2206,20220218,20220218,135250000,13:52:50,3497,581,3517,20328790,0,0,0
rr2206,20220218,20220218,135250500,13:52:51,3497,581,3517,20328790,0,0,0
rr2206,20220218,20220218,135251000,13:52:51,3497,581,3517,20328790,0,0,0
rr2206,20220218,20220218,135251500,13:52:51,3497,581,3517,20328790,0,0,0
rr2206,20220218,20220218,135252000,13:52:52,3497,581,3517,20328790,0,0,0
rr2206,20220218,20220218,135252500,13:52:53,3497,581,3517,20328790,0,0,0
rr2206,20220218,20220218,135253000,13:52:53,3497,581,3517,20328790,0,0,0
rr2206,20220218,20220218,135253500,13:52:54,3497,581,3517,20328790,0,0,0
rr2206,20220218,20220218,135254000,13:52:54,3497,581,3517,20328790,0,0,0
rr2206,20220218,20220218,135254500,13:52:54,3497,581,3517,20328790,0,0,0
rr2206,20220218,20220218,135255000,13:52:55,3497,581,3517,20328790,0,0,0
rr2206,20220218,20220218,135255500,13:52:55,3497,581,3517,20328790,0,0,0
rr2206,20220218,20220218,135256000,13:52:56,3497,581,3517,20328790,0,0,0
rr2206,20220218,20220218,135256500,13:52:57,3497,581,3517,20328790,0,0,0
rr2206,20220218,20220218,135257000,13:52:57,3497,581,3517,20328790,0,0,0
rr2206,20220218,20220218,135257500,13:52:57,3497,581,3517,20328790,0,0,0
rr2206,20220218,20220218,135258000,13:52:58,3497,581,3517,20328790,0,0,0
rr2206,20220218,20220218,135258500,13:52:59,3497,581,3517,20328790,0,0,0
rr2206,20220218,20220218,135259000,13:52:59,3497,581,3517,20328790,0,0,0
rr2206,20220218,20220218,135259500,13:53:00,3497,581,3517,20328790,0,0,0
rr2206,20220218,20220218,135300000,13:53:00,3497,581,3517,20328790,0,0,0
rr2206,20220218,20220218,135300500,13:53:01,3497,581,3517,20328790,0,0,0
rr2206,20220218,20220218,135301000,13:53:01,3497,581,3517,20328790,0,0,0
rr2206,20220218,20220218,135301500,13:53:02,3497,581,3517,20328790,0,0,0
rr2206,20220218,20220218,135302000,13:53:02,3497,581,3517,20328790,0,0,0
rr2206,20220218,20220218,135302500,13:53:03,3497,581,3517,20328790,0,0,0
rr2206,20220218,20220218,135303000,13:53:04,3497,581,3517,20328790,0,0,0
rr2206,20220218,20220218,135303500,13:53:04,3497,581,3517,20328790,0,0,0
rr2206,20220218,20220218,135304000,13:53:05,3497,581,3517,20328790,0,0,0
rr2206,20220218,20220218,135304500,13:53:06,3497,581,3517,20328790,0,0,0
rr2206,20220218,20220218,135305000,13:53:08,3497,581,3517,20328790,0,0,0
rr2206,20220218,20220218,135305500,13:53:08,3497,581,3517,20328790,0,0,0
rr2206,20220218,20220218,135306000,13:53:09,3497,581,3517,20328790,0,0,0
rr2206,20220218,20220218,135306500,13:53:09,3497,581,3517,20328790,0,0,0
rr2206,20220218,20220218,135307000,13:53:09,3497,581,3517,20328790,0,0,0
rr2206,20220218,20220218,135308500,13:53:09,3497,581,3517,20328790,0,0,0
rr2206,20220218,20220218,135309000,13:53:09,3497,581,3517,20328790,0,0,0
rr2206,20220218,20220218,135309500,13:53:09,3497,581,3517,20328790,0,0,0
rr2206,20220218,20220218,135310000,13:53:10,3497,581,3517,20328790,0,0,0
rr2206,20220218,20220218,135310500,13:53:11,3497,581,3517,20328790,0,0,0
rr2206,20220218,20220218,135311000,13:53:11,3497,581,3517,20328790,0,0,0
rr2206,20220218,20220218,135311500,13:53:12,3497,581,3517,20328790,0,0,0
rr2206,20220218,20220218,135312000,13:53:12,3497,581,3517,20328790,0,0,0
rr2206,20220218,20220218,135312500,13:53:13,3497,581,3517,20328790,0,0,0
rr2206,20220218,20220218,135313000,13:53:13,3497,581,3517,20328790,0,0,0
rr2206,20220218,20220218,135313500,13:53:13,3497,581,3517,20328790,0,0,0
rr2206,20220218,20220218,135314000,13:53:14,3497,581,3517,20328790,0,0,0
rr2206,20220218,20220218,135314500,13:53:15,3497,581,3517,20328790,0,0,0
rr2206,20220218,20220218,135315000,13:53:15,3497,581,3517,20328790,0,0,0
rr2206,20220218,20220218,135315500,13:53:16,3497,581,3517,20328790,0,0,0
rr2206,20220218,20220218,135316000,13:53:16,3497,581,3517,20328790,0,0,0
rr2206,20220218,20220218,135316500,13:53:20,3497,581,3517,20328790,0,0,0
rr2206,20220218,20220218,135317000,13:53:20,3497,581,3517,20328790,0,0,0
rr2206,20220218,20220218,135317500,13:53:20,3497,581,3517,20328790,0,0,0
rr2206,20220218,20220218,135319500,13:53:20,3497,581,3517,20328790,0,0,0
rr2206,20220218,20220218,135320000,13:53:20,3497,581,3517,20328790,0,0,0
rr2206,20220218,20220218,135320500,13:53:21,3497,581,3517,20328790,0,0,0
rr2206,20220218,20220218,135321000,13:53:21,3497,581,3517,20328790,0,0,0
rr2206,20220218,20220218,135321500,13:53:22,3497,581,3517,20328790,0,0,0
rr2206,20220218,20220218,135322000,13:53:22,3497,581,3517,20328790,0,0,0
rr2206,20220218,20220218,135322500,13:53:23,3497,581,3517,20328790,0,0,0
rr2206,20220218,20220218,135323000,13:53:23,3497,581,3517,20328790,0,0,0
rr2206,20220218,20220218,135323500,13:53:23,3497,581,3517,20328790,0,0,0
rr2206,20220218,20220218,135324000,13:53:24,3497,581,3517,20328790,0,0,0
rr2206,20220218,20220218,135324500,13:53:26,3497,581,3517,20328790,0,0,0
rr2206,20220218,20220218,135325000,13:53:26,3497,581,3517,20328790,0,0,0
rr2206,20220218,20220218,135325500,13:53:26,3497,581,3517,20328790,0,0,0
rr2206,20220218,20220218,135326000,13:53:26,3497,581,3517,20328790,0,0,0
rr2206,20220218,20220218,135326500,13:53:26,3497,581,3517,20328790,0,0,0
rr2206,20220218,20220218,135327000,13:53:27,3497,581,3517,20328790,0,0,0
rr2206,20220218,20220218,135327500,13:53:28,3497,581,3517,20328790,0,0,0
rr2206,20220218,20220218,135328000,13:53:29,3497,581,3517,20328790,0,0,0
rr2206,20220218,20220218,135328500,13:53:29,3497,581,3517,20328790,0,0,0
rr2206,20220218,20220218,135329500,13:53:29,3497,581,3517,20328790,0,0,0
rr2206,20220218,20220218,135330000,13:53:30,3497,581,3517,20328790,0,0,0
rr2206,20220218,20220218,135330500,13:53:31,3497,581,3517,20328790,0,0,0
rr2206,20220218,20220218,135331000,13:53:31,3497,581,3517,20328790,0,0,0
rr2206,20220218,20220218,135331500,13:53:32,3497,581,3517,20328790,0,0,0
rr2206,20220218,20220218,135332000,13:53:32,3497,581,3517,20328790,0,0,0
rr2206,20220218,20220218,135332500,13:53:33,3497,581,3517,20328790,0,0,0
rr2206,20220218,20220218,135333000,13:53:33,3497,581,3517,20328790,0,0,0
rr2206,20220218,20220218,135333500,13:53:33,3497,581,3517,20328790,0,0,0
rr2206,20220218,20220218,135334000,13:53:35,3497,581,3517,20328790,0,0,0
rr2206,20220218,20220218,135334500,13:53:35,3497,581,3517,20328790,0,0,0
rr2206,20220218,20220218,135335000,13:53:36,3497,581,3517,20328790,0,0,0
rr2206,20220218,20220218,135335500,13:53:36,3497,581,3517,20328790,0,0,0
rr2206,20220218,20220218,135336000,13:53:44,3497,581,3517,20328790,0,0,0
rr2206,20220218,20220218,135336500,13:53:44,3497,581,3517,20328790,0,0,0
rr2206,20220218,20220218,135337000,13:53:45,3497,581,3517,20328790,0,0,0
rr2206,20220218,20220218,135344000,13:53:45,3497,581,3517,20328790,0,0,0
rr2206,20220218,20220218,135344500,13:53:45,3497,581,3517,20328790,0,0,0
rr2206,20220218,20220218,135345000,13:53:46,3497,581,3517,20328790,0,0,0
rr2206,20220218,20220218,135345500,13:53:46,3497,581,3517,20328790,0,0,0
rr2206,20220218,20220218,135346000,13:53:47,3497,581,3517,20328790,0,0,0
rr2206,20220218,20220218,135346500,13:53:47,3497,581,3517,20328790,0,0,0
rr2206,20220218,20220218,135347000,13:53:47,3497,581,3517,20328790,0,0,0
rr2206,20220218,20220218,135347500,13:53:47,3497,581,3517,20328790,0,0,0
rr2206,20220218,20220218,135348000,13:53:48,3497,581,3517,20328790,0,0,0
rr2206,20220218,20220218,135348500,13:53:48,3497,581,3517,20328790,0,0,0
rr2206,20220218,20220218,135349000,13:53:49,3497,581,3517,20328790,0,0,0
rr2206,20220218,20220218,135349500,13:53:50,3497,581,3517,20328790,0,0,0
rr2206,20220218,20220218,135350000,13:53:50,3497,581,3517,20328790,0,0,0
rr2206,20220218,20220218,135350500,13:53:52,3497,581,3517,20328790,0,0,0
rr2206,20220218,20220218,135351000,13:53:53,3497,581,3517,20328790,0,0,0
rr2206,20220218,20220218,135351500,13:53:53,3497,581,3517,20328790,0,0,0
rr2206,20220218,20220218,135352000,13:53:53,3497,581,3517,20328790,0,0,0
rr2206,20220218,20220218,135352500,13:53:53,3497,581,3517,20328790,0,0,0
rr2206,20220218,20220218,135353000,13:53:53,3497,581,3517,20328790,0,0,0
rr2206,20220218,20220218,135353500,13:53:54,3497,581,3517,20328790,0,0,0
rr2206,20220218,20220218,135354000,13:53:55,3497,581,3517,20328790,0,0,0
rr2206,20220218,20220218,135354500,13:53:55,3497,581,3517,20328790,0,0,0
rr2206,20220218,20220218,135355000,13:53:55,3497,581,3517,20328790,0,0,0
rr2206,20220218,20220218,135355500,13:53:56,3497,581,3517,20328790,0,0,0
rr2206,20220218,20220218,135356000,13:53:56,3497,581,3517,20328790,0,0,0
rr2206,20220218,20220218,135356500,13:53:57,3497,581,3517,20328790,0,0,0
rr2206,20220218,20220218,135357000,13:53:57,3497,581,3517,20328790,0,0,0
rr2206,20220218,20220218,135357500,13:53:58,3497,581,3517,20328790,0,0,0
rr2206,20220218,20220218,135358000,13:53:59,3497,581,3517,20328790,0,0,0
rr2206,20220218,20220218,135358500,13:53:59,3497,581,3517,20328790,0,0,0
rr2206,20220218,20220218,135359000,13:54:00,3497,581,3517,20328790,0,0,0
rr2206,20220218,20220218,135359500,13:54:08,3497,581,3517,20328790,0,0,0
rr2206,20220218,20220218,135400000,13:54:08,3497,581,3517,20328790,0,0,0
rr2206,20220218,20220218,135400500,13:54:08,3497,581,3517,20328790,0,0,0
rr2206,20220218,20220218,135407500,13:54:09,3497,581,3517,20328790,0,0,0
rr2206,20220218,20220218,135408000,13:54:09,3497,581,3517,20328790,0,0,0
rr2206,20220218,20220218,135408500,13:54:09,3497,581,3517,20328790,0,0,0
rr2206,20220218,20220218,135409000,13:54:10,3497,581,3517,20328790,0,0,0
rr2206,20220218,20220218,135409500,13:54:10,3497,581,3517,20328790,0,0,0
rr2206,20220218,20220218,135410000,13:54:10,3497,581,3517,20328790,0,0,0
rr2206,20220218,20220218,135410500,13:54:11,3497,581,3517,20328790,0,0,0
rr2206,20220218,20220218,135411000,13:54:11,3497,581,3517,20328790,0,0,0
rr2206,20220218,20220218,135411500,13:54:12,3497,581,3517,20328790,0,0,0
rr2206,20220218,20220218,135412000,13:54:12,3497,581,3517,20328790,0,0,0
rr2206,20220218,20220218,135412500,13:54:13,3497,581,3517,20328790,0,0,0
rr2206,20220218,20220218,135413000,13:54:13,3497,581,3517,20328790,0,0,0
rr2206,20220218,20220218,135413500,13:54:14,3497,581,3517,20328790,0,0,0
rr2206,20220218,20220218,135414000,13:54:14,3497,581,3517,20328790,0,0,0
rr2206,20220218,20220218,135414500,13:54:14,3497,581,3517,20328790,0,0,0
rr2206,20220218,20220218,135415000,13:54:15,3497,581,3517,20328790,0,0,0
rr2206,20220218,20220218,135415500,13:54:15,3497,581,3517,20328790,0,0,0
rr2206,20220218,20220218,135416000,13:54:16,3497,581,3517,20328790,0,0,0
rr2206,20220218,20220218,135416500,13:54:16,3497,581,3517,20328790,0,0,0
rr2206,20220218,20220218,135417000,13:54:17,3497,581,3517,20328790,0,0,0
rr2206,20220218,20220218,135417500,13:54:18,3497,581,3517,20328790,0,0,0
rr2206,20220218,20220218,135418000,13:54:18,3497,581,3517,20328790,0,0,0
rr2206,20220218,20220218,135418500,13:54:18,3497,581,3517,20328790,0,0,0
rr2206,20220218,20220218,135419000,13:54:19,3497,581,3517,20328790,0,0,0
rr2206,20220218,20220218,135419500,13:54:19,3497,581,3517,20328790,0,0,0
rr2206,20220218,20220218,135420000,13:54:20,3497,581,3517,20328790,0,0,0
rr2206,20220218,20220218,135420500,13:54:21,3497,581,3517,20328790,0,0,0
rr2206,20220218,20220218,135421000,13:54:21,3497,581,3517,20328790,0,0,0
rr2206,20220218,20220218,135421500,13:54:21,3497,581,3517,20328790,0,0,0
rr2206,20220218,20220218,135422000,13:54:22,3497,581,3517,20328790,0,0,0
rr2206,20220218,20220218,135422500,13:54:22,3497,581,3517,20328790,0,0,0
rr2206,20220218,20220218,135423000,13:54:23,3497,581,3517,20328790,0,0,0
rr2206,20220218,20220218,135423500,13:54:23,3497,581,3517,20328790,0,0,0
rr2206,20220218,20220218,135424000,13:54:24,3497,581,3517,20328790,0,0,0
rr2206,20220218,20220218,135424500,13:54:25,3497,581,3517,20328790,0,0,0
rr2206,20220218,20220218,135425000,13:54:25,3497,581,3517,20328790,0,0,0
rr2206,20220218,20220218,135425500,13:54:26,3497,581,3517,20328790,0,0,0
rr2206,20220218,20220218,135426000,13:54:26,3497,581,3517,20328790,0,0,0
rr2206,20220218,20220218,135426500,13:54:27,3497,581,3517,20328790,0,0,0
rr2206,20220218,20220218,135427000,13:54:28,3497,581,3517,20328790,0,0,0
rr2206,20220218,20220218,135427500,13:54:28,3497,581,3517,20328790,0,0,0
rr2206,20220218,20220218,135428000,13:54:30,3497,581,3517,20328790,0,0,0
rr2206,20220218,20220218,135428500,13:54:30,3497,581,3517,20328790,0,0,0
rr2206,20220218,20220218,135429000,13:54:31,3497,581,3517,20328790,0,0,0
rr2206,20220218,20220218,135430000,13:54:31,3497,581,3517,20328790,0,0,0
rr2206,20220218,20220218,135430500,13:54:31,3497,581,3517,20328790,0,0,0
rr2206,20220218,20220218,135431000,13:54:32,3497,581,3517,20328790,0,0,0
rr2206,20220218,20220218,135431500,13:54:32,3497,581,3517,20328790,0,0,0
rr2206,20220218,20220218,135432000,13:54:32,3497,581,3517,20328790,0,0,0
rr2206,20220218,20220218,135432500,13:54:33,3497,581,3517,20328790,0,0,0
rr2206,20220218,20220218,135433000,13:54:33,3497,581,3517,20328790,0,0,0
rr2206,20220218,20220218,135433500,13:54:34,3497,581,3517,20328790,0,0,0
rr2206,20220218,20220218,135434000,13:54:34,3497,581,3517,20328790,0,0,0
rr2206,20220218,20220218,135434500,13:54:34,3497,581,3517,20328790,0,0,0
rr2206,20220218,20220218,135435000,13:54:35,3497,581,3517,20328790,0,0,0
rr2206,20220218,20220218,135435500,13:54:35,3497,581,3517,20328790,0,0,0
rr2206,20220218,20220218,135436000,13:54:36,3497,581,3517,20328790,0,0,0
rr2206,20220218,20220218,135436500,13:54:37,3497,581,3517,20328790,0,0,0
rr2206,20220218,20220218,135437000,13:54:37,3497,581,3517,20328790,0,0,0
rr2206,20220218,20220218,135437500,13:54:37,3497,581,3517,20328790,0,0,0
rr2206,20220218,20220218,135438000,13:54:38,3497,581,3517,20328790,0,0,0
rr2206,20220218,20220218,135438500,13:54:39,3497,581,3517,20328790,0,0,0
rr2206,20220218,20220218,135439000,13:54:39,3497,581,3517,20328790,0,0,0
rr2206,20220218,20220218,135439500,13:54:40,3497,581,3517,20328790,0,0,0
rr2206,20220218,20220218,135440000,13:54:40,3497,581,3517,20328790,0,0,0
rr2206,20220218,20220218,135440500,13:54:41,3497,581,3517,20328790,0,0,0
rr2206,20220218,20220218,135441000,13:54:41,3497,581,3517,20328790,0,0,0
rr2206,20220218,20220218,135441500,13:54:42,3497,581,3517,20328790,0,0,0
rr2206,20220218,20220218,135442000,13:54:42,3497,581,3517,20328790,0,0,0
rr2206,20220218,20220218,135442500,13:54:44,3497,581,3517,20328790,0,0,0
rr2206,20220218,20220218,135443000,13:54:44,3497,581,3517,20328790,0,0,0
rr2206,20220218,20220218,135443500,13:54:44,3497,581,3517,20328790,0,0,0
rr2206,20220218,20220218,135444000,13:54:44,3497,581,3517,20328790,0,0,0
rr2206,20220218,20220218,135444500,13:54:45,3497,581,3517,20328790,0,0,0
rr2206,20220218,20220218,135445000,13:54:45,3497,581,3517,20328790,0,0,0
rr2206,20220218,20220218,135445500,13:54:45,3497,581,3517,20328790,0,0,0
rr2206,20220218,20220218,135446000,13:54:46,3497,581,3517,20328790,0,0,0
rr2206,20220218,20220218,135446500,13:54:47,3497,581,3517,20328790,0,0,0
rr2206,20220218,20220218,135447000,13:54:47,3497,581,3517,20328790,0,0,0
rr2206,20220218,20220218,135447500,13:54:47,3497,581,3517,20328790,0,0,0
rr2206,20220218,20220218,135448000,13:54:48,3497,581,3517,20328790,0,0,0
rr2206,20220218,20220218,135448500,13:54:48,3497,581,3517,20328790,0,0,0
rr2206,20220218,20220218,135449000,13:54:49,3497,581,3517,20328790,0,0,0
rr2206,20220218,20220218,135449500,13:54:50,3497,581,3517,20328790,0,0,0
rr2206,20220218,20220218,135450000,13:54:50,3497,581,3517,20328790,0,0,0
rr2206,20220218,20220218,135450500,13:54:50,3497,581,3517,20328790,0,0,0
rr2206,20220218,20220218,135451000,13:54:51,3497,581,3517,20328790,0,0,0
rr2206,20220218,20220218,135451500,13:54:51,3497,581,3517,20328790,0,0,0
rr2206,20220218,20220218,135452000,13:54:52,3497,581,3517,20328790,0,0,0
rr2206,20220218,20220218,135452500,13:54:53,3497,581,3517,20328790,0,0,0
rr2206,20220218,20220218,135453000,13:54:53,3497,581,3517,20328790,0,0,0
rr2206,20220218,20220218,135453500,13:54:54,3497,581,3517,20328790,0,0,0
rr2206,20220218,20220218,135454000,13:54:54,3497,581,3517,20328790,0,0,0
rr2206,20220218,20220218,135454500,13:54:55,3497,581,3517,20328790,0,0,0
rr2206,20220218,20220218,135455000,13:54:55,3497,581,3517,20328790,0,0,0
rr2206,20220218,20220218,135455500,13:54:55,3497,581,3517,20328790,0,0,0
rr2206,20220218,20220218,135456000,13:54:56,3497,581,3517,20328790,0,0,0
rr2206,20220218,20220218,135456500,13:54:56,3497,581,3517,20328790,0,0,0
rr2206,20220218,20220218,135457000,13:54:57,3497,581,3517,20328790,0,0,0
rr2206,20220218,20220218,135457500,13:54:58,3497,581,3517,20328790,0,0,0
rr2206,20220218,20220218,135458000,13:54:58,3497,581,3517,20328790,0,0,0
rr2206,20220218,20220218,135458500,13:54:59,3497,581,3517,20328790,0,0,0
rr2206,20220218,20220218,135459000,13:54:59,3497,581,3517,20328790,0,0,0
rr2206,20220218,20220218,135459500,13:55:00,3497,581,3517,20328790,0,0,0
rr2206,20220218,20220218,135500000,13:55:00,3497,581,3517,20328790,0,0,0
rr2206,20220218,20220218,135500500,13:55:00,3497,581,3517,20328790,0,0,0
rr2206,20220218,20220218,135501000,13:55:01,3497,581,3517,20328790,0,0,0
rr2206,20220218,20220218,135501500,13:55:02,3497,581,3517,20328790,0,0,0
rr2206,20220218,20220218,135502000,13:55:03,3497,581,3517,20328790,0,0,0
rr2206,20220218,20220218,135502500,13:55:03,3497,581,3517,20328790,0,0,0
rr2206,20220218,20220218,135503000,13:55:03,3497,581,3517,20328790,0,0,0
rr2206,20220218,20220218,135503500,13:55:04,3497,581,3517,20328790,0,0,0
rr2206,20220218,20220218,135504000,13:55:04,3497,581,3517,20328790,0,0,0
rr2206,20220218,20220218,135504500,13:55:05,3497,581,3517,20328790,0,0,0
rr2206,20220218,20220218,135505000,13:55:06,3497,581,3517,20328790,0,0,0
rr2206,20220218,20220218,135505500,13:55:06,3497,581,3517,20328790,0,0,0
rr2206,20220218,20220218,135506000,13:55:06,3497,581,3517,20328790,0,0,0
rr2206,20220218,20220218,135506500,13:55:06,3497,581,3517,20328790,0,0,0
rr2206,20220218,20220218,135507000,13:55:11,3497,581,3517,20328790,0,0,0
rr2206,20220218,20220218,135507500,13:55:11,3497,581,3517,20328790,0,0,0
rr2206,20220218,20220218,135508000,13:55:12,3497,581,3517,20328790,0,0,0
rr2206,20220218,20220218,135511500,13:55:12,3497,581,3517,20328790,0,0,0
rr2206,20220218,20220218,135512000,13:55:12,3497,581,3517,20328790,0,0,0
rr2206,20220218,20220218,135512500,13:55:13,3497,581,3517,20328790,0,0,0
rr2206,20220218,20220218,135513000,13:55:13,3497,581,3517,20328790,0,0,0
rr2206,20220218,20220218,135513500,13:55:15,3497,581,3517,20328790,0,0,0
rr2206,20220218,20220218,135514000,13:55:15,3497,581,3517,20328790,0,0,0
rr2206,20220218,20220218,135514500,13:55:15,3497,581,3517,20328790,0,0,0
rr2206,20220218,20220218,135515000,13:55:15,3497,581,3517,20328790,0,0,0
rr2206,20220218,20220218,135515500,13:55:16,3497,581,3517,20328790,0,0,0
rr2206,20220218,20220218,135516000,13:55:16,3497,581,3517,20328790,0,0,0
rr2206,20220218,20220218,135516500,13:55:16,3497,581,3517,20328790,0,0,0
rr2206,20220218,20220218,135517000,13:55:21,3497,581,3517,20328790,0,0,0
rr2206,20220218,20220218,135517500,13:55:21,3497,581,3517,20328790,0,0,0
rr2206,20220218,20220218,135518000,13:55:24,3497,581,3517,20328790,0,0,0
rr2206,20220218,20220218,135520500,13:55:25,3497,581,3517,20328790,0,0,0
rr2206,20220218,20220218,135521000,13:55:25,3497,581,3517,20328790,0,0,0
rr2206,20220218,20220218,135524500,13:55:25,3497,581,3517,20328790,0,0,0
rr2206,20220218,20220218,135525000,13:55:26,3497,581,3517,20328790,0,0,0
rr2206,20220218,20220218,135525500,13:55:26,3497,581,3517,20328790,0,0,0
rr2206,20220218,20220218,135526000,13:55:27,3497,581,3517,20328790,0,0,0
rr2206,20220218,20220218,135526500,13:55:27,3497,581,3517,20328790,0,0,0
rr2206,20220218,20220218,135527000,13:55:28,3497,581,3517,20328790,0,0,0
rr2206,20220218,20220218,135527500,13:55:28,3497,581,3517,20328790,0,0,0
rr2206,20220218,20220218,135528000,13:55:28,3497,581,3517,20328790,0,0,0
rr2206,20220218,20220218,135528500,13:55:28,3497,581,3517,20328790,0,0,0
rr2206,20220218,20220218,135529000,13:55:29,3497,581,3517,20328790,0,0,0
rr2206,20220218,20220218,135529500,13:55:30,3497,581,3517,20328790,0,0,0
rr2206,20220218,20220218,135530000,13:55:30,3497,581,3517,20328790,0,0,0
rr2206,20220218,20220218,135530500,13:55:31,3497,581,3517,20328790,0,0,0
rr2206,20220218,20220218,135531000,13:55:31,3497,581,3517,20328790,0,0,0
rr2206,20220218,20220218,135531500,13:55:32,3497,581,3517,20328790,0,0,0
rr2206,20220218,20220218,135532000,13:55:32,3497,581,3517,20328790,0,0,0
rr2206,20220218,20220218,135532500,13:55:32,3497,581,3517,20328790,0,0,0
rr2206,20220218,20220218,135533000,13:55:33,3497,581,3517,20328790,0,0,0
rr2206,20220218,20220218,135533500,13:55:33,3497,581,3517,20328790,0,0,0
rr2206,20220218,20220218,135534000,13:55:34,3497,581,3517,20328790,0,0,0
rr2206,20220218,20220218,135534500,13:55:34,3497,581,3517,20328790,0,0,0
rr2206,20220218,20220218,135535000,13:55:35,3497,581,3517,20328790,0,0,0
rr2206,20220218,20220218,135535500,13:55:36,3497,581,3517,20328790,0,0,0
rr2206,20220218,20220218,135536000,13:55:36,3497,581,3517,20328790,0,0,0
rr2206,20220218,20220218,135536500,13:55:37,3497,581,3517,20328790,0,0,0
rr2206,20220218,20220218,135537000,13:55:37,3497,581,3517,20328790,0,0,0
rr2206,20220218,20220218,135537500,13:55:37,3497,581,3517,20328790,0,0,0
rr2206,20220218,20220218,135538000,13:55:38,3497,581,3517,20328790,0,0,0
rr2206,20220218,20220218,135538500,13:55:39,3497,581,3517,20328790,0,0,0
rr2206,20220218,20220218,135539000,13:55:39,3497,581,3517,20328790,0,0,0
rr2206,20220218,20220218,135539500,13:55:40,3497,581,3517,20328790,0,0,0
rr2206,20220218,20220218,135540000,13:55:40,3497,581,3517,20328790,0,0,0
rr2206,20220218,20220218,135540500,13:55:41,3497,581,3517,20328790,0,0,0
rr2206,20220218,20220218,135541000,13:55:41,3497,581,3517,20328790,0,0,0
rr2206,20220218,20220218,135541500,13:55:41,3497,581,3517,20328790,0,0,0
rr2206,20220218,20220218,135542000,13:55:42,3497,581,3517,20328790,0,0,0
rr2206,20220218,20220218,135542500,13:55:42,3497,581,3517,20328790,0,0,0
rr2206,20220218,20220218,135543000,13:55:45,3497,581,3517,20328790,0,0,0
rr2206,20220218,20220218,135543500,13:55:45,3497,581,3517,20328790,0,0,0
rr2206,20220218,20220218,135544000,13:55:45,3497,581,3517,20328790,0,0,0
rr2206,20220218,20220218,135544500,13:55:45,3497,581,3517,20328790,0,0,0
rr2206,20220218,20220218,135545000,13:55:45,3497,581,3517,20328790,0,0,0
rr2206,20220218,20220218,135545500,13:55:46,3497,581,3517,20328790,0,0,0
rr2206,20220218,20220218,135546000,13:55:46,3497,581,3517,20328790,0,0,0
rr2206,20220218,20220218,135546500,13:55:47,3497,581,3517,20328790,0,0,0
rr2206,20220218,20220218,135547000,13:55:47,3497,581,3517,20328790,0,0,0
rr2206,20220218,20220218,135547500,13:55:47,3497,581,3517,20328790,0,0,0
rr2206,20220218,20220218,135548000,13:55:48,3497,581,3517,20328790,0,0,0
rr2206,20220218,20220218,135548500,13:55:48,3497,581,3517,20328790,0,0,0
rr2206,20220218,20220218,135549000,13:55:50,3497,581,3517,20328790,0,0,0
rr2206,20220218,20220218,135549500,13:55:50,3497,581,3517,20328790,0,0,0
rr2206,20220218,20220218,135550000,13:55:50,3497,581,3517,20328790,0,0,0
rr2206,20220218,20220218,135550500,13:55:50,3497,581,3517,20328790,0,0,0
rr2206,20220218,20220218,135551000,13:55:52,3497,581,3517,20328790,0,0,0
rr2206,20220218,20220218,135551500,13:55:52,3497,581,3517,20328790,0,0,0
rr2206,20220218,20220218,135552000,13:55:52,3497,581,3517,20328790,0,0,0
rr2206,20220218,20220218,135552500,13:55:52,3497,581,3517,20328790,0,0,0
rr2206,20220218,20220218,135553000,13:55:53,3497,581,3517,20328790,0,0,0
rr2206,20220218,20220218,135553500,13:55:54,3497,581,3517,20328790,0,0,0
rr2206,20220218,20220218,135554000,13:55:54,3497,581,3517,20328790,0,0,0
rr2206,20220218,20220218,135554500,13:55:54,3497,581,3517,20328790,0,0,0
rr2206,20220218,20220218,135555000,13:55:55,3497,581,3517,20328790,0,0,0
rr2206,20220218,20220218,135555500,13:55:57,3497,581,3517,20328790,0,0,0
rr2206,20220218,20220218,135556000,13:55:57,3497,581,3517,20328790,0,0,0
rr2206,20220218,20220218,135556500,13:55:58,3497,581,3517,20328790,0,0,0
rr2206,20220218,20220218,135557000,13:55:58,3497,581,3517,20328790,0,0,0
rr2206,20220218,20220218,135557500,13:55:58,3497,581,3517,20328790,0,0,0
rr2206,20220218,20220218,135558000,13:55:58,3497,581,3517,20328790,0,0,0
rr2206,20220218,20220218,135558500,13:55:58,3497,581,3517,20328790,0,0,0
rr2206,20220218,20220218,135559000,13:55:59,3497,581,3517,20328790,0,0,0
rr2206,20220218,20220218,135559500,13:55:59,3497,581,3517,20328790,0,0,0
rr2206,20220218,20220218,135600000,13:56:02,3497,581,3517,20328790,0,0,0
rr2206,20220218,20220218,135600500,13:56:02,3497,581,3517,20328790,0,0,0
rr2206,20220218,20220218,135601000,13:56:03,3497,581,3517,20328790,0,0,0
rr2206,20220218,20220218,135601500,13:56:03,3497,581,3517,20328790,0,0,0
rr2206,20220218,20220218,135602000,13:56:19,3497,581,3517,20328790,0,0,0
rr2206,20220218,20220218,135602500,13:56:19,3497,581,3517,20328790,0,0,0
rr2206,20220218,20220218,135603000,13:56:19,3497,581,3517,20328790,0,0,0
rr2206,20220218,20220218,135618500,13:56:23,3497,581,3517,20328790,0,0,0
rr2206,20220218,20220218,135619000,13:56:23,3497,581,3517,20328790,0,0,0
rr2206,20220218,20220218,135623000,13:56:24,3497,581,3517,20328790,0,0,0
rr2206,20220218,20220218,135623500,13:56:24,3497,581,3517,20328790,0,0,0
rr2206,20220218,20220218,135624000,13:56:24,3497,581,3517,20328790,0,0,0
rr2206,20220218,20220218,135624500,13:56:24,3497,581,3517,20328790,0,0,0
rr2206,20220218,20220218,135625000,13:56:25,3497,581,3517,20328790,0,0,0
rr2206,20220218,20220218,135625500,13:56:33,3497,581,3517,20328790,0,0,0
rr2206,20220218,20220218,135626000,13:56:33,3497,581,3517,20328790,0,0,0
rr2206,20220218,20220218,135626500,13:56:34,3497,581,3517,20328790,0,0,0
rr2206,20220218,20220218,135627000,13:56:34,3497,581,3517,20328790,0,0,0
rr2206,20220218,20220218,135633500,13:56:35,3497,581,3517,20328790,0,0,0
rr2206,20220218,20220218,135634500,13:56:35,3497,581,3517,20328790,0,0,0
rr2206,20220218,20220218,135635000,13:56:35,3497,581,3517,20328790,0,0,0
rr2206,20220218,20220218,135635500,13:56:35,3497,581,3517,20328790,0,0,0
rr2206,20220218,20220218,135636000,13:56:36,3497,581,3517,20328790,0,0,0
rr2206,20220218,20220218,135636500,13:56:39,3497,581,3517,20328790,0,0,0
rr2206,20220218,20220218,135637000,13:56:39,3497,581,3517,20328790,0,0,0
rr2206,20220218,20220218,135637500,13:56:39,3497,581,3517,20328790,0,0,0
rr2206,20220218,20220218,135638000,13:56:39,3497,581,3517,20328790,0,0,0
rr2206,20220218,20220218,135639000,13:56:39,3497,581,3517,20328790,0,0,0
rr2206,20220218,20220218,135639500,13:56:39,3497,581,3517,20328790,0,0,0
rr2206,20220218,20220218,135640000,13:56:40,3497,581,3517,20328790,0,0,0
rr2206,20220218,20220218,135640500,13:56:41,3497,581,3517,20328790,0,0,0
rr2206,20220218,20220218,135641000,13:56:42,3497,581,3517,20328790,0,0,0
rr2206,20220218,20220218,135641500,13:56:42,3497,581,3517,20328790,0,0,0
rr2206,20220218,20220218,135642000,13:56:43,3497,581,3517,20328790,0,0,0
rr2206,20220218,20220218,135642500,13:56:43,3497,581,3517,20328790,0,0,0
rr2206,20220218,20220218,135643000,13:56:43,3497,581,3517,20328790,0,0,0
rr2206,20220218,20220218,135643500,13:56:44,3497,581,3517,20328790,0,0,0
rr2206,20220218,20220218,135644000,13:56:44,3497,581,3517,20328790,0,0,0
rr2206,20220218,20220218,135644500,13:56:45,3497,581,3517,20328790,0,0,0
rr2206,20220218,20220218,135645000,13:56:47,3497,581,3517,20328790,0,0,0
rr2206,20220218,20220218,135645500,13:56:47,3497,581,3517,20328790,0,0,0
rr2206,20220218,20220218,135646000,13:56:47,3497,581,3517,20328790,0,0,0
rr2206,20220218,20220218,135647000,13:56:48,3497,581,3517,20328790,0,0,0
rr2206,20220218,20220218,135647500,13:56:48,3497,581,3517,20328790,0,0,0
rr2206,20220218,20220218,135648000,13:56:50,3497,581,3517,20328790,0,0,0
rr2206,20220218,20220218,135648500,13:56:50,3497,581,3517,20328790,0,0,0
rr2206,20220218,20220218,135649000,13:56:50,3497,581,3517,20328790,0,0,0
rr2206,20220218,20220218,135649500,13:56:50,3497,581,3517,20328790,0,0,0
rr2206,20220218,20220218,135650000,13:56:51,3497,581,3517,20328790,0,0,0
rr2206,20220218,20220218,135650500,13:56:51,3497,581,3517,20328790,0,0,0
rr2206,20220218,20220218,135651000,13:56:51,3497,581,3517,20328790,0,0,0
rr2206,20220218,20220218,135651500,13:56:52,3497,581,3517,20328790,0,0,0
rr2206,20220218,20220218,135652000,13:56:52,3497,581,3517,20328790,0,0,0
rr2206,20220218,20220218,135652500,13:56:52,3497,581,3517,20328790,0,0,0
rr2206,20220218,20220218,135653000,13:56:53,3497,581,3517,20328790,0,0,0
rr2206,20220218,20220218,135653500,13:56:53,3497,581,3517,20328790,0,0,0
rr2206,20220218,20220218,135654000,13:56:54,3497,581,3517,20328790,0,0,0
rr2206,20220218,20220218,135654500,13:56:54,3497,581,3517,20328790,0,0,0
rr2206,20220218,20220218,135655000,13:56:55,3497,581,3517,20328790,0,0,0
rr2206,20220218,20220218,135655500,13:56:55,3497,581,3517,20328790,0,0,0
rr2206,20220218,20220218,135656000,13:56:56,3497,581,3517,20328790,0,0,0
rr2206,20220218,20220218,135656500,13:56:56,3497,581,3517,20328790,0,0,0
rr2206,20220218,20220218,135657000,13:56:57,3497,581,3517,20328790,0,0,0
rr2206,20220218,20220218,135657500,13:56:58,3497,581,3517,20328790,0,0,0
rr2206,20220218,20220218,135658000,13:56:58,3497,581,3517,20328790,0,0,0
rr2206,20220218,20220218,135658500,13:56:59,3497,581,3517,20328790,0,0,0
rr2206,20220218,20220218,135659000,13:57:00,3497,581,3517,20328790,0,0,0
rr2206,20220218,20220218,135659500,13:57:01,3497,581,3517,20328790,0,0,0
rr2206,20220218,20220218,135700000,13:57:01,3497,581,3517,20328790,0,0,0
rr2206,20220218,20220218,135700500,13:57:02,3497,581,3517,20328790,0,0,0
rr2206,20220218,20220218,135701000,13:57:02,3497,581,3517,20328790,0,0,0
rr2206,20220218,20220218,135701500,13:57:02,3497,581,3517,20328790,0,0,0
rr2206,20220218,20220218,135702000,13:57:02,3497,581,3517,20328790,0,0,0
rr2206,20220218,20220218,135702500,13:57:02,3497,581,3517,20328790,0,0,0
rr2206,20220218,20220218,135703000,13:57:03,3497,581,3517,20328790,0,0,0
rr2206,20220218,20220218,135703500,13:57:04,3497,581,3517,20328790,0,0,0
rr2206,20220218,20220218,135704000,13:57:04,3497,581,3517,20328790,0,0,0
rr2206,20220218,20220218,135704500,13:57:04,3497,581,3517,20328790,0,0,0
rr2206,20220218,20220218,135705000,13:57:05,3497,581,3517,20328790,0,0,0
rr2206,20220218,20220218,135705500,13:57:05,3497,581,3517,20328790,0,0,0
rr2206,20220218,20220218,135706000,13:57:06,3497,581,3517,20328790,0,0,0
rr2206,20220218,20220218,135706500,13:57:06,3497,581,3517,20328790,0,0,0
rr2206,20220218,20220218,135707000,13:57:07,3497,581,3517,20328790,0,0,0
rr2206,20220218,20220218,135707500,13:57:08,3497,581,3517,20328790,0,0,0
