rr2205,20220218,20220218,111947500,11:20:09,3470,2559,9824,88862170,2559,97,88862170
rr2205,20220218,20220218,112005500,11:20:10,3470,2559,9824,88862170,0,0,0
rr2205,20220218,20220218,112039500,11:20:40,3470,2559,9824,88862170,0,0,0
rr2205,20220218,20220218,112105000,11:21:05,3470,2604,9815,90423670,45,-9,1561500
rr2205,20220218,20220218,112105500,11:21:07,3470,2604,9815,90423670,0,0,0
rr2205,20220218,20220218,112106000,11:21:07,3470,2604,9815,90423670,0,0,0
rr2205,20220218,20220218,112110000,11:21:11,3470,2604,9815,90423670,0,0,0
rr2205,20220218,20220218,112110500,11:21:11,3470,2604,9815,90423670,0,0,0
rr2205,20220218,20220218,112111000,11:21:11,3470,2604,9815,90423670,0,0,0
rr2205,20220218,20220218,112120000,11:21:20,3469,2610,9813,90631810,6,-2,208140
rr2205,20220218,20220218,112120500,11:21:22,3469,2610,9813,90631810,0,0,0
rr2205,20220218,20220218,112332500,11:23:33,3469,2610,9813,90631810,0,0,0
rr2205,20220218,20220218,112333000,11:23:33,3469,2610,9813,90631810,0,0,0
rr2205,20220218,20220218,112333500,11:23:33,3469,2610,9813,90631810,0,0,0
rr2205,20220218,20220218,112334000,11:23:34,3469,2610,9813,90631810,0,0,0
rr2205,20220218,20220218,112334500,11:23:34,3469,2610,9813,90631810,0,0,0
rr2205,20220218,20220218,112335000,11:23:35,3469,2610,9813,90631810,0,0,0
rr2205,20220218,20220218,112335500,11:23:35,3469,2610,9813,90631810,0,0,0
rr2205,20220218,20220218,112336000,11:23:36,3469,2610,9813,90631810,0,0,0
rr2205,20220218,20220218,112336500,11:23:38,3469,2610,9813,90631810,0,0,0
rr2205,20220218,20220218,112337000,11:23:38,3469,2610,9813,90631810,0,0,0
rr2205,20220218,20220218,112337500,11:23:38,3469,2610,9813,90631810,0,0,0
rr2205,20220218,20220218,112338000,11:23:38,3469,2610,9813,90631810,0,0,0
rr2205,20220218,20220218,112338500,11:23:38,3469,2610,9813,90631810,0,0,0
rr2205,20220218,20220218,112339000,11:23:39,3469,2610,9813,90631810,0,0,0
rr2205,20220218,20220218,112339500,11:23:39,3469,2610,9813,90631810,0,0,0
rr2205,20220218,20220218,112340000,11:23:40,3469,2610,9813,90631810,0,0,0
rr2205,20220218,20220218,112340500,11:23:40,3469,2610,9813,90631810,0,0,0
rr2205,20220218,20220218,112341000,11:23:41,3469,2610,9813,90631810,0,0,0
rr2205,20220218,20220218,112346000,11:23:48,3469,2610,9813,90631810,0,0,0
rr2205,20220218,20220218,112408500,11:24:08,3469,2610,9813,90631810,0,0,0
rr2205,20220218,20220218,112410500,11:24:12,3469,2610,9813,90631810,0,0,0
rr2205,20220218,20220218,112419500,11:24:20,3469,2639,9809,91637770,29,-4,1005960
rr2205,20220218,20220218,112420000,11:24:20,3469,2639,9809,91637770,0,0,0
rr2205,20220218,20220218,112424500,11:24:24,3469,2639,9809,91637770,0,0,0
rr2205,20220218,20220218,112429000,11:24:29,3469,2639,9809,91637770,0,0,0
rr2205,20220218,20220218,112433000,11:24:33,3469,2639,9809,91637770,0,0,0
rr2205,20220218,20220218,112502000,11:25:05,3469,2639,9809,91637770,0,0,0
rr2205,20220218,20220218,112505500,11:25:06,3469,2640,9809,91672460,1,0,34690
rr2205,20220218,20220218,112514000,11:25:15,3469,2641,9809,91707150,1,0,34690
rr2205,20220218,20220218,112514500,11:25:15,3469,2642,9809,91741840,1,0,34690
rr2205,20220218,20220218,112515000,11:25:16,3469,2642,9809,91741840,0,0,0
rr2205,20220218,20220218,112515500,11:25:16,3469,2642,9809,91741840,0,0,0
rr2205,20220218,20220218,112516000,11:25:16,3469,2642,9809,91741840,0,0,0
rr2205,20220218,20220218,112520500,11:25:21,3469,2642,9809,91741840,0,0,0
rr2205,20220218,20220218,112542500,11:25:43,3468,2643,9809,91776520,1,0,34680
rr2205,20220218,20220218,112549000,11:25:49,3468,2644,9810,91811200,1,1,34680
rr2205,20220218,20220218,112553000,11:25:53,3468,2644,9810,91811200,0,0,0
rr2205,20220218,20220218,112553500,11:25:54,3469,2645,9810,91845890,1,0,34690
rr2205,20220218,20220218,112554000,11:25:54,3469,2645,9810,91845890,0,0,0
rr2205,20220218,20220218,112554500,11:25:55,3469,2645,9810,91845890,0,0,0
rr2205,20220218,20220218,112555000,11:25:55,3469,2645,9810,91845890,0,0,0
rr2205,20220218,20220218,112555500,11:25:56,3469,2645,9810,91845890,0,0,0
rr2205,20220218,20220218,112612000,11:26:14,3469,2645,9810,91845890,0,0,0
rr2205,20220218,20220218,112612500,11:26:14,3469,2646,9809,91880580,1,-1,34690
rr2205,20220218,20220218,112613000,11:26:15,3469,2646,9809,91880580,0,0,0
rr2205,20220218,20220218,112613500,11:26:15,3469,2646,9809,91880580,0,0,0
rr2205,20220218,20220218,112620000,11:26:20,3469,2647,9809,91915270,1,0,34690
rr2205,20220218,20220218,112620500,11:26:20,3469,2647,9809,91915270,0,0,0
rr2205,20220218,20220218,112621000,11:26:21,3469,2647,9809,91915270,0,0,0
rr2205,20220218,20220218,112652500,11:27:11,3468,2652,9810,92088670,5,1,173400
rr2205,20220218,20220218,112708000,11:27:12,3468,2652,9810,92088670,0,0,0
rr2205,20220218,20220218,112714000,11:27:15,3468,2652,9810,92088670,0,0,0
rr2205,20220218,20220218,112715500,11:27:16,3468,2652,9810,92088670,0,0,0
rr2205,20220218,20220218,112716000,11:27:17,3468,2652,9810,92088670,0,0,0
rr2205,20220218,20220218,112717000,11:27:17,3468,2652,9810,92088670,0,0,0
rr2205,20220218,20220218,112718000,11:27:18,3468,2652,9810,92088670,0,0,0
rr2205,20220218,20220218,112719500,11:27:20,3468,2652,9810,92088670,0,0,0
rr2205,20220218,20220218,112748000,11:27:53,3468,2652,9810,92088670,0,0,0
rr2205,20220218,20220218,112758500,11:27:59,3468,2652,9810,92088670,0,0,0
rr2205,20220218,20220218,112804000,11:28:04,3469,2655,9812,92192720,3,2,104050
rr2205,20220218,20220218,112805000,11:28:06,3469,2655,9812,92192720,0,0,0
rr2205,20220218,20220218,112813000,11:28:13,3469,2655,9812,92192720,0,0,0
rr2205,20220218,20220218,112823500,11:28:24,3469,2655,9812,92192720,0,0,0
rr2205,20220218,20220218,112827000,11:28:27,3469,2655,9812,92192720,0,0,0
rr2205,20220218,20220218,112827500,11:28:27,3469,2655,9812,92192720,0,0,0
rr2205,20220218,20220218,112828000,11:28:28,3468,2662,9812,92435480,7,0,242760
rr2205,20220218,20220218,112828500,11:28:28,3468,2677,9811,92955680,15,-1,520200
rr2205,20220218,20220218,112829000,11:28:29,3468,2677,9811,92955680,0,0,0
rr2205,20220218,20220218,112830000,11:28:30,3468,2677,9811,92955680,0,0,0
rr2205,20220218,20220218,112832000,11:28:33,3467,2680,9811,93059690,3,0,104010
rr2205,20220218,20220218,112832500,11:28:33,3467,2692,9809,93475750,12,-2,416060
rr2205,20220218,20220218,112833500,11:28:33,3467,2692,9809,93475750,0,0,0
rr2205,20220218,20220218,112834000,11:28:34,3467,2692,9809,93475750,0,0,0
rr2205,20220218,20220218,112834500,11:28:34,3467,2692,9809,93475750,0,0,0
rr2205,20220218,20220218,112835000,11:28:35,3467,2692,9809,93475750,0,0,0
rr2205,20220218,20220218,112835500,11:28:35,3467,2692,9809,93475750,0,0,0
rr2205,20220218,20220218,112836000,11:28:37,3467,2692,9809,93475750,0,0,0
rr2205,20220218,20220218,112836500,11:28:37,3467,2692,9809,93475750,0,0,0
rr2205,20220218,20220218,112838000,11:28:38,3467,2693,9810,93510420,1,1,34670
rr2205,20220218,20220218,112839500,11:28:40,3467,2695,9809,93579760,2,-1,69340
rr2205,20220218,20220218,112840000,11:28:40,3467,2695,9809,93579760,0,0,0
rr2205,20220218,20220218,112844500,11:28:44,3467,2696,9809,93614430,1,0,34670
rr2205,20220218,20220218,112846500,11:28:46,3467,2696,9809,93614430,0,0,0
rr2205,20220218,20220218,112851500,11:28:52,3467,2696,9809,93614430,0,0,0
rr2205,20220218,20220218,112900000,11:29:00,3467,2698,9809,93683770,2,0,69340
rr2205,20220218,20220218,112902000,11:29:02,3467,2698,9809,93683770,0,0,0
rr2205,20220218,20220218,112902500,11:29:03,3467,2698,9809,93683770,0,0,0
rr2205,20220218,20220218,112903000,11:29:03,3467,2698,9809,93683770,0,0,0
rr2205,20220218,20220218,112903500,11:29:04,3467,2698,9809,93683770,0,0,0
rr2205,20220218,20220218,112904000,11:29:04,3467,2698,9809,93683770,0,0,0
rr2205,20220218,20220218,112904500,11:29:04,3467,2698,9809,93683770,0,0,0
rr2205,20220218,20220218,112905000,11:29:05,3467,2698,9809,93683770,0,0,0
rr2205,20220218,20220218,112905500,11:29:06,3467,2698,9809,93683770,0,0,0
rr2205,20220218,20220218,112906000,11:29:06,3467,2698,9809,93683770,0,0,0
rr2205,20220218,20220218,112906500,11:29:06,3467,2698,9809,93683770,0,0,0
rr2205,20220218,20220218,112907000,11:29:07,3467,2698,9809,93683770,0,0,0
rr2205,20220218,20220218,112907500,11:29:08,3467,2698,9809,93683770,0,0,0
rr2205,20220218,20220218,112908000,11:29:08,3467,2698,9809,93683770,0,0,0
rr2205,20220218,20220218,112908500,11:29:08,3467,2698,9809,93683770,0,0,0
rr2205,20220218,20220218,112909000,11:29:09,3467,2698,9809,93683770,0,0,0
rr2205,20220218,20220218,112909500,11:29:09,3467,2698,9809,93683770,0,0,0
rr2205,20220218,20220218,112910000,11:29:10,3467,2698,9809,93683770,0,0,0
rr2205,20220218,20220218,112910500,11:29:10,3467,2698,9809,93683770,0,0,0
rr2205,20220218,20220218,112911000,11:29:11,3467,2698,9809,93683770,0,0,0
rr2205,20220218,20220218,112911500,11:29:12,3467,2698,9809,93683770,0,0,0
rr2205,20220218,20220218,112912000,11:29:12,3467,2698,9809,93683770,0,0,0
rr2205,20220218,20220218,112912500,11:29:12,3467,2698,9809,93683770,0,0,0
rr2205,20220218,20220218,112913000,11:29:13,3467,2698,9809,93683770,0,0,0
rr2205,20220218,20220218,112913500,11:29:14,3467,2698,9809,93683770,0,0,0
rr2205,20220218,20220218,112914000,11:29:14,3467,2698,9809,93683770,0,0,0
rr2205,20220218,20220218,112914500,11:29:15,3467,2698,9809,93683770,0,0,0
rr2205,20220218,20220218,112915000,11:29:15,3467,2698,9809,93683770,0,0,0
rr2205,20220218,20220218,112915500,11:29:16,3467,2698,9809,93683770,0,0,0
rr2205,20220218,20220218,112916000,11:29:16,3467,2698,9809,93683770,0,0,0
rr2205,20220218,20220218,112916500,11:29:20,3467,2698,9809,93683770,0,0,0
rr2205,20220218,20220218,112917000,11:29:20,3467,2698,9809,93683770,0,0,0
rr2205,20220218,20220218,112917500,11:29:21,3467,2698,9809,93683770,0,0,0
rr2205,20220218,20220218,112918000,11:29:21,3467,2698,9809,93683770,0,0,0
rr2205,20220218,20220218,112920500,11:29:22,3467,2698,9809,93683770,0,0,0
rr2205,20220218,20220218,112921000,11:29:22,3467,2698,9809,93683770,0,0,0
rr2205,20220218,20220218,112921500,11:29:24,3467,2698,9809,93683770,0,0,0
rr2205,20220218,20220218,112922000,11:29:24,3467,2698,9809,93683770,0,0,0
rr2205,20220218,20220218,112922500,11:29:24,3467,2698,9809,93683770,0,0,0
rr2205,20220218,20220218,112923000,11:29:24,3467,2698,9809,93683770,0,0,0
rr2205,20220218,20220218,112924000,11:29:24,3467,2699,9809,93718440,1,0,34670
rr2205,20220218,20220218,112939500,11:29:40,3467,2699,9809,93718440,0,0,0
rr2205,20220218,20220218,112940000,11:29:40,3467,2699,9809,93718440,0,0,0
rr2205,20220218,20220218,112940500,11:29:40,3467,2699,9809,93718440,0,0,0
rr2205,20220218,20220218,112941000,11:29:41,3467,2699,9809,93718440,0,0,0
rr2205,20220218,20220218,112941500,11:29:42,3467,2699,9809,93718440,0,0,0
rr2205,20220218,20220218,112942000,11:29:43,3467,2699,9809,93718440,0,0,0
rr2205,20220218,20220218,112942500,11:29:44,3467,2699,9809,93718440,0,0,0
rr2205,20220218,20220218,112943000,11:29:45,3467,2699,9809,93718440,0,0,0
rr2205,20220218,20220218,112943500,11:29:45,3467,2699,9809,93718440,0,0,0
rr2205,20220218,20220218,112944000,11:29:45,3467,2699,9809,93718440,0,0,0
rr2205,20220218,20220218,112944500,11:29:46,3467,2699,9809,93718440,0,0,0
rr2205,20220218,20220218,112945000,11:29:46,3467,2699,9809,93718440,0,0,0
rr2205,20220218,20220218,112945500,11:29:46,3467,2699,9809,93718440,0,0,0
rr2205,20220218,20220218,112946000,11:29:46,3467,2699,9809,93718440,0,0,0
rr2205,20220218,20220218,112946500,11:29:47,3467,2699,9809,93718440,0,0,0
rr2205,20220218,20220218,112947000,11:29:47,3467,2699,9809,93718440,0,0,0
rr2205,20220218,20220218,112947500,11:29:48,3467,2699,9809,93718440,0,0,0
rr2205,20220218,20220218,112948000,11:29:49,3467,2699,9809,93718440,0,0,0
rr2205,20220218,20220218,112948500,11:29:49,3467,2699,9809,93718440,0,0,0
rr2205,20220218,20220218,112949000,11:29:50,3467,2699,9809,93718440,0,0,0
rr2205,20220218,20220218,112949500,11:29:50,3467,2699,9809,93718440,0,0,0
rr2205,20220218,20220218,112950000,11:29:51,3467,2699,9809,93718440,0,0,0
rr2205,20220218,20220218,112950500,11:29:52,3467,2699,9809,93718440,0,0,0
rr2205,20220218,20220218,112959500,11:30:02,3467,2700,9809,93753110,1,0,34670
rr2205,20220218,20220218,113000500,11:30:03,3467,2700,9809,93753110,0,0,0
rr2205,20220218,20220218,133002000,13:30:08,3468,2701,9809,93787790,1,0,34680
rr2205,20220218,20220218,133002500,13:30:09,3467,2702,9808,93822460,1,-1,34670
rr2205,20220218,20220218,133008000,13:30:10,3467,2704,9807,93891800,2,-1,69340
rr2205,20220218,20220218,133010500,13:30:12,3467,2704,9807,93891800,0,0,0
rr2205,20220218,20220218,133013500,13:30:14,3467,2705,9807,93926470,1,0,34670
rr2205,20220218,20220218,133015000,13:30:18,3467,2705,9807,93926470,0,0,0
rr2205,20220218,20220218,133016000,13:30:18,3467,2705,9807,93926470,0,0,0
rr2205,20220218,20220218,133017500,13:30:19,3467,2710,9805,94099820,5,-2,173350
rr2205,20220218,20220218,133020500,13:30:21,3467,2710,9805,94099820,0,0,0
rr2205,20220218,20220218,133022000,13:30:38,3468,2711,9805,94134500,1,0,34680
rr2205,20220218,20220218,133036500,13:30:41,3469,2714,9806,94238550,3,1,104050
rr2205,20220218,20220218,133051500,13:30:52,3469,2714,9806,94238550,0,0,0
rr2205,20220218,20220218,133105500,13:31:08,3469,2714,9806,94238550,0,0,0
rr2205,20220218,20220218,133109500,13:31:10,3469,2714,9806,94238550,0,0,0
rr2205,20220218,20220218,133115500,13:31:16,3468,2718,9806,94377270,4,0,138720
rr2205,20220218,20220218,133116000,13:31:16,3468,2718,9806,94377270,0,0,0
rr2205,20220218,20220218,133119500,13:31:20,3468,2719,9806,94411950,1,0,34680
rr2205,20220218,20220218,133122000,13:31:23,3468,2719,9806,94411950,0,0,0
rr2205,20220218,20220218,133122500,13:31:23,3467,2720,9806,94446620,1,0,34670
rr2205,20220218,20220218,133123000,13:31:25,3467,2720,9806,94446620,0,0,0
rr2205,20220218,20220218,133200500,13:32:01,3467,2720,9806,94446620,0,0,0
rr2205,20220218,20220218,133225500,13:32:26,3467,2720,9806,94446620,0,0,0
rr2205,20220218,20220218,133309500,13:33:11,3467,2720,9806,94446620,0,0,0
rr2205,20220218,20220218,133314000,13:33:17,3467,2720,9806,94446620,0,0,0
rr2205,20220218,20220218,133314500,13:33:17,3467,2720,9806,94446620,0,0,0
rr2205,20220218,20220218,133317000,13:33:19,3467,2722,9806,94515970,2,0,69350
rr2205,20220218,20220218,133330500,13:33:31,3467,2724,9806,94585310,2,0,69340
rr2205,20220218,20220218,133335000,13:33:35,3467,2724,9806,94585310,0,0,0
rr2205,20220218,20220218,133335500,13:33:35,3467,2724,9806,94585310,0,0,0
rr2205,20220218,20220218,133336000,13:33:36,3467,2724,9806,94585310,0,0,0
rr2205,20220218,20220218,133343000,13:33:43,3467,2729,9808,94758660,5,2,173350
rr2205,20220218,20220218,133343500,13:33:44,3467,2729,9808,94758660,0,0,0
rr2205,20220218,20220218,133344000,13:33:45,3467,2729,9808,94758660,0,0,0
rr2205,20220218,20220218,133344500,13:33:45,3467,2729,9808,94758660,0,0,0
rr2205,20220218,20220218,133345000,13:33:45,3467,2730,9809,94793330,1,1,34670
rr2205,20220218,20220218,133345500,13:33:46,3467,2730,9809,94793330,0,0,0
rr2205,20220218,20220218,133346000,13:33:47,3467,2730,9809,94793330,0,0,0
rr2205,20220218,20220218,133346500,13:33:48,3467,2730,9809,94793330,0,0,0
rr2205,20220218,20220218,133347000,13:33:48,3467,2730,9809,94793330,0,0,0
rr2205,20220218,20220218,133347500,13:33:49,3467,2730,9809,94793330,0,0,0
rr2205,20220218,20220218,133348000,13:33:49,3467,2730,9809,94793330,0,0,0
rr2205,20220218,20220218,133348500,13:33:49,3467,2730,9809,94793330,0,0,0
rr2205,20220218,20220218,133349000,13:33:50,3467,2730,9809,94793330,0,0,0
rr2205,20220218,20220218,133349500,13:33:50,3467,2730,9809,94793330,0,0,0
rr2205,20220218,20220218,133350000,13:33:50,3467,2730,9809,94793330,0,0,0
rr2205,20220218,20220218,133350500,13:33:50,3467,2730,9809,94793330,0,0,0
rr2205,20220218,20220218,133351000,13:33:51,3467,2730,9809,94793330,0,0,0
rr2205,20220218,20220218,133351500,13:33:52,3467,2730,9809,94793330,0,0,0
rr2205,20220218,20220218,133352000,13:33:52,3467,2730,9809,94793330,0,0,0
rr2205,20220218,20220218,133352500,13:33:52,3467,2730,9809,94793330,0,0,0
rr2205,20220218,20220218,133353000,13:33:53,3467,2730,9809,94793330,0,0,0
rr2205,20220218,20220218,133353500,13:33:53,3466,2732,9809,94862650,2,0,69320
rr2205,20220218,20220218,133354000,13:33:54,3466,2732,9809,94862650,0,0,0
rr2205,20220218,20220218,133354500,13:33:55,3466,2732,9809,94862650,0,0,0
rr2205,20220218,20220218,133355000,13:33:56,3466,2732,9809,94862650,0,0,0
rr2205,20220218,20220218,133355500,13:33:56,3466,2732,9809,94862650,0,0,0
rr2205,20220218,20220218,133356000,13:33:56,3466,2732,9809,94862650,0,0,0
rr2205,20220218,20220218,133356500,13:33:57,3466,2732,9809,94862650,0,0,0
rr2205,20220218,20220218,133357000,13:33:58,3466,2732,9809,94862650,0,0,0
rr2205,20220218,20220218,133357500,13:33:58,3466,2732,9809,94862650,0,0,0
rr2205,20220218,20220218,133358000,13:33:58,3466,2732,9809,94862650,0,0,0
rr2205,20220218,20220218,133358500,13:33:58,3466,2732,9809,94862650,0,0,0
rr2205,20220218,20220218,133359000,13:33:59,3466,2732,9809,94862650,0,0,0
rr2205,20220218,20220218,133359500,13:33:59,3466,2732,9809,94862650,0,0,0
rr2205,20220218,20220218,133400000,13:34:00,3466,2732,9809,94862650,0,0,0
rr2205,20220218,20220218,133400500,13:34:00,3466,2732,9809,94862650,0,0,0
rr2205,20220218,20220218,133401000,13:34:01,3466,2732,9809,94862650,0,0,0
rr2205,20220218,20220218,133401500,13:34:02,3466,2732,9809,94862650,0,0,0
rr2205,20220218,20220218,133402000,13:34:04,3466,2732,9809,94862650,0,0,0
rr2205,20220218,20220218,133402500,13:34:10,3466,2732,9809,94862650,0,0,0
rr2205,20220218,20220218,133403000,13:34:10,3466,2732,9809,94862650,0,0,0
rr2205,20220218,20220218,133403500,13:34:11,3466,2732,9809,94862650,0,0,0
rr2205,20220218,20220218,133410000,13:34:12,3466,2732,9809,94862650,0,0,0
rr2205,20220218,20220218,133410500,13:34:12,3466,2732,9809,94862650,0,0,0
rr2205,20220218,20220218,133411500,13:34:12,3466,2732,9809,94862650,0,0,0
rr2205,20220218,20220218,133412000,13:34:13,3466,2732,9809,94862650,0,0,0
rr2205,20220218,20220218,133412500,13:34:13,3466,2732,9809,94862650,0,0,0
rr2205,20220218,20220218,133413000,13:34:13,3466,2732,9809,94862650,0,0,0
rr2205,20220218,20220218,133413500,13:34:14,3466,2732,9809,94862650,0,0,0
rr2205,20220218,20220218,133414000,13:34:14,3466,2732,9809,94862650,0,0,0
rr2205,20220218,20220218,133414500,13:34:15,3466,2732,9809,94862650,0,0,0
rr2205,20220218,20220218,133415500,13:34:16,3466,2732,9809,94862650,0,0,0
rr2205,20220218,20220218,133418000,13:34:18,3466,2732,9809,94862650,0,0,0
rr2205,20220218,20220218,133418500,13:34:19,3466,2732,9809,94862650,0,0,0
rr2205,20220218,20220218,133421500,13:34:23,3468,2735,9808,94966670,3,-1,104020
rr2205,20220218,20220218,133423500,13:34:24,3468,2735,9808,94966670,0,0,0
rr2205,20220218,20220218,133425000,13:34:25,3468,2735,9808,94966670,0,0,0
rr2205,20220218,20220218,133427000,13:34:27,3468,2735,9808,94966670,0,0,0
rr2205,20220218,20220218,133437000,13:34:37,3468,2735,9808,94966670,0,0,0
rr2205,20220218,20220218,133438500,13:34:38,3468,2735,9808,94966670,0,0,0
rr2205,20220218,20220218,133443000,13:34:45,3468,2735,9808,94966670,0,0,0
rr2205,20220218,20220218,133447000,13:34:47,3468,2735,9808,94966670,0,0,0
rr2205,20220218,20220218,133457000,13:34:57,3468,2735,9808,94966670,0,0,0
rr2205,20220218,20220218,133557500,13:35:59,3468,2735,9808,94966670,0,0,0
rr2205,20220218,20220218,133618000,13:36:19,3467,2736,9808,95001340,1,0,34670
rr2205,20220218,20220218,133619000,13:36:19,3467,2737,9808,95036010,1,0,34670
rr2205,20220218,20220218,133627500,13:36:28,3467,2737,9808,95036010,0,0,0
rr2205,20220218,20220218,133635500,13:36:36,3467,2742,9808,95209360,5,0,173350
rr2205,20220218,20220218,133636500,13:36:36,3467,2742,9808,95209360,0,0,0
rr2205,20220218,20220218,133637000,13:36:38,3467,2742,9808,95209360,0,0,0
rr2205,20220218,20220218,133637500,13:36:38,3467,2742,9808,95209360,0,0,0
rr2205,20220218,20220218,133638000,13:36:38,3467,2742,9808,95209360,0,0,0
rr2205,20220218,20220218,133651000,13:36:51,3467,2742,9808,95209360,0,0,0
rr2205,20220218,20220218,133732500,13:37:33,3467,2742,9808,95209360,0,0,0
rr2205,20220218,20220218,133740000,13:37:40,3468,2743,9807,95244040,1,-1,34680
rr2205,20220218,20220218,133756500,13:37:57,3467,2744,9807,95278710,1,0,34670
rr2205,20220218,20220218,133804500,13:38:07,3467,2744,9807,95278710,0,0,0
rr2205,20220218,20220218,133806500,13:38:09,3468,2745,9807,95313390,1,0,34680
rr2205,20220218,20220218,133809500,13:38:10,3468,2745,9807,95313390,0,0,0
rr2205,20220218,20220218,133819500,13:38:19,3468,2747,9807,95382750,2,0,69360
rr2205,20220218,20220218,133820000,13:38:20,3468,2756,9805,95694870,9,-2,312120
rr2205,20220218,20220218,133820500,13:38:22,3468,2756,9805,95694870,0,0,0
rr2205,20220218,20220218,133821000,13:38:22,3468,2756,9805,95694870,0,0,0
rr2205,20220218,20220218,133821500,13:38:23,3468,2756,9805,95694870,0,0,0
rr2205,20220218,20220218,133822000,13:38:23,3468,2756,9805,95694870,0,0,0
rr2205,20220218,20220218,133822500,13:38:23,3468,2756,9805,95694870,0,0,0
rr2205,20220218,20220218,133823000,13:38:24,3468,2756,9805,95694870,0,0,0
rr2205,20220218,20220218,133823500,13:38:24,3468,2756,9805,95694870,0,0,0
rr2205,20220218,20220218,133824000,13:38:24,3468,2756,9805,95694870,0,0,0
rr2205,20220218,20220218,133824500,13:38:41,3468,2756,9805,95694870,0,0,0
rr2205,20220218,20220218,133825000,13:38:41,3468,2756,9805,95694870,0,0,0
rr2205,20220218,20220218,133825500,13:38:41,3468,2756,9805,95694870,0,0,0
rr2205,20220218,20220218,133839500,13:38:43,3468,2756,9805,95694870,0,0,0
rr2205,20220218,20220218,133945500,13:39:46,3468,2756,9805,95694870,0,0,0
rr2205,20220218,20220218,134007500,13:40:13,3468,2756,9805,95694870,0,0,0
rr2205,20220218,20220218,134015000,13:40:16,3468,2756,9805,95694870,0,0,0
rr2205,20220218,20220218,134018000,13:40:19,3468,2756,9805,95694870,0,0,0
rr2205,20220218,20220218,134024000,13:40:24,3468,2756,9805,95694870,0,0,0
rr2205,20220218,20220218,134026500,13:40:27,3467,2761,9804,95868240,5,-1,173370
rr2205,20220218,20220218,134027000,13:40:27,3467,2761,9804,95868240,0,0,0
rr2205,20220218,20220218,134036500,13:40:36,3467,2762,9805,95902910,1,1,34670
rr2205,20220218,20220218,134105000,13:41:06,3467,2763,9805,95937580,1,0,34670
rr2205,20220218,20220218,134110000,13:41:10,3467,2763,9805,95937580,0,0,0
rr2205,20220218,20220218,134111500,13:41:11,3467,2763,9805,95937580,0,0,0
rr2205,20220218,20220218,134114000,13:41:14,3467,2764,9806,95972250,1,1,34670
rr2205,20220218,20220218,134114500,13:41:16,3469,2766,9806,96041630,2,0,69380
rr2205,20220218,20220218,134117500,13:41:18,3469,2766,9806,96041630,0,0,0
rr2205,20220218,20220218,134118000,13:41:19,3469,2766,9806,96041630,0,0,0
rr2205,20220218,20220218,134123000,13:41:24,3468,2767,9806,96076310,1,0,34680
rr2205,20220218,20220218,134128000,13:41:28,3468,2769,9806,96145670,2,0,69360
rr2205,20220218,20220218,134131500,13:41:32,3468,2769,9806,96145670,0,0,0
rr2205,20220218,20220218,134132000,13:41:33,3468,2769,9806,96145670,0,0,0
rr2205,20220218,20220218,134139000,13:41:42,3468,2769,9806,96145670,0,0,0
rr2205,20220218,20220218,134210000,13:42:12,3468,2770,9806,96180350,1,0,34680
rr2205,20220218,20220218,134256500,13:42:57,3468,2770,9806,96180350,0,0,0
rr2205,20220218,20220218,134315500,13:43:15,3468,2770,9806,96180350,0,0,0
rr2205,20220218,20220218,134344500,13:44:04,3468,2771,9806,96215030,1,0,34680
rr2205,20220218,20220218,134404000,13:44:04,3468,2771,9806,96215030,0,0,0
rr2205,20220218,20220218,134404500,13:44:05,3468,2771,9806,96215030,0,0,0
rr2205,20220218,20220218,134414000,13:44:18,3468,2772,9806,96249710,1,0,34680
rr2205,20220218,20220218,134434000,13:44:37,3468,2772,9806,96249710,0,0,0
rr2205,20220218,20220218,134454500,13:44:55,3468,2772,9806,96249710,0,0,0
rr2205,20220218,20220218,134456500,13:44:56,3468,2772,9806,96249710,0,0,0
rr2205,20220218,20220218,134517000,13:45:19,3467,2774,9806,96319050,2,0,69340
rr2205,20220218,20220218,134526500,13:45:29,3468,2785,9795,96700530,11,-11,381480
rr2205,20220218,20220218,134527000,13:45:30,3468,2785,9795,96700530,0,0,0
rr2205,20220218,20220218,134527500,13:45:30,3468,2785,9795,96700530,0,0,0
rr2205,20220218,20220218,134528000,13:45:30,3468,2785,9795,96700530,0,0,0
rr2205,20220218,20220218,134600000,13:46:01,3468,2785,9795,96700530,0,0,0
rr2205,20220218,20220218,134600500,13:46:01,3468,2785,9795,96700530,0,0,0
rr2205,20220218,20220218,134610500,13:46:11,3467,2790,9800,96873890,5,5,173360
rr2205,20220218,20220218,134611000,13:46:11,3469,2791,9800,96908580,1,0,34690
rr2205,20220218,20220218,134611500,13:46:11,3469,2791,9800,96908580,0,0,0
rr2205,20220218,20220218,134613500,13:46:14,3469,2791,9800,96908580,0,0,0
rr2205,20220218,20220218,134634000,13:46:34,3469,2791,9800,96908580,0,0,0
rr2205,20220218,20220218,134634500,13:46:35,3469,2791,9800,96908580,0,0,0
rr2205,20220218,20220218,134635500,13:46:36,3469,2791,9800,96908580,0,0,0
rr2205,20220218,20220218,134648000,13:46:48,3469,2791,9800,96908580,0,0,0
rr2205,20220218,20220218,134648500,13:46:48,3469,2791,9800,96908580,0,0,0
rr2205,20220218,20220218,134712500,13:47:17,3469,2792,9800,96943270,1,0,34690
rr2205,20220218,20220218,134724500,13:47:27,3469,2793,9800,96977960,1,0,34690
rr2205,20220218,20220218,134818500,13:48:20,3469,2793,9800,96977960,0,0,0
rr2205,20220218,20220218,134829500,13:48:30,3469,2795,9799,97047340,2,-1,69380
rr2205,20220218,20220218,134830000,13:48:30,3469,2795,9799,97047340,0,0,0
rr2205,20220218,20220218,134831500,13:48:32,3470,2797,9799,97116740,2,0,69400
rr2205,20220218,20220218,134832000,13:48:32,3470,2797,9799,97116740,0,0,0
rr2205,20220218,20220218,134847000,13:48:47,3470,2797,9799,97116740,0,0,0
rr2205,20220218,20220218,134854500,13:48:56,3470,2798,9798,97151440,1,-1,34700
rr2205,20220218,20220218,134858000,13:48:58,3470,2798,9798,97151440,0,0,0
rr2205,20220218,20220218,134906000,13:49:06,3470,2798,9798,97151440,0,0,0
rr2205,20220218,20220218,134906500,13:49:06,3470,2798,9798,97151440,0,0,0
rr2205,20220218,20220218,134918500,13:49:19,3469,2799,9798,97186130,1,0,34690
rr2205,20220218,20220218,134919000,13:49:19,3469,2799,9798,97186130,0,0,0
rr2205,20220218,20220218,134919500,13:49:20,3469,2799,9798,97186130,0,0,0
rr2205,20220218,20220218,134920000,13:49:20,3469,2799,9798,97186130,0,0,0
rr2205,20220218,20220218,134920500,13:49:20,3469,2799,9798,97186130,0,0,0
rr2205,20220218,20220218,134921000,13:49:21,3469,2799,9798,97186130,0,0,0
rr2205,20220218,20220218,134921500,13:49:21,3469,2799,9798,97186130,0,0,0
rr2205,20220218,20220218,134925000,13:49:25,3469,2799,9798,97186130,0,0,0
rr2205,20220218,20220218,134933500,13:49:34,3469,2799,9798,97186130,0,0,0
rr2205,20220218,20220218,134941500,13:49:42,3469,2799,9798,97186130,0,0,0
rr2205,20220218,20220218,134942500,13:49:42,3470,2800,9798,97220830,1,0,34700
rr2205,20220218,20220218,134954000,13:49:55,3470,2800,9798,97220830,0,0,0
rr2205,20220218,20220218,135001000,13:50:01,3470,2800,9798,97220830,0,0,0
rr2205,20220218,20220218,135025500,13:50:27,3470,2800,9798,97220830,0,0,0
rr2205,20220218,20220218,135026000,13:50:29,3470,2800,9798,97220830,0,0,0
rr2205,20220218,20220218,135026500,13:50:30,3470,2800,9798,97220830,0,0,0
rr2205,20220218,20220218,135027000,13:50:35,3470,2800,9798,97220830,0,0,0
rr2205,20220218,20220218,135029500,13:50:37,3470,2800,9798,97220830,0,0,0
rr2205,20220218,20220218,135035000,13:50:37,3470,2800,9798,97220830,0,0,0
rr2205,20220218,20220218,135035500,13:50:37,3470,2800,9798,97220830,0,0,0
rr2205,20220218,20220218,135037000,13:50:38,3470,2800,9798,97220830,0,0,0
rr2205,20220218,20220218,135037500,13:50:38,3470,2800,9798,97220830,0,0,0
rr2205,20220218,20220218,135038000,13:50:39,3470,2800,9798,97220830,0,0,0
rr2205,20220218,20220218,135038500,13:50:39,3470,2800,9798,97220830,0,0,0
rr2205,20220218,20220218,135039000,13:50:39,3470,2800,9798,97220830,0,0,0
rr2205,20220218,20220218,135039500,13:50:39,3470,2800,9798,97220830,0,0,0
rr2205,20220218,20220218,135040000,13:50:40,3470,2800,9798,97220830,0,0,0
rr2205,20220218,20220218,135040500,13:50:41,3470,2800,9798,97220830,0,0,0
rr2205,20220218,20220218,135041000,13:50:41,3470,2800,9798,97220830,0,0,0
rr2205,20220218,20220218,135041500,13:50:42,3470,2800,9798,97220830,0,0,0
rr2205,20220218,20220218,135042000,13:50:43,3470,2800,9798,97220830,0,0,0
rr2205,20220218,20220218,135042500,13:50:43,3470,2800,9798,97220830,0,0,0
rr2205,20220218,20220218,135043000,13:50:43,3470,2800,9798,97220830,0,0,0
rr2205,20220218,20220218,135043500,13:50:44,3470,2800,9798,97220830,0,0,0
rr2205,20220218,20220218,135044000,13:50:45,3470,2800,9798,97220830,0,0,0
rr2205,20220218,20220218,135044500,13:50:45,3470,2800,9798,97220830,0,0,0
rr2205,20220218,20220218,135045000,13:50:45,3470,2800,9798,97220830,0,0,0
rr2205,20220218,20220218,135045500,13:50:46,3470,2800,9798,97220830,0,0,0
rr2205,20220218,20220218,135046000,13:50:47,3470,2800,9798,97220830,0,0,0
rr2205,20220218,20220218,135046500,13:50:47,3470,2800,9798,97220830,0,0,0
rr2205,20220218,20220218,135047000,13:50:47,3470,2800,9798,97220830,0,0,0
rr2205,20220218,20220218,135047500,13:50:48,3470,2800,9798,97220830,0,0,0
rr2205,20220218,20220218,135048000,13:50:48,3470,2800,9798,97220830,0,0,0
rr2205,20220218,20220218,135048500,13:50:48,3470,2800,9798,97220830,0,0,0
rr2205,20220218,20220218,135049000,13:50:49,3470,2800,9798,97220830,0,0,0
rr2205,20220218,20220218,135049500,13:50:50,3470,2800,9798,97220830,0,0,0
rr2205,20220218,20220218,135050000,13:50:50,3469,2804,9797,97359590,4,-1,138760
rr2205,20220218,20220218,135050500,13:50:51,3469,2804,9797,97359590,0,0,0
rr2205,20220218,20220218,135051000,13:50:51,3469,2804,9797,97359590,0,0,0
rr2205,20220218,20220218,135058500,13:50:59,3470,2805,9797,97394290,1,0,34700
rr2205,20220218,20220218,135120500,13:51:21,3470,2805,9797,97394290,0,0,0
rr2205,20220218,20220218,135121000,13:51:21,3470,2805,9797,97394290,0,0,0
rr2205,20220218,20220218,135121500,13:51:21,3470,2805,9797,97394290,0,0,0
rr2205,20220218,20220218,135122000,13:51:22,3470,2805,9797,97394290,0,0,0
rr2205,20220218,20220218,135122500,13:51:23,3470,2805,9797,97394290,0,0,0
rr2205,20220218,20220218,135123000,13:51:23,3470,2805,9797,97394290,0,0,0
rr2205,20220218,20220218,135123500,13:51:23,3470,2805,9797,97394290,0,0,0
rr2205,20220218,20220218,135124000,13:51:24,3470,2805,9797,97394290,0,0,0
rr2205,20220218,20220218,135124500,13:51:24,3470,2805,9797,97394290,0,0,0
rr2205,20220218,20220218,135125000,13:51:25,3470,2805,9797,97394290,0,0,0
rr2205,20220218,20220218,135125500,13:51:26,3470,2805,9797,97394290,0,0,0
rr2205,20220218,20220218,135126000,13:51:27,3470,2805,9797,97394290,0,0,0
rr2205,20220218,20220218,135126500,13:51:27,3470,2805,9797,97394290,0,0,0
rr2205,20220218,20220218,135127000,13:51:27,3469,2806,9797,97428980,1,0,34690
rr2205,20220218,20220218,135127500,13:51:27,3469,2806,9797,97428980,0,0,0
rr2205,20220218,20220218,135128000,13:51:28,3469,2806,9797,97428980,0,0,0
rr2205,20220218,20220218,135128500,13:51:29,3469,2806,9797,97428980,0,0,0
rr2205,20220218,20220218,135129000,13:51:29,3469,2806,9797,97428980,0,0,0
rr2205,20220218,20220218,135129500,13:51:30,3469,2806,9797,97428980,0,0,0
rr2205,20220218,20220218,135130000,13:51:30,3469,2806,9797,97428980,0,0,0
rr2205,20220218,20220218,135130500,13:51:31,3469,2806,9797,97428980,0,0,0
rr2205,20220218,20220218,135131500,13:51:31,3469,2806,9797,97428980,0,0,0
rr2205,20220218,20220218,135132000,13:51:32,3469,2806,9797,97428980,0,0,0
rr2205,20220218,20220218,135132500,13:51:33,3469,2807,9797,97463670,1,0,34690
rr2205,20220218,20220218,135134000,13:51:34,3469,2807,9797,97463670,0,0,0
rr2205,20220218,20220218,135135500,13:51:35,3469,2807,9797,97463670,0,0,0
rr2205,20220218,20220218,135137500,13:51:38,3469,2807,9797,97463670,0,0,0
rr2205,20220218,20220218,135141000,13:51:41,3469,2807,9797,97463670,0,0,0
rr2205,20220218,20220218,135143000,13:51:43,3469,2807,9797,97463670,0,0,0
rr2205,20220218,20220218,135146000,13:51:46,3469,2807,9797,97463670,0,0,0
rr2205,20220218,20220218,135147500,13:51:48,3469,2807,9797,97463670,0,0,0
rr2205,20220218,20220218,135149500,13:51:50,3469,2807,9797,97463670,0,0,0
rr2205,20220218,20220218,135150000,13:51:50,3469,2807,9797,97463670,0,0,0
rr2205,20220218,20220218,135152000,13:51:52,3469,2807,9797,97463670,0,0,0
rr2205,20220218,20220218,135152500,13:51:52,3469,2807,9797,97463670,0,0,0
rr2205,20220218,20220218,135154000,13:51:54,3469,2807,9797,97463670,0,0,0
rr2205,20220218,20220218,135156000,13:51:56,3469,2807,9797,97463670,0,0,0
rr2205,20220218,20220218,135158000,13:51:58,3469,2807,9797,97463670,0,0,0
rr2205,20220218,20220218,135159500,13:51:59,3469,2807,9797,97463670,0,0,0
rr2205,20220218,20220218,135201000,13:52:01,3469,2807,9797,97463670,0,0,0
rr2205,20220218,20220218,135201500,13:52:03,3469,2807,9797,97463670,0,0,0
rr2205,20220218,20220218,135202000,13:52:03,3469,2807,9797,97463670,0,0,0
rr2205,20220218,20220218,135202500,13:52:03,3469,2807,9797,97463670,0,0,0
rr2205,20220218,20220218,135203000,13:52:04,3469,2807,9797,97463670,0,0,0
rr2205,20220218,20220218,135203500,13:52:04,3469,2807,9797,97463670,0,0,0
rr2205,20220218,20220218,135204000,13:52:05,3469,2807,9797,97463670,0,0,0
rr2205,20220218,20220218,135204500,13:52:05,3469,2807,9797,97463670,0,0,0
rr2205,20220218,20220218,135205000,13:52:05,3469,2807,9797,97463670,0,0,0
rr2205,20220218,20220218,135205500,13:52:06,3469,2807,9797,97463670,0,0,0
rr2205,20220218,20220218,135206000,13:52:06,3469,2807,9797,97463670,0,0,0
rr2205,20220218,20220218,135206500,13:52:08,3469,2808,9798,97498360,1,1,34690
rr2205,20220218,20220218,135207000,13:52:09,3469,2808,9798,97498360,0,0,0
rr2205,20220218,20220218,135207500,13:52:10,3469,2808,9798,97498360,0,0,0
rr2205,20220218,20220218,135209000,13:52:11,3469,2808,9798,97498360,0,0,0
rr2205,20220218,20220218,135209500,13:52:11,3469,2808,9798,97498360,0,0,0
rr2205,20220218,20220218,135210000,13:52:11,3469,2808,9798,97498360,0,0,0
rr2205,20220218,20220218,135210500,13:52:12,3469,2808,9798,97498360,0,0,0
rr2205,20220218,20220218,135211000,13:52:12,3469,2808,9798,97498360,0,0,0
rr2205,20220218,20220218,135211500,13:52:12,3469,2808,9798,97498360,0,0,0
rr2205,20220218,20220218,135212000,13:52:12,3469,2808,9798,97498360,0,0,0
rr2205,20220218,20220218,135212500,13:52:13,3469,2808,9798,97498360,0,0,0
rr2205,20220218,20220218,135213000,13:52:13,3469,2808,9798,97498360,0,0,0
rr2205,20220218,20220218,135213500,13:52:13,3469,2808,9798,97498360,0,0,0
rr2205,20220218,20220218,135214000,13:52:14,3469,2808,9798,97498360,0,0,0
rr2205,20220218,20220218,135214500,13:52:15,3469,2808,9798,97498360,0,0,0
rr2205,20220218,20220218,135215000,13:52:15,3469,2808,9798,97498360,0,0,0
rr2205,20220218,20220218,135215500,13:52:15,3469,2808,9798,97498360,0,0,0
rr2205,20220218,20220218,135216000,13:52:16,3469,2808,9798,97498360,0,0,0
rr2205,20220218,20220218,135216500,13:52:17,3469,2808,9798,97498360,0,0,0
rr2205,20220218,20220218,135217000,13:52:17,3469,2808,9798,97498360,0,0,0
rr2205,20220218,20220218,135217500,13:52:19,3469,2808,9798,97498360,0,0,0
rr2205,20220218,20220218,135218000,13:52:19,3469,2808,9798,97498360,0,0,0
rr2205,20220218,20220218,135218500,13:52:19,3469,2808,9798,97498360,0,0,0
rr2205,20220218,20220218,135219000,13:52:23,3469,2808,9798,97498360,0,0,0
rr2205,20220218,20220218,135219500,13:52:24,3469,2808,9798,97498360,0,0,0
rr2205,20220218,20220218,135220000,13:52:24,3469,2808,9798,97498360,0,0,0
rr2205,20220218,20220218,135220500,13:52:24,3469,2808,9798,97498360,0,0,0
rr2205,20220218,20220218,135221000,13:52:24,3469,2808,9798,97498360,0,0,0
rr2205,20220218,20220218,135223500,13:52:24,3469,2808,9798,97498360,0,0,0
rr2205,20220218,20220218,135224000,13:52:24,3469,2808,9798,97498360,0,0,0
rr2205,20220218,20220218,135224500,13:52:24,3469,2808,9798,97498360,0,0,0
rr2205,20220218,20220218,135225000,13:52:25,3469,2808,9798,97498360,0,0,0
rr2205,20220218,20220218,135225500,13:52:25,3469,2808,9798,97498360,0,0,0
rr2205,20220218,20220218,135226000,13:52:26,3469,2808,9798,97498360,0,0,0
rr2205,20220218,20220218,135226500,13:52:27,3469,2808,9798,97498360,0,0,0
rr2205,20220218,20220218,135227000,13:52:27,3469,2808,9798,97498360,0,0,0
rr2205,20220218,20220218,135227500,13:52:27,3469,2808,9798,97498360,0,0,0
rr2205,20220218,20220218,135228000,13:52:28,3469,2808,9798,97498360,0,0,0
rr2205,20220218,20220218,135228500,13:52:28,3468,2809,9798,97533040,1,0,34680
rr2205,20220218,20220218,135229000,13:52:29,3468,2809,9798,97533040,0,0,0
rr2205,20220218,20220218,135229500,13:52:31,3468,2809,9798,97533040,0,0,0
rr2205,20220218,20220218,135230000,13:52:31,3468,2809,9798,97533040,0,0,0
rr2205,20220218,20220218,135230500,13:52:32,3468,2809,9798,97533040,0,0,0
rr2205,20220218,20220218,135231000,13:52:32,3468,2809,9798,97533040,0,0,0
rr2205,20220218,20220218,135231500,13:52:32,3468,2809,9798,97533040,0,0,0
rr2205,20220218,20220218,135232000,13:52:32,3468,2809,9798,97533040,0,0,0
rr2205,20220218,20220218,135232500,13:52:33,3468,2809,9798,97533040,0,0,0
rr2205,20220218,20220218,135233000,13:52:33,3468,2809,9798,97533040,0,0,0
rr2205,20220218,20220218,135233500,13:52:33,3468,2809,9798,97533040,0,0,0
rr2205,20220218,20220218,135234000,13:52:34,3468,2809,9798,97533040,0,0,0
rr2205,20220218,20220218,135234500,13:52:35,3468,2809,9798,97533040,0,0,0
rr2205,20220218,20220218,135235000,13:52:36,3468,2809,9798,97533040,0,0,0
rr2205,20220218,20220218,135235500,13:52:36,3468,2809,9798,97533040,0,0,0
rr2205,20220218,20220218,135236000,13:52:37,3468,2809,9798,97533040,0,0,0
rr2205,20220218,20220218,135236500,13:52:44,3468,2809,9798,97533040,0,0,0
rr2205,20220218,20220218,135237000,13:52:44,3468,2809,9798,97533040,0,0,0
rr2205,20220218,20220218,135237500,13:52:44,3468,2809,9798,97533040,0,0,0
rr2205,20220218,20220218,135238000,13:52:45,3468,2809,9798,97533040,0,0,0
rr2205,20220218,20220218,135238500,13:52:45,3468,2809,9798,97533040,0,0,0
rr2205,20220218,20220218,135244000,13:52:45,3468,2809,9798,97533040,0,0,0
rr2205,20220218,20220218,135244500,13:52:46,3468,2809,9798,97533040,0,0,0
rr2205,20220218,20220218,135245000,13:52:47,3468,2809,9798,97533040,0,0,0
rr2205,20220218,20220218,135245500,13:52:48,3468,2809,9798,97533040,0,0,0
rr2205,20220218,20220218,135246000,13:52:48,3468,2809,9798,97533040,0,0,0
rr2205,20220218,20220218,135246500,13:52:48,3468,2809,9798,97533040,0,0,0
rr2205,20220218,20220218,135247000,13:52:48,3468,2809,9798,97533040,0,0,0
rr2205,20220218,20220218,135247500,13:52:48,3468,2809,9798,97533040,0,0,0
rr2205,20220218,20220218,135248000,13:52:48,3468,2809,9798,97533040,0,0,0
rr2205,20220218,20220218,135248500,13:52:49,3468,2809,9798,97533040,0,0,0
rr2205,20220218,20220218,135249000,13:52:49,3468,2809,9798,97533040,0,0,0
rr2205,20220218,20220218,135249500,13:52:50,3468,2809,9798,97533040,0,0,0
rr2205,20220218,20220218,135250000,13:52:50,3468,2809,9798,97533040,0,0,0
rr2205,20220218,20220218,135250500,13:52:51,3468,2809,9798,97533040,0,0,0
rr2205,20220218,20220218,135251000,13:52:51,3468,2809,9798,97533040,0,0,0
rr2205,20220218,20220218,135251500,13:52:51,3468,2809,9798,97533040,0,0,0
rr2205,20220218,20220218,135252000,13:52:52,3468,2809,9798,97533040,0,0,0
rr2205,20220218,20220218,135252500,13:52:53,3468,2809,9798,97533040,0,0,0
rr2205,20220218,20220218,135253000,13:52:53,3468,2809,9798,97533040,0,0,0
rr2205,20220218,20220218,135253500,13:52:54,3468,2809,9798,97533040,0,0,0
rr2205,20220218,20220218,135254000,13:52:54,3468,2809,9798,97533040,0,0,0
rr2205,20220218,20220218,135254500,13:52:54,3468,2809,9798,97533040,0,0,0
rr2205,20220218,20220218,135255000,13:52:55,3468,2809,9798,97533040,0,0,0
rr2205,20220218,20220218,135255500,13:52:55,3468,2809,9798,97533040,0,0,0
rr2205,20220218,20220218,135256000,13:52:56,3468,2809,9798,97533040,0,0,0
rr2205,20220218,20220218,135256500,13:52:57,3468,2809,9798,97533040,0,0,0
rr2205,20220218,20220218,135257000,13:52:57,3468,2809,9798,97533040,0,0,0
rr2205,20220218,20220218,135257500,13:52:57,3468,2809,9798,97533040,0,0,0
rr2205,20220218,20220218,135258000,13:52:58,3468,2809,9798,97533040,0,0,0
rr2205,20220218,20220218,135258500,13:52:59,3468,2809,9798,97533040,0,0,0
rr2205,20220218,20220218,135259000,13:52:59,3468,2809,9798,97533040,0,0,0
rr2205,20220218,20220218,135259500,13:53:00,3468,2809,9798,97533040,0,0,0
rr2205,20220218,20220218,135300000,13:53:00,3468,2809,9798,97533040,0,0,0
rr2205,20220218,20220218,135300500,13:53:01,3468,2809,9798,97533040,0,0,0
rr2205,20220218,20220218,135301000,13:53:01,3468,2809,9798,97533040,0,0,0
rr2205,20220218,20220218,135301500,13:53:02,3468,2809,9798,97533040,0,0,0
rr2205,20220218,20220218,135302000,13:53:02,3468,2809,9798,97533040,0,0,0
rr2205,20220218,20220218,135302500,13:53:03,3468,2809,9798,97533040,0,0,0
rr2205,20220218,20220218,135303000,13:53:04,3468,2809,9798,97533040,0,0,0
rr2205,20220218,20220218,135303500,13:53:04,3468,2809,9798,97533040,0,0,0
rr2205,20220218,20220218,135304000,13:53:05,3468,2809,9798,97533040,0,0,0
rr2205,20220218,20220218,135304500,13:53:06,3469,2810,9797,97567730,1,-1,34690
rr2205,20220218,20220218,135305000,13:53:07,3469,2810,9797,97567730,0,0,0
rr2205,20220218,20220218,135305500,13:53:08,3469,2810,9797,97567730,0,0,0
rr2205,20220218,20220218,135306000,13:53:09,3469,2810,9797,97567730,0,0,0
rr2205,20220218,20220218,135306500,13:53:09,3469,2810,9797,97567730,0,0,0
rr2205,20220218,20220218,135307000,13:53:09,3469,2810,9797,97567730,0,0,0
rr2205,20220218,20220218,135308500,13:53:09,3469,2810,9797,97567730,0,0,0
rr2205,20220218,20220218,135309000,13:53:09,3469,2810,9797,97567730,0,0,0
rr2205,20220218,20220218,135309500,13:53:09,3469,2810,9797,97567730,0,0,0
rr2205,20220218,20220218,135310000,13:53:10,3469,2810,9797,97567730,0,0,0
rr2205,20220218,20220218,135310500,13:53:11,3469,2810,9797,97567730,0,0,0
rr2205,20220218,20220218,135311000,13:53:11,3469,2810,9797,97567730,0,0,0
rr2205,20220218,20220218,135311500,13:53:12,3469,2810,9797,97567730,0,0,0
rr2205,20220218,20220218,135312000,13:53:12,3469,2810,9797,97567730,0,0,0
rr2205,20220218,20220218,135312500,13:53:13,3469,2810,9797,97567730,0,0,0
rr2205,20220218,20220218,135313000,13:53:13,3469,2810,9797,97567730,0,0,0
rr2205,20220218,20220218,135313500,13:53:13,3469,2810,9797,97567730,0,0,0
rr2205,20220218,20220218,135314000,13:53:14,3469,2810,9797,97567730,0,0,0
rr2205,20220218,20220218,135314500,13:53:15,3469,2812,9797,97637110,2,0,69380
rr2205,20220218,20220218,135315000,13:53:15,3469,2812,9797,97637110,0,0,0
rr2205,20220218,20220218,135315500,13:53:15,3469,2812,9797,97637110,0,0,0
rr2205,20220218,20220218,135316000,13:53:16,3469,2812,9797,97637110,0,0,0
rr2205,20220218,20220218,135316500,13:53:20,3469,2812,9797,97637110,0,0,0
rr2205,20220218,20220218,135317000,13:53:20,3469,2812,9797,97637110,0,0,0
rr2205,20220218,20220218,135317500,13:53:20,3469,2812,9797,97637110,0,0,0
rr2205,20220218,20220218,135319500,13:53:20,3469,2812,9797,97637110,0,0,0
rr2205,20220218,20220218,135320000,13:53:20,3469,2812,9797,97637110,0,0,0
rr2205,20220218,20220218,135320500,13:53:21,3469,2812,9797,97637110,0,0,0
rr2205,20220218,20220218,135321000,13:53:21,3469,2812,9797,97637110,0,0,0
rr2205,20220218,20220218,135321500,13:53:22,3469,2812,9797,97637110,0,0,0
rr2205,20220218,20220218,135322000,13:53:22,3469,2812,9797,97637110,0,0,0
rr2205,20220218,20220218,135322500,13:53:23,3469,2812,9797,97637110,0,0,0
rr2205,20220218,20220218,135323000,13:53:23,3469,2812,9797,97637110,0,0,0
rr2205,20220218,20220218,135323500,13:53:23,3469,2812,9797,97637110,0,0,0
rr2205,20220218,20220218,135324000,13:53:24,3469,2812,9797,97637110,0,0,0
rr2205,20220218,20220218,135324500,13:53:26,3469,2812,9797,97637110,0,0,0
rr2205,20220218,20220218,135325000,13:53:26,3469,2812,9797,97637110,0,0,0
rr2205,20220218,20220218,135325500,13:53:26,3469,2812,9797,97637110,0,0,0
rr2205,20220218,20220218,135326000,13:53:26,3469,2812,9797,97637110,0,0,0
rr2205,20220218,20220218,135326500,13:53:26,3469,2812,9797,97637110,0,0,0
rr2205,20220218,20220218,135327000,13:53:27,3469,2812,9797,97637110,0,0,0
rr2205,20220218,20220218,135327500,13:53:28,3469,2812,9797,97637110,0,0,0
rr2205,20220218,20220218,135328000,13:53:28,3469,2812,9797,97637110,0,0,0
rr2205,20220218,20220218,135328500,13:53:29,3469,2812,9797,97637110,0,0,0
rr2205,20220218,20220218,135329500,13:53:29,3469,2812,9797,97637110,0,0,0
rr2205,20220218,20220218,135330000,13:53:30,3469,2812,9797,97637110,0,0,0
rr2205,20220218,20220218,135330500,13:53:31,3469,2812,9797,97637110,0,0,0
rr2205,20220218,20220218,135331000,13:53:31,3469,2812,9797,97637110,0,0,0
rr2205,20220218,20220218,135331500,13:53:32,3469,2812,9797,97637110,0,0,0
rr2205,20220218,20220218,135332000,13:53:32,3469,2812,9797,97637110,0,0,0
rr2205,20220218,20220218,135332500,13:53:33,3469,2812,9797,97637110,0,0,0
rr2205,20220218,20220218,135333000,13:53:33,3469,2812,9797,97637110,0,0,0
rr2205,20220218,20220218,135333500,13:53:33,3469,2812,9797,97637110,0,0,0
rr2205,20220218,20220218,135334000,13:53:34,3469,2812,9797,97637110,0,0,0
rr2205,20220218,20220218,135334500,13:53:35,3469,2812,9797,97637110,0,0,0
rr2205,20220218,20220218,135335000,13:53:35,3469,2812,9797,97637110,0,0,0
rr2205,20220218,20220218,135335500,13:53:36,3469,2812,9797,97637110,0,0,0
rr2205,20220218,20220218,135336000,13:53:44,3469,2812,9797,97637110,0,0,0
rr2205,20220218,20220218,135336500,13:53:44,3469,2812,9797,97637110,0,0,0
rr2205,20220218,20220218,135337000,13:53:45,3469,2812,9797,97637110,0,0,0
rr2205,20220218,20220218,135344000,13:53:45,3469,2812,9797,97637110,0,0,0
rr2205,20220218,20220218,135344500,13:53:45,3469,2812,9797,97637110,0,0,0
rr2205,20220218,20220218,135345000,13:53:46,3469,2812,9797,97637110,0,0,0
rr2205,20220218,20220218,135345500,13:53:46,3469,2812,9797,97637110,0,0,0
rr2205,20220218,20220218,135346000,13:53:47,3469,2812,9797,97637110,0,0,0
rr2205,20220218,20220218,135346500,13:53:47,3469,2812,9797,97637110,0,0,0
rr2205,20220218,20220218,135347000,13:53:47,3469,2812,9797,97637110,0,0,0
rr2205,20220218,20220218,135347500,13:53:47,3469,2812,9797,97637110,0,0,0
rr2205,20220218,20220218,135348000,13:53:48,3469,2812,9797,97637110,0,0,0
rr2205,20220218,20220218,135348500,13:53:48,3469,2812,9797,97637110,0,0,0
rr2205,20220218,20220218,135349000,13:53:49,3469,2812,9797,97637110,0,0,0
rr2205,20220218,20220218,135349500,13:53:50,3469,2812,9797,97637110,0,0,0
rr2205,20220218,20220218,135350000,13:53:50,3469,2812,9797,97637110,0,0,0
rr2205,20220218,20220218,135350500,13:53:52,3469,2812,9797,97637110,0,0,0
rr2205,20220218,20220218,135351000,13:53:53,3469,2812,9797,97637110,0,0,0
rr2205,20220218,20220218,135351500,13:53:53,3469,2812,9797,97637110,0,0,0
rr2205,20220218,20220218,135352000,13:53:53,3469,2812,9797,97637110,0,0,0
rr2205,20220218,20220218,135352500,13:53:53,3469,2812,9797,97637110,0,0,0
rr2205,20220218,20220218,135353000,13:53:53,3469,2812,9797,97637110,0,0,0
rr2205,20220218,20220218,135353500,13:53:53,3469,2812,9797,97637110,0,0,0
rr2205,20220218,20220218,135354000,13:53:55,3469,2812,9797,97637110,0,0,0
rr2205,20220218,20220218,135354500,13:53:55,3469,2812,9797,97637110,0,0,0
rr2205,20220218,20220218,135355000,13:53:55,3469,2812,9797,97637110,0,0,0
rr2205,20220218,20220218,135355500,13:53:56,3469,2812,9797,97637110,0,0,0
rr2205,20220218,20220218,135356000,13:53:56,3469,2812,9797,97637110,0,0,0
rr2205,20220218,20220218,135356500,13:53:57,3469,2812,9797,97637110,0,0,0
rr2205,20220218,20220218,135357000,13:53:57,3469,2812,9797,97637110,0,0,0
rr2205,20220218,20220218,135357500,13:53:58,3469,2812,9797,97637110,0,0,0
rr2205,20220218,20220218,135358000,13:53:59,3469,2812,9797,97637110,0,0,0
rr2205,20220218,20220218,135358500,13:53:59,3469,2812,9797,97637110,0,0,0
rr2205,20220218,20220218,135359000,13:54:00,3469,2812,9797,97637110,0,0,0
rr2205,20220218,20220218,135359500,13:54:08,3469,2812,9797,97637110,0,0,0
rr2205,20220218,20220218,135400000,13:54:08,3469,2812,9797,97637110,0,0,0
rr2205,20220218,20220218,135400500,13:54:08,3469,2812,9797,97637110,0,0,0
rr2205,20220218,20220218,135407500,13:54:09,3469,2812,9797,97637110,0,0,0
rr2205,20220218,20220218,135408000,13:54:09,3469,2812,9797,97637110,0,0,0
rr2205,20220218,20220218,135408500,13:54:09,3469,2812,9797,97637110,0,0,0
rr2205,20220218,20220218,135409000,13:54:09,3469,2812,9797,97637110,0,0,0
rr2205,20220218,20220218,135409500,13:54:10,3469,2812,9797,97637110,0,0,0
rr2205,20220218,20220218,135410000,13:54:10,3469,2812,9797,97637110,0,0,0
rr2205,20220218,20220218,135410500,13:54:11,3469,2812,9797,97637110,0,0,0
rr2205,20220218,20220218,135411000,13:54:11,3469,2812,9797,97637110,0,0,0
rr2205,20220218,20220218,135411500,13:54:12,3469,2812,9797,97637110,0,0,0
rr2205,20220218,20220218,135412000,13:54:12,3469,2812,9797,97637110,0,0,0
rr2205,20220218,20220218,135412500,13:54:13,3469,2812,9797,97637110,0,0,0
rr2205,20220218,20220218,135413000,13:54:13,3469,2812,9797,97637110,0,0,0
rr2205,20220218,20220218,135413500,13:54:14,3469,2812,9797,97637110,0,0,0
rr2205,20220218,20220218,135414000,13:54:14,3469,2812,9797,97637110,0,0,0
rr2205,20220218,20220218,135414500,13:54:14,3469,2812,9797,97637110,0,0,0
rr2205,20220218,20220218,135415000,13:54:15,3469,2812,9797,97637110,0,0,0
rr2205,20220218,20220218,135415500,13:54:15,3469,2812,9797,97637110,0,0,0
rr2205,20220218,20220218,135416000,13:54:16,3469,2812,9797,97637110,0,0,0
rr2205,20220218,20220218,135416500,13:54:16,3469,2812,9797,97637110,0,0,0
rr2205,20220218,20220218,135417000,13:54:17,3469,2812,9797,97637110,0,0,0
rr2205,20220218,20220218,135417500,13:54:18,3469,2812,9797,97637110,0,0,0
rr2205,20220218,20220218,135418000,13:54:18,3469,2812,9797,97637110,0,0,0
rr2205,20220218,20220218,135418500,13:54:18,3469,2812,9797,97637110,0,0,0
rr2205,20220218,20220218,135419000,13:54:19,3469,2812,9797,97637110,0,0,0
rr2205,20220218,20220218,135419500,13:54:19,3469,2812,9797,97637110,0,0,0
rr2205,20220218,20220218,135420000,13:54:20,3469,2812,9797,97637110,0,0,0
rr2205,20220218,20220218,135420500,13:54:21,3469,2812,9797,97637110,0,0,0
rr2205,20220218,20220218,135421000,13:54:21,3469,2812,9797,97637110,0,0,0
rr2205,20220218,20220218,135421500,13:54:21,3469,2812,9797,97637110,0,0,0
rr2205,20220218,20220218,135422000,13:54:22,3469,2812,9797,97637110,0,0,0
rr2205,20220218,20220218,135422500,13:54:22,3469,2812,9797,97637110,0,0,0
rr2205,20220218,20220218,135423000,13:54:23,3469,2812,9797,97637110,0,0,0
rr2205,20220218,20220218,135423500,13:54:23,3469,2812,9797,97637110,0,0,0
rr2205,20220218,20220218,135424000,13:54:24,3469,2812,9797,97637110,0,0,0
rr2205,20220218,20220218,135424500,13:54:25,3469,2812,9797,97637110,0,0,0
rr2205,20220218,20220218,135425000,13:54:25,3469,2812,9797,97637110,0,0,0
rr2205,20220218,20220218,135425500,13:54:26,3469,2812,9797,97637110,0,0,0
rr2205,20220218,20220218,135426000,13:54:26,3469,2812,9797,97637110,0,0,0
rr2205,20220218,20220218,135426500,13:54:27,3469,2812,9797,97637110,0,0,0
rr2205,20220218,20220218,135427000,13:54:28,3469,2812,9797,97637110,0,0,0
rr2205,20220218,20220218,135427500,13:54:28,3469,2812,9797,97637110,0,0,0
rr2205,20220218,20220218,135428000,13:54:30,3469,2812,9797,97637110,0,0,0
rr2205,20220218,20220218,135428500,13:54:30,3469,2812,9797,97637110,0,0,0
rr2205,20220218,20220218,135429000,13:54:31,3469,2812,9797,97637110,0,0,0
rr2205,20220218,20220218,135430000,13:54:31,3469,2812,9797,97637110,0,0,0
rr2205,20220218,20220218,135430500,13:54:31,3469,2812,9797,97637110,0,0,0
rr2205,20220218,20220218,135431000,13:54:32,3469,2812,9797,97637110,0,0,0
rr2205,20220218,20220218,135431500,13:54:32,3469,2812,9797,97637110,0,0,0
rr2205,20220218,20220218,135432000,13:54:32,3469,2812,9797,97637110,0,0,0
rr2205,20220218,20220218,135432500,13:54:33,3469,2812,9797,97637110,0,0,0
rr2205,20220218,20220218,135433000,13:54:33,3469,2812,9797,97637110,0,0,0
rr2205,20220218,20220218,135433500,13:54:34,3469,2812,9797,97637110,0,0,0
rr2205,20220218,20220218,135434000,13:54:34,3469,2812,9797,97637110,0,0,0
rr2205,20220218,20220218,135434500,13:54:34,3469,2812,9797,97637110,0,0,0
rr2205,20220218,20220218,135435000,13:54:35,3469,2812,9797,97637110,0,0,0
rr2205,20220218,20220218,135435500,13:54:35,3469,2812,9797,97637110,0,0,0
rr2205,20220218,20220218,135436000,13:54:36,3469,2812,9797,97637110,0,0,0
rr2205,20220218,20220218,135436500,13:54:36,3469,2812,9797,97637110,0,0,0
rr2205,20220218,20220218,135437000,13:54:37,3469,2812,9797,97637110,0,0,0
rr2205,20220218,20220218,135437500,13:54:37,3469,2812,9797,97637110,0,0,0
rr2205,20220218,20220218,135438000,13:54:38,3469,2812,9797,97637110,0,0,0
rr2205,20220218,20220218,135438500,13:54:39,3469,2812,9797,97637110,0,0,0
rr2205,20220218,20220218,135439000,13:54:39,3469,2812,9797,97637110,0,0,0
rr2205,20220218,20220218,135439500,13:54:40,3469,2812,9797,97637110,0,0,0
rr2205,20220218,20220218,135440000,13:54:40,3469,2812,9797,97637110,0,0,0
rr2205,20220218,20220218,135440500,13:54:41,3469,2812,9797,97637110,0,0,0
rr2205,20220218,20220218,135441000,13:54:41,3469,2812,9797,97637110,0,0,0
rr2205,20220218,20220218,135441500,13:54:42,3469,2812,9797,97637110,0,0,0
rr2205,20220218,20220218,135442000,13:54:42,3469,2812,9797,97637110,0,0,0
rr2205,20220218,20220218,135442500,13:54:43,3468,2818,9799,97845210,6,2,208100
rr2205,20220218,20220218,135443000,13:54:44,3468,2818,9799,97845210,0,0,0
rr2205,20220218,20220218,135443500,13:54:44,3468,2818,9799,97845210,0,0,0
rr2205,20220218,20220218,135444000,13:54:44,3468,2818,9799,97845210,0,0,0
rr2205,20220218,20220218,135444500,13:54:45,3468,2818,9799,97845210,0,0,0
rr2205,20220218,20220218,135445000,13:54:45,3468,2818,9799,97845210,0,0,0
rr2205,20220218,20220218,135445500,13:54:45,3468,2818,9799,97845210,0,0,0
rr2205,20220218,20220218,135446000,13:54:46,3468,2818,9799,97845210,0,0,0
rr2205,20220218,20220218,135446500,13:54:47,3468,2818,9799,97845210,0,0,0
rr2205,20220218,20220218,135447000,13:54:47,3470,2819,9799,97879910,1,0,34700
rr2205,20220218,20220218,135447500,13:54:47,3470,2819,9799,97879910,0,0,0
rr2205,20220218,20220218,135501000,13:55:01,3470,2819,9799,97879910,0,0,0
rr2205,20220218,20220218,135501500,13:55:02,3470,2819,9799,97879910,0,0,0
rr2205,20220218,20220218,135502000,13:55:03,3470,2819,9799,97879910,0,0,0
rr2205,20220218,20220218,135502500,13:55:03,3470,2819,9799,97879910,0,0,0
rr2205,20220218,20220218,135503000,13:55:03,3470,2819,9799,97879910,0,0,0
rr2205,20220218,20220218,135503500,13:55:04,3470,2819,9799,97879910,0,0,0
rr2205,20220218,20220218,135504000,13:55:04,3470,2819,9799,97879910,0,0,0
rr2205,20220218,20220218,135504500,13:55:05,3470,2819,9799,97879910,0,0,0
rr2205,20220218,20220218,135505000,13:55:05,3470,2819,9799,97879910,0,0,0
rr2205,20220218,20220218,135505500,13:55:06,3470,2819,9799,97879910,0,0,0
rr2205,20220218,20220218,135506000,13:55:06,3470,2819,9799,97879910,0,0,0
rr2205,20220218,20220218,135506500,13:55:06,3469,2820,9798,97914600,1,-1,34690
rr2205,20220218,20220218,135507000,13:55:11,3469,2820,9798,97914600,0,0,0
rr2205,20220218,20220218,135507500,13:55:11,3469,2820,9798,97914600,0,0,0
rr2205,20220218,20220218,135508000,13:55:12,3469,2820,9798,97914600,0,0,0
rr2205,20220218,20220218,135511500,13:55:12,3469,2820,9798,97914600,0,0,0
rr2205,20220218,20220218,135512000,13:55:12,3469,2820,9798,97914600,0,0,0
rr2205,20220218,20220218,135512500,13:55:13,3469,2820,9798,97914600,0,0,0
rr2205,20220218,20220218,135513000,13:55:13,3469,2820,9798,97914600,0,0,0
rr2205,20220218,20220218,135513500,13:55:15,3469,2820,9798,97914600,0,0,0
rr2205,20220218,20220218,135514000,13:55:15,3469,2820,9798,97914600,0,0,0
rr2205,20220218,20220218,135514500,13:55:15,3469,2820,9798,97914600,0,0,0
rr2205,20220218,20220218,135515000,13:55:15,3469,2820,9798,97914600,0,0,0
rr2205,20220218,20220218,135515500,13:55:16,3469,2820,9798,97914600,0,0,0
rr2205,20220218,20220218,135516000,13:55:16,3469,2820,9798,97914600,0,0,0
rr2205,20220218,20220218,135516500,13:55:16,3469,2820,9798,97914600,0,0,0
rr2205,20220218,20220218,135517000,13:55:21,3469,2820,9798,97914600,0,0,0
rr2205,20220218,20220218,135517500,13:55:21,3469,2820,9798,97914600,0,0,0
rr2205,20220218,20220218,135518000,13:55:24,3469,2820,9798,97914600,0,0,0
rr2205,20220218,20220218,135518500,13:55:25,3469,2820,9798,97914600,0,0,0
rr2205,20220218,20220218,135520500,13:55:25,3469,2820,9798,97914600,0,0,0
rr2205,20220218,20220218,135521000,13:55:25,3469,2820,9798,97914600,0,0,0
rr2205,20220218,20220218,135523000,13:55:25,3469,2820,9798,97914600,0,0,0
rr2205,20220218,20220218,135525500,13:55:26,3469,2820,9798,97914600,0,0,0
rr2205,20220218,20220218,135526500,13:55:27,3469,2820,9798,97914600,0,0,0
rr2205,20220218,20220218,135537500,13:55:37,3468,2827,9795,98157420,7,-3,242820
rr2205,20220218,20220218,135538000,13:55:38,3468,2827,9795,98157420,0,0,0
rr2205,20220218,20220218,135539500,13:55:40,3468,2827,9795,98157420,0,0,0
rr2205,20220218,20220218,135554000,13:55:54,3468,2827,9795,98157420,0,0,0
rr2205,20220218,20220218,135554500,13:55:54,3469,2828,9794,98192110,1,-1,34690
rr2205,20220218,20220218,135555000,13:55:55,3469,2828,9794,98192110,0,0,0
rr2205,20220218,20220218,135555500,13:55:57,3469,2828,9794,98192110,0,0,0
rr2205,20220218,20220218,135556000,13:55:57,3469,2828,9794,98192110,0,0,0
rr2205,20220218,20220218,135556500,13:55:58,3469,2828,9794,98192110,0,0,0
rr2205,20220218,20220218,135557000,13:55:58,3469,2828,9794,98192110,0,0,0
rr2205,20220218,20220218,135557500,13:55:58,3469,2828,9794,98192110,0,0,0
rr2205,20220218,20220218,135558000,13:55:58,3469,2828,9794,98192110,0,0,0
rr2205,20220218,20220218,135558500,13:55:58,3469,2828,9794,98192110,0,0,0
rr2205,20220218,20220218,135559000,13:55:59,3469,2828,9794,98192110,0,0,0
rr2205,20220218,20220218,135559500,13:55:59,3469,2828,9794,98192110,0,0,0
rr2205,20220218,20220218,135600000,13:56:02,3469,2828,9794,98192110,0,0,0
rr2205,20220218,20220218,135600500,13:56:02,3469,2828,9794,98192110,0,0,0
rr2205,20220218,20220218,135601000,13:56:03,3469,2828,9794,98192110,0,0,0
rr2205,20220218,20220218,135601500,13:56:03,3469,2828,9794,98192110,0,0,0
rr2205,20220218,20220218,135602000,13:56:19,3469,2828,9794,98192110,0,0,0
rr2205,20220218,20220218,135602500,13:56:19,3469,2828,9794,98192110,0,0,0
rr2205,20220218,20220218,135603000,13:56:19,3469,2828,9794,98192110,0,0,0
rr2205,20220218,20220218,135604000,13:56:23,3469,2828,9794,98192110,0,0,0
rr2205,20220218,20220218,135618500,13:56:23,3469,2828,9794,98192110,0,0,0
rr2205,20220218,20220218,135619000,13:56:23,3469,2828,9794,98192110,0,0,0
rr2205,20220218,20220218,135623000,13:56:24,3469,2828,9794,98192110,0,0,0
rr2205,20220218,20220218,135623500,13:56:24,3469,2828,9794,98192110,0,0,0
rr2205,20220218,20220218,135624000,13:56:24,3469,2828,9794,98192110,0,0,0
rr2205,20220218,20220218,135624500,13:56:24,3469,2828,9794,98192110,0,0,0
rr2205,20220218,20220218,135625000,13:56:25,3469,2828,9794,98192110,0,0,0
rr2205,20220218,20220218,135625500,13:56:29,3469,2828,9794,98192110,0,0,0
rr2205,20220218,20220218,135626000,13:56:33,3469,2828,9794,98192110,0,0,0
rr2205,20220218,20220218,135626500,13:56:34,3469,2828,9794,98192110,0,0,0
rr2205,20220218,20220218,135627000,13:56:34,3469,2828,9794,98192110,0,0,0
rr2205,20220218,20220218,135633500,13:56:35,3469,2828,9794,98192110,0,0,0
rr2205,20220218,20220218,135634500,13:56:35,3469,2828,9794,98192110,0,0,0
rr2205,20220218,20220218,135635000,13:56:35,3469,2828,9794,98192110,0,0,0
rr2205,20220218,20220218,135635500,13:56:35,3469,2828,9794,98192110,0,0,0
rr2205,20220218,20220218,135636000,13:56:36,3469,2828,9794,98192110,0,0,0
rr2205,20220218,20220218,135636500,13:56:38,3469,2828,9794,98192110,0,0,0
rr2205,20220218,20220218,135637000,13:56:39,3469,2828,9794,98192110,0,0,0
rr2205,20220218,20220218,135637500,13:56:39,3469,2828,9794,98192110,0,0,0
rr2205,20220218,20220218,135638000,13:56:39,3469,2828,9794,98192110,0,0,0
rr2205,20220218,20220218,135639000,13:56:39,3469,2828,9794,98192110,0,0,0
rr2205,20220218,20220218,135639500,13:56:39,3469,2828,9794,98192110,0,0,0
rr2205,20220218,20220218,135640000,13:56:40,3469,2828,9794,98192110,0,0,0
rr2205,20220218,20220218,135640500,13:56:41,3469,2828,9794,98192110,0,0,0
rr2205,20220218,20220218,135641000,13:56:42,3469,2828,9794,98192110,0,0,0
rr2205,20220218,20220218,135641500,13:56:42,3469,2828,9794,98192110,0,0,0
rr2205,20220218,20220218,135642000,13:56:43,3469,2828,9794,98192110,0,0,0
rr2205,20220218,20220218,135642500,13:56:43,3469,2828,9794,98192110,0,0,0
rr2205,20220218,20220218,135643000,13:56:43,3469,2828,9794,98192110,0,0,0
rr2205,20220218,20220218,135643500,13:56:44,3469,2828,9794,98192110,0,0,0
rr2205,20220218,20220218,135644000,13:56:44,3469,2828,9794,98192110,0,0,0
rr2205,20220218,20220218,135644500,13:56:45,3469,2828,9794,98192110,0,0,0
rr2205,20220218,20220218,135645000,13:56:47,3469,2828,9794,98192110,0,0,0
rr2205,20220218,20220218,135645500,13:56:47,3469,2828,9794,98192110,0,0,0
rr2205,20220218,20220218,135646000,13:56:47,3469,2828,9794,98192110,0,0,0
rr2205,20220218,20220218,135646500,13:56:48,3469,2828,9794,98192110,0,0,0
rr2205,20220218,20220218,135647000,13:56:48,3469,2828,9794,98192110,0,0,0
rr2205,20220218,20220218,135647500,13:56:48,3469,2828,9794,98192110,0,0,0
rr2205,20220218,20220218,135648000,13:56:50,3469,2828,9794,98192110,0,0,0
rr2205,20220218,20220218,135648500,13:56:50,3469,2828,9794,98192110,0,0,0
rr2205,20220218,20220218,135649000,13:56:50,3469,2828,9794,98192110,0,0,0
rr2205,20220218,20220218,135649500,13:56:50,3469,2828,9794,98192110,0,0,0
rr2205,20220218,20220218,135650000,13:56:51,3469,2828,9794,98192110,0,0,0
rr2205,20220218,20220218,135650500,13:56:51,3469,2828,9794,98192110,0,0,0
rr2205,20220218,20220218,135651000,13:56:51,3469,2828,9794,98192110,0,0,0
rr2205,20220218,20220218,135651500,13:56:52,3469,2828,9794,98192110,0,0,0
rr2205,20220218,20220218,135652000,13:56:52,3469,2828,9794,98192110,0,0,0
rr2205,20220218,20220218,135652500,13:56:52,3469,2828,9794,98192110,0,0,0
rr2205,20220218,20220218,135653000,13:56:53,3469,2828,9794,98192110,0,0,0
rr2205,20220218,20220218,135653500,13:56:53,3469,2828,9794,98192110,0,0,0
rr2205,20220218,20220218,135654000,13:56:54,3469,2828,9794,98192110,0,0,0
rr2205,20220218,20220218,135654500,13:56:54,3469,2828,9794,98192110,0,0,0
rr2205,20220218,20220218,135655000,13:56:55,3469,2828,9794,98192110,0,0,0
rr2205,20220218,20220218,135655500,13:56:55,3469,2828,9794,98192110,0,0,0
rr2205,20220218,20220218,135656000,13:56:56,3469,2828,9794,98192110,0,0,0
rr2205,20220218,20220218,135656500,13:56:56,3469,2828,9794,98192110,0,0,0
rr2205,20220218,20220218,135657000,13:56:57,3469,2828,9794,98192110,0,0,0
rr2205,20220218,20220218,135657500,13:56:58,3469,2828,9794,98192110,0,0,0
rr2205,20220218,20220218,135658000,13:56:58,3469,2828,9794,98192110,0,0,0
rr2205,20220218,20220218,135658500,13:56:59,3469,2828,9794,98192110,0,0,0
rr2205,20220218,20220218,135659000,13:57:00,3469,2828,9794,98192110,0,0,0
rr2205,20220218,20220218,135659500,13:57:01,3469,2828,9794,98192110,0,0,0
rr2205,20220218,20220218,135700000,13:57:01,3469,2828,9794,98192110,0,0,0
rr2205,20220218,20220218,135700500,13:57:02,3469,2828,9794,98192110,0,0,0
rr2205,20220218,20220218,135701000,13:57:02,3469,2828,9794,98192110,0,0,0
rr2205,20220218,20220218,135701500,13:57:02,3469,2829,9794,98226800,1,0,34690
rr2205,20220218,20220218,135702000,13:57:02,3469,2829,9794,98226800,0,0,0
rr2205,20220218,20220218,135702500,13:57:02,3469,2829,9794,98226800,0,0,0
rr2205,20220218,20220218,135703000,13:57:03,3469,2829,9794,98226800,0,0,0
