rr2207,20220218,20220218,111921500,11:20:04,3516,331,1081,11626050,331,85,11626050
rr2207,20220218,20220218,112006000,11:20:10,3516,331,1081,11626050,0,0,0
rr2207,20220218,20220218,112105000,11:21:06,3516,331,1081,11626050,0,0,0
rr2207,20220218,20220218,112105500,11:21:07,3516,331,1081,11626050,0,0,0
rr2207,20220218,20220218,112106000,11:21:07,3516,331,1081,11626050,0,0,0
rr2207,20220218,20220218,112106500,11:21:09,3516,331,1081,11626050,0,0,0
rr2207,20220218,20220218,112107000,11:21:09,3516,331,1081,11626050,0,0,0
rr2207,20220218,20220218,112107500,11:21:10,3516,331,1081,11626050,0,0,0
rr2207,20220218,20220218,112108000,11:21:10,3516,331,1081,11626050,0,0,0
rr2207,20220218,20220218,112110000,11:21:11,3516,331,1081,11626050,0,0,0
rr2207,20220218,20220218,112110500,11:21:11,3516,331,1081,11626050,0,0,0
rr2207,20220218,20220218,112111000,11:21:11,3516,331,1081,11626050,0,0,0
rr2207,20220218,20220218,112120000,11:21:20,3516,331,1081,11626050,0,0,0
rr2207,20220218,20220218,112120500,11:21:22,3516,331,1081,11626050,0,0,0
rr2207,20220218,20220218,112121000,11:21:22,3516,331,1081,11626050,0,0,0
rr2207,20220218,20220218,112123500,11:21:24,3516,331,1081,11626050,0,0,0
rr2207,20220218,20220218,112124000,11:21:24,3516,331,1081,11626050,0,0,0
rr2207,20220218,20220218,112124500,11:21:25,3516,331,1081,11626050,0,0,0
rr2207,20220218,20220218,112125000,11:22:28,3516,331,1081,11626050,0,0,0
rr2207,20220218,20220218,112125500,11:23:32,3516,331,1081,11626050,0,0,0
rr2207,20220218,20220218,112126000,11:23:33,3516,331,1081,11626050,0,0,0
rr2207,20220218,20220218,112332500,11:23:33,3516,331,1081,11626050,0,0,0
rr2207,20220218,20220218,112333000,11:23:33,3516,331,1081,11626050,0,0,0
rr2207,20220218,20220218,112351000,11:23:51,3515,336,1085,11801820,5,4,175770
rr2207,20220218,20220218,112351500,11:23:51,3515,336,1085,11801820,0,0,0
rr2207,20220218,20220218,112409000,11:24:11,3515,336,1085,11801820,0,0,0
rr2207,20220218,20220218,112419500,11:24:20,3515,336,1085,11801820,0,0,0
rr2207,20220218,20220218,112420000,11:24:20,3515,336,1085,11801820,0,0,0
rr2207,20220218,20220218,112424500,11:24:24,3515,336,1085,11801820,0,0,0
rr2207,20220218,20220218,112425000,11:24:25,3515,338,1085,11872120,2,0,70300
rr2207,20220218,20220218,112425500,11:24:25,3515,338,1085,11872120,0,0,0
rr2207,20220218,20220218,112503500,11:25:06,3515,338,1085,11872120,0,0,0
rr2207,20220218,20220218,112514500,11:25:16,3515,338,1085,11872120,0,0,0
rr2207,20220218,20220218,112515000,11:25:16,3515,338,1085,11872120,0,0,0
rr2207,20220218,20220218,112515500,11:25:16,3515,338,1085,11872120,0,0,0
rr2207,20220218,20220218,112553500,11:25:54,3515,338,1085,11872120,0,0,0
rr2207,20220218,20220218,112554000,11:25:54,3515,338,1085,11872120,0,0,0
rr2207,20220218,20220218,112554500,11:25:55,3515,338,1085,11872120,0,0,0
rr2207,20220218,20220218,112612500,11:26:15,3515,338,1085,11872120,0,0,0
rr2207,20220218,20220218,112613000,11:26:15,3515,338,1085,11872120,0,0,0
rr2207,20220218,20220218,112620000,11:26:20,3515,338,1085,11872120,0,0,0
rr2207,20220218,20220218,112620500,11:26:20,3515,338,1085,11872120,0,0,0
rr2207,20220218,20220218,112621000,11:26:21,3515,338,1085,11872120,0,0,0
rr2207,20220218,20220218,112715500,11:27:16,3515,338,1085,11872120,0,0,0
rr2207,20220218,20220218,112716000,11:27:17,3515,338,1085,11872120,0,0,0
rr2207,20220218,20220218,112716500,11:27:17,3515,338,1085,11872120,0,0,0
rr2207,20220218,20220218,112827000,11:28:27,3515,338,1085,11872120,0,0,0
rr2207,20220218,20220218,112828500,11:28:28,3515,338,1085,11872120,0,0,0
rr2207,20220218,20220218,112829000,11:28:29,3515,338,1085,11872120,0,0,0
rr2207,20220218,20220218,112830000,11:28:30,3515,338,1085,11872120,0,0,0
rr2207,20220218,20220218,112830500,11:28:31,3515,338,1085,11872120,0,0,0
rr2207,20220218,20220218,112832500,11:28:33,3515,338,1085,11872120,0,0,0
rr2207,20220218,20220218,112841500,11:28:41,3515,338,1085,11872120,0,0,0
rr2207,20220218,20220218,112900000,11:29:00,3515,338,1085,11872120,0,0,0
rr2207,20220218,20220218,112900500,11:29:01,3515,338,1085,11872120,0,0,0
rr2207,20220218,20220218,112904000,11:29:04,3515,338,1085,11872120,0,0,0
rr2207,20220218,20220218,112950500,11:29:52,3515,338,1085,11872120,0,0,0
rr2207,20220218,20220218,112951000,11:29:52,3515,338,1085,11872120,0,0,0
rr2207,20220218,20220218,112959000,11:30:02,3515,338,1085,11872120,0,0,0
rr2207,20220218,20220218,133050500,13:30:52,3515,338,1085,11872120,0,0,0
rr2207,20220218,20220218,133200500,13:32:01,3515,338,1085,11872120,0,0,0
rr2207,20220218,20220218,133201000,13:32:01,3515,338,1085,11872120,0,0,0
rr2207,20220218,20220218,133217500,13:32:18,3515,338,1085,11872120,0,0,0
rr2207,20220218,20220218,133218000,13:32:18,3515,338,1085,11872120,0,0,0
rr2207,20220218,20220218,133225500,13:32:26,3515,338,1085,11872120,0,0,0
rr2207,20220218,20220218,133226000,13:32:27,3515,338,1085,11872120,0,0,0
rr2207,20220218,20220218,133228000,13:32:32,3515,338,1085,11872120,0,0,0
rr2207,20220218,20220218,133228500,13:32:32,3515,338,1085,11872120,0,0,0
rr2207,20220218,20220218,133229000,13:32:33,3515,338,1085,11872120,0,0,0
rr2207,20220218,20220218,133331000,13:33:32,3515,338,1085,11872120,0,0,0
rr2207,20220218,20220218,133335000,13:33:35,3515,338,1085,11872120,0,0,0
rr2207,20220218,20220218,133343500,13:33:44,3515,338,1085,11872120,0,0,0
rr2207,20220218,20220218,133344000,13:33:45,3515,338,1085,11872120,0,0,0
rr2207,20220218,20220218,133345000,13:33:45,3515,338,1085,11872120,0,0,0
rr2207,20220218,20220218,133345500,13:33:46,3515,338,1085,11872120,0,0,0
rr2207,20220218,20220218,133346000,13:33:47,3515,338,1085,11872120,0,0,0
rr2207,20220218,20220218,133349500,13:33:50,3515,338,1085,11872120,0,0,0
rr2207,20220218,20220218,133351000,13:33:51,3515,338,1085,11872120,0,0,0
rr2207,20220218,20220218,133352500,13:33:53,3515,338,1085,11872120,0,0,0
rr2207,20220218,20220218,133353500,13:33:53,3515,338,1085,11872120,0,0,0
rr2207,20220218,20220218,133354500,13:33:55,3515,338,1085,11872120,0,0,0
rr2207,20220218,20220218,133407500,13:34:12,3515,338,1085,11872120,0,0,0
rr2207,20220218,20220218,133418500,13:34:19,3515,338,1085,11872120,0,0,0
rr2207,20220218,20220218,133421500,13:34:23,3515,338,1085,11872120,0,0,0
rr2207,20220218,20220218,133447500,13:34:47,3515,338,1085,11872120,0,0,0
rr2207,20220218,20220218,133618500,13:36:19,3515,338,1085,11872120,0,0,0
rr2207,20220218,20220218,133656500,13:36:57,3515,338,1085,11872120,0,0,0
rr2207,20220218,20220218,133805000,13:38:07,3515,338,1085,11872120,0,0,0
rr2207,20220218,20220218,133809500,13:38:10,3516,349,1092,12258880,11,7,386760
rr2207,20220218,20220218,133810000,13:38:10,3516,349,1092,12258880,0,0,0
rr2207,20220218,20220218,133812000,13:38:14,3516,349,1092,12258880,0,0,0
rr2207,20220218,20220218,133813000,13:38:15,3516,349,1092,12258880,0,0,0
rr2207,20220218,20220218,133814500,13:38:17,3516,349,1092,12258880,0,0,0
rr2207,20220218,20220218,133820000,13:38:20,3516,349,1092,12258880,0,0,0
rr2207,20220218,20220218,133820500,13:38:22,3516,349,1092,12258880,0,0,0
rr2207,20220218,20220218,133821000,13:38:22,3516,349,1092,12258880,0,0,0
rr2207,20220218,20220218,133821500,13:38:23,3516,349,1092,12258880,0,0,0
rr2207,20220218,20220218,133822000,13:38:23,3516,349,1092,12258880,0,0,0
rr2207,20220218,20220218,133825000,13:38:41,3516,349,1092,12258880,0,0,0
rr2207,20220218,20220218,133825500,13:38:41,3516,349,1092,12258880,0,0,0
rr2207,20220218,20220218,133838500,13:38:43,3516,349,1092,12258880,0,0,0
rr2207,20220218,20220218,133945500,13:39:46,3516,354,1097,12434680,5,5,175800
rr2207,20220218,20220218,134110000,13:41:10,3516,354,1097,12434680,0,0,0
rr2207,20220218,20220218,134110500,13:41:10,3516,354,1097,12434680,0,0,0
rr2207,20220218,20220218,134114500,13:41:16,3516,354,1097,12434680,0,0,0
rr2207,20220218,20220218,134115000,13:41:16,3516,354,1097,12434680,0,0,0
rr2207,20220218,20220218,134115500,13:41:16,3516,354,1097,12434680,0,0,0
rr2207,20220218,20220218,134116000,13:41:17,3516,354,1097,12434680,0,0,0
rr2207,20220218,20220218,134116500,13:41:17,3516,354,1097,12434680,0,0,0
rr2207,20220218,20220218,134117000,13:41:17,3516,354,1097,12434680,0,0,0
rr2207,20220218,20220218,134117500,13:41:19,3516,354,1097,12434680,0,0,0
rr2207,20220218,20220218,134118000,13:41:19,3516,354,1097,12434680,0,0,0
rr2207,20220218,20220218,134118500,13:41:19,3516,354,1097,12434680,0,0,0
rr2207,20220218,20220218,134404000,13:44:05,3516,354,1097,12434680,0,0,0
rr2207,20220218,20220218,134404500,13:44:05,3516,354,1097,12434680,0,0,0
rr2207,20220218,20220218,134405000,13:44:05,3516,354,1097,12434680,0,0,0
rr2207,20220218,20220218,134452000,13:44:53,3516,354,1097,12434680,0,0,0
rr2207,20220218,20220218,134452500,13:44:53,3516,354,1097,12434680,0,0,0
rr2207,20220218,20220218,134520500,13:45:23,3516,354,1097,12434680,0,0,0
rr2207,20220218,20220218,134523000,13:45:24,3516,354,1097,12434680,0,0,0
rr2207,20220218,20220218,134524500,13:45:26,3516,354,1097,12434680,0,0,0
rr2207,20220218,20220218,134525000,13:45:26,3516,354,1097,12434680,0,0,0
rr2207,20220218,20220218,134525500,13:45:27,3516,354,1097,12434680,0,0,0
rr2207,20220218,20220218,134526000,13:45:28,3516,354,1097,12434680,0,0,0
rr2207,20220218,20220218,134526500,13:45:29,3516,354,1097,12434680,0,0,0
rr2207,20220218,20220218,134527000,13:45:30,3516,354,1097,12434680,0,0,0
rr2207,20220218,20220218,134527500,13:45:30,3516,354,1097,12434680,0,0,0
rr2207,20220218,20220218,134528000,13:45:30,3516,354,1097,12434680,0,0,0
rr2207,20220218,20220218,134530500,13:45:31,3516,354,1097,12434680,0,0,0
rr2207,20220218,20220218,134600000,13:46:01,3516,354,1097,12434680,0,0,0
rr2207,20220218,20220218,134600500,13:46:01,3516,354,1097,12434680,0,0,0
rr2207,20220218,20220218,134601000,13:46:02,3516,354,1097,12434680,0,0,0
rr2207,20220218,20220218,134610500,13:46:11,3516,354,1097,12434680,0,0,0
rr2207,20220218,20220218,134611000,13:46:11,3516,354,1097,12434680,0,0,0
rr2207,20220218,20220218,134613500,13:46:14,3516,354,1097,12434680,0,0,0
rr2207,20220218,20220218,134614000,13:46:14,3516,354,1097,12434680,0,0,0
rr2207,20220218,20220218,134619000,13:46:19,3516,354,1097,12434680,0,0,0
rr2207,20220218,20220218,134634000,13:46:34,3516,354,1097,12434680,0,0,0
rr2207,20220218,20220218,134634500,13:46:35,3516,354,1097,12434680,0,0,0
rr2207,20220218,20220218,134635000,13:46:35,3516,354,1097,12434680,0,0,0
rr2207,20220218,20220218,134636000,13:46:37,3516,354,1097,12434680,0,0,0
rr2207,20220218,20220218,134648500,13:46:48,3516,354,1097,12434680,0,0,0
rr2207,20220218,20220218,134652500,13:46:54,3516,354,1097,12434680,0,0,0
rr2207,20220218,20220218,134725000,13:47:27,3516,354,1097,12434680,0,0,0
rr2207,20220218,20220218,134818500,13:48:20,3516,354,1097,12434680,0,0,0
rr2207,20220218,20220218,134829500,13:48:30,3516,354,1097,12434680,0,0,0
rr2207,20220218,20220218,134830000,13:48:31,3516,354,1097,12434680,0,0,0
rr2207,20220218,20220218,134830500,13:48:32,3516,354,1097,12434680,0,0,0
rr2207,20220218,20220218,134831000,13:48:32,3516,354,1097,12434680,0,0,0
rr2207,20220218,20220218,134831500,13:48:32,3516,354,1097,12434680,0,0,0
rr2207,20220218,20220218,134832000,13:48:32,3516,354,1097,12434680,0,0,0
rr2207,20220218,20220218,134832500,13:48:32,3516,354,1097,12434680,0,0,0
rr2207,20220218,20220218,134833000,13:48:33,3516,354,1097,12434680,0,0,0
rr2207,20220218,20220218,134833500,13:48:34,3516,354,1097,12434680,0,0,0
rr2207,20220218,20220218,134834000,13:48:36,3516,354,1097,12434680,0,0,0
rr2207,20220218,20220218,134834500,13:48:36,3516,354,1097,12434680,0,0,0
rr2207,20220218,20220218,134835000,13:48:36,3516,354,1097,12434680,0,0,0
rr2207,20220218,20220218,134835500,13:48:37,3516,354,1097,12434680,0,0,0
rr2207,20220218,20220218,134836000,13:48:37,3516,354,1097,12434680,0,0,0
rr2207,20220218,20220218,134836500,13:48:37,3516,354,1097,12434680,0,0,0
rr2207,20220218,20220218,134837000,13:48:37,3516,354,1097,12434680,0,0,0
rr2207,20220218,20220218,134837500,13:48:37,3516,354,1097,12434680,0,0,0
rr2207,20220218,20220218,134838000,13:48:38,3516,354,1097,12434680,0,0,0
rr2207,20220218,20220218,134838500,13:48:38,3516,354,1097,12434680,0,0,0
rr2207,20220218,20220218,134839000,13:48:39,3516,354,1097,12434680,0,0,0
rr2207,20220218,20220218,134839500,13:48:39,3516,354,1097,12434680,0,0,0
rr2207,20220218,20220218,134840000,13:48:40,3516,354,1097,12434680,0,0,0
rr2207,20220218,20220218,134840500,13:48:40,3516,354,1097,12434680,0,0,0
rr2207,20220218,20220218,134841000,13:48:41,3516,354,1097,12434680,0,0,0
rr2207,20220218,20220218,134841500,13:48:42,3516,354,1097,12434680,0,0,0
rr2207,20220218,20220218,134842000,13:48:42,3516,354,1097,12434680,0,0,0
rr2207,20220218,20220218,134842500,13:48:43,3516,354,1097,12434680,0,0,0
rr2207,20220218,20220218,134843000,13:48:43,3516,354,1097,12434680,0,0,0
rr2207,20220218,20220218,134843500,13:48:43,3516,354,1097,12434680,0,0,0
rr2207,20220218,20220218,134844000,13:48:44,3516,354,1097,12434680,0,0,0
rr2207,20220218,20220218,134844500,13:48:44,3516,354,1097,12434680,0,0,0
rr2207,20220218,20220218,134845000,13:48:45,3516,354,1097,12434680,0,0,0
rr2207,20220218,20220218,134845500,13:48:45,3516,354,1097,12434680,0,0,0
rr2207,20220218,20220218,134846000,13:48:46,3516,354,1097,12434680,0,0,0
rr2207,20220218,20220218,134846500,13:48:46,3516,354,1097,12434680,0,0,0
rr2207,20220218,20220218,134847000,13:48:47,3516,354,1097,12434680,0,0,0
rr2207,20220218,20220218,134847500,13:48:47,3516,354,1097,12434680,0,0,0
rr2207,20220218,20220218,134848000,13:48:48,3516,354,1097,12434680,0,0,0
rr2207,20220218,20220218,134848500,13:48:48,3516,354,1097,12434680,0,0,0
rr2207,20220218,20220218,134849000,13:48:49,3516,354,1097,12434680,0,0,0
rr2207,20220218,20220218,134849500,13:48:49,3516,354,1097,12434680,0,0,0
rr2207,20220218,20220218,134850000,13:48:50,3516,354,1097,12434680,0,0,0
rr2207,20220218,20220218,134850500,13:48:51,3516,354,1097,12434680,0,0,0
rr2207,20220218,20220218,134851000,13:48:51,3516,354,1097,12434680,0,0,0
rr2207,20220218,20220218,134851500,13:48:51,3516,354,1097,12434680,0,0,0
rr2207,20220218,20220218,134852000,13:48:52,3516,354,1097,12434680,0,0,0
rr2207,20220218,20220218,134852500,13:48:52,3516,354,1097,12434680,0,0,0
rr2207,20220218,20220218,134853000,13:48:54,3516,354,1097,12434680,0,0,0
rr2207,20220218,20220218,134853500,13:48:55,3516,354,1097,12434680,0,0,0
rr2207,20220218,20220218,134854000,13:48:56,3516,354,1097,12434680,0,0,0
rr2207,20220218,20220218,134854500,13:48:56,3516,354,1097,12434680,0,0,0
rr2207,20220218,20220218,134855000,13:48:56,3516,354,1097,12434680,0,0,0
rr2207,20220218,20220218,134855500,13:48:56,3516,354,1097,12434680,0,0,0
rr2207,20220218,20220218,134856000,13:48:56,3516,354,1097,12434680,0,0,0
rr2207,20220218,20220218,134856500,13:48:57,3516,354,1097,12434680,0,0,0
rr2207,20220218,20220218,134857000,13:48:57,3516,354,1097,12434680,0,0,0
rr2207,20220218,20220218,134857500,13:48:57,3516,354,1097,12434680,0,0,0
rr2207,20220218,20220218,134858000,13:48:59,3516,354,1097,12434680,0,0,0
rr2207,20220218,20220218,134858500,13:48:59,3516,354,1097,12434680,0,0,0
rr2207,20220218,20220218,134859000,13:48:59,3516,354,1097,12434680,0,0,0
rr2207,20220218,20220218,134859500,13:49:00,3516,354,1097,12434680,0,0,0
rr2207,20220218,20220218,134900000,13:49:00,3516,354,1097,12434680,0,0,0
rr2207,20220218,20220218,134900500,13:49:01,3516,354,1097,12434680,0,0,0
rr2207,20220218,20220218,134901000,13:49:02,3516,354,1097,12434680,0,0,0
rr2207,20220218,20220218,134901500,13:49:02,3516,354,1097,12434680,0,0,0
rr2207,20220218,20220218,134902000,13:49:02,3516,354,1097,12434680,0,0,0
rr2207,20220218,20220218,134902500,13:49:03,3516,354,1097,12434680,0,0,0
rr2207,20220218,20220218,134903000,13:49:03,3516,354,1097,12434680,0,0,0
rr2207,20220218,20220218,134903500,13:49:04,3516,354,1097,12434680,0,0,0
rr2207,20220218,20220218,134904000,13:49:04,3516,354,1097,12434680,0,0,0
rr2207,20220218,20220218,134904500,13:49:04,3516,354,1097,12434680,0,0,0
rr2207,20220218,20220218,134905000,13:49:05,3516,354,1097,12434680,0,0,0
rr2207,20220218,20220218,134905500,13:49:05,3516,354,1097,12434680,0,0,0
rr2207,20220218,20220218,134906000,13:49:06,3516,354,1097,12434680,0,0,0
rr2207,20220218,20220218,134906500,13:49:06,3516,354,1097,12434680,0,0,0
rr2207,20220218,20220218,134907000,13:49:07,3516,354,1097,12434680,0,0,0
rr2207,20220218,20220218,134907500,13:49:07,3516,354,1097,12434680,0,0,0
rr2207,20220218,20220218,134908000,13:49:08,3516,354,1097,12434680,0,0,0
rr2207,20220218,20220218,134908500,13:49:08,3516,354,1097,12434680,0,0,0
rr2207,20220218,20220218,134909000,13:49:09,3516,354,1097,12434680,0,0,0
rr2207,20220218,20220218,134909500,13:49:10,3516,354,1097,12434680,0,0,0
rr2207,20220218,20220218,134910000,13:49:10,3516,354,1097,12434680,0,0,0
rr2207,20220218,20220218,134910500,13:49:10,3516,354,1097,12434680,0,0,0
rr2207,20220218,20220218,134911000,13:49:11,3516,354,1097,12434680,0,0,0
rr2207,20220218,20220218,134911500,13:49:12,3516,354,1097,12434680,0,0,0
rr2207,20220218,20220218,134912000,13:49:12,3516,354,1097,12434680,0,0,0
rr2207,20220218,20220218,134912500,13:49:13,3516,354,1097,12434680,0,0,0
rr2207,20220218,20220218,134913000,13:49:13,3516,354,1097,12434680,0,0,0
rr2207,20220218,20220218,134913500,13:49:14,3516,354,1097,12434680,0,0,0
rr2207,20220218,20220218,134914000,13:49:14,3516,354,1097,12434680,0,0,0
rr2207,20220218,20220218,134914500,13:49:14,3516,354,1097,12434680,0,0,0
rr2207,20220218,20220218,134915000,13:49:15,3516,354,1097,12434680,0,0,0
rr2207,20220218,20220218,134915500,13:49:16,3516,354,1097,12434680,0,0,0
rr2207,20220218,20220218,134916000,13:49:16,3516,354,1097,12434680,0,0,0
rr2207,20220218,20220218,134916500,13:49:17,3516,354,1097,12434680,0,0,0
rr2207,20220218,20220218,134917000,13:49:17,3516,354,1097,12434680,0,0,0
rr2207,20220218,20220218,134917500,13:49:17,3516,354,1097,12434680,0,0,0
rr2207,20220218,20220218,134918000,13:49:18,3516,354,1097,12434680,0,0,0
rr2207,20220218,20220218,134918500,13:49:19,3516,354,1097,12434680,0,0,0
rr2207,20220218,20220218,134919000,13:49:20,3516,354,1097,12434680,0,0,0
rr2207,20220218,20220218,134919500,13:49:20,3516,354,1097,12434680,0,0,0
rr2207,20220218,20220218,134920000,13:49:20,3516,354,1097,12434680,0,0,0
rr2207,20220218,20220218,134920500,13:49:20,3516,354,1097,12434680,0,0,0
rr2207,20220218,20220218,134921000,13:49:21,3516,354,1097,12434680,0,0,0
rr2207,20220218,20220218,134921500,13:49:21,3516,354,1097,12434680,0,0,0
rr2207,20220218,20220218,134922000,13:49:22,3516,354,1097,12434680,0,0,0
rr2207,20220218,20220218,134922500,13:49:23,3516,354,1097,12434680,0,0,0
rr2207,20220218,20220218,134923000,13:49:24,3516,354,1097,12434680,0,0,0
rr2207,20220218,20220218,134923500,13:49:24,3516,354,1097,12434680,0,0,0
rr2207,20220218,20220218,134924000,13:49:24,3516,354,1097,12434680,0,0,0
rr2207,20220218,20220218,134924500,13:49:25,3516,354,1097,12434680,0,0,0
rr2207,20220218,20220218,134925000,13:49:25,3516,354,1097,12434680,0,0,0
rr2207,20220218,20220218,134925500,13:49:26,3516,354,1097,12434680,0,0,0
rr2207,20220218,20220218,134926000,13:49:27,3516,354,1097,12434680,0,0,0
rr2207,20220218,20220218,134926500,13:49:27,3516,354,1097,12434680,0,0,0
rr2207,20220218,20220218,134927000,13:49:28,3516,354,1097,12434680,0,0,0
rr2207,20220218,20220218,134927500,13:49:28,3516,354,1097,12434680,0,0,0
rr2207,20220218,20220218,134928000,13:49:28,3516,354,1097,12434680,0,0,0
rr2207,20220218,20220218,134928500,13:49:29,3516,354,1097,12434680,0,0,0
rr2207,20220218,20220218,134929000,13:49:29,3516,354,1097,12434680,0,0,0
rr2207,20220218,20220218,134929500,13:49:30,3516,354,1097,12434680,0,0,0
rr2207,20220218,20220218,134930000,13:49:31,3516,354,1097,12434680,0,0,0
rr2207,20220218,20220218,134930500,13:49:31,3516,354,1097,12434680,0,0,0
rr2207,20220218,20220218,134931000,13:49:31,3516,354,1097,12434680,0,0,0
rr2207,20220218,20220218,134931500,13:49:32,3516,354,1097,12434680,0,0,0
rr2207,20220218,20220218,134932000,13:49:32,3516,354,1097,12434680,0,0,0
rr2207,20220218,20220218,134932500,13:49:32,3516,354,1097,12434680,0,0,0
rr2207,20220218,20220218,134933000,13:49:33,3516,354,1097,12434680,0,0,0
rr2207,20220218,20220218,134933500,13:49:34,3516,354,1097,12434680,0,0,0
rr2207,20220218,20220218,134934000,13:49:34,3516,354,1097,12434680,0,0,0
rr2207,20220218,20220218,134934500,13:49:35,3516,354,1097,12434680,0,0,0
rr2207,20220218,20220218,134935000,13:49:36,3516,354,1097,12434680,0,0,0
rr2207,20220218,20220218,134935500,13:49:36,3516,354,1097,12434680,0,0,0
rr2207,20220218,20220218,134936000,13:49:36,3516,354,1097,12434680,0,0,0
rr2207,20220218,20220218,134936500,13:49:36,3516,354,1097,12434680,0,0,0
rr2207,20220218,20220218,134937000,13:49:37,3516,354,1097,12434680,0,0,0
rr2207,20220218,20220218,134937500,13:49:37,3516,354,1097,12434680,0,0,0
rr2207,20220218,20220218,134938000,13:49:38,3516,354,1097,12434680,0,0,0
rr2207,20220218,20220218,134938500,13:49:38,3516,354,1097,12434680,0,0,0
rr2207,20220218,20220218,134939000,13:49:39,3516,354,1097,12434680,0,0,0
rr2207,20220218,20220218,134939500,13:49:39,3516,354,1097,12434680,0,0,0
rr2207,20220218,20220218,134940000,13:49:40,3516,354,1097,12434680,0,0,0
rr2207,20220218,20220218,134940500,13:49:40,3516,354,1097,12434680,0,0,0
rr2207,20220218,20220218,134941000,13:49:41,3516,354,1097,12434680,0,0,0
rr2207,20220218,20220218,134941500,13:49:42,3516,354,1097,12434680,0,0,0
rr2207,20220218,20220218,134942000,13:49:42,3516,354,1097,12434680,0,0,0
rr2207,20220218,20220218,134942500,13:49:43,3516,354,1097,12434680,0,0,0
rr2207,20220218,20220218,134943000,13:49:43,3516,354,1097,12434680,0,0,0
rr2207,20220218,20220218,134943500,13:49:44,3516,354,1097,12434680,0,0,0
rr2207,20220218,20220218,134944000,13:49:44,3516,354,1097,12434680,0,0,0
rr2207,20220218,20220218,134944500,13:49:44,3516,354,1097,12434680,0,0,0
rr2207,20220218,20220218,134945000,13:49:45,3516,354,1097,12434680,0,0,0
rr2207,20220218,20220218,134945500,13:49:46,3516,354,1097,12434680,0,0,0
rr2207,20220218,20220218,134946000,13:49:46,3516,354,1097,12434680,0,0,0
rr2207,20220218,20220218,134946500,13:49:46,3516,354,1097,12434680,0,0,0
rr2207,20220218,20220218,134947000,13:49:47,3516,354,1097,12434680,0,0,0
rr2207,20220218,20220218,134947500,13:49:47,3516,354,1097,12434680,0,0,0
rr2207,20220218,20220218,134948000,13:49:48,3516,354,1097,12434680,0,0,0
rr2207,20220218,20220218,134948500,13:49:48,3516,354,1097,12434680,0,0,0
rr2207,20220218,20220218,134949000,13:49:49,3516,354,1097,12434680,0,0,0
rr2207,20220218,20220218,134949500,13:49:50,3516,354,1097,12434680,0,0,0
rr2207,20220218,20220218,134950000,13:49:50,3516,354,1097,12434680,0,0,0
rr2207,20220218,20220218,134950500,13:49:50,3516,354,1097,12434680,0,0,0
rr2207,20220218,20220218,134951000,13:49:51,3516,354,1097,12434680,0,0,0
rr2207,20220218,20220218,134951500,13:49:52,3516,354,1097,12434680,0,0,0
rr2207,20220218,20220218,134952000,13:49:52,3516,354,1097,12434680,0,0,0
rr2207,20220218,20220218,134952500,13:49:54,3516,354,1097,12434680,0,0,0
rr2207,20220218,20220218,134953000,13:49:54,3516,354,1097,12434680,0,0,0
rr2207,20220218,20220218,134953500,13:49:55,3516,354,1097,12434680,0,0,0
rr2207,20220218,20220218,134954000,13:49:55,3516,354,1097,12434680,0,0,0
rr2207,20220218,20220218,134954500,13:49:55,3516,354,1097,12434680,0,0,0
rr2207,20220218,20220218,134955000,13:49:55,3516,354,1097,12434680,0,0,0
rr2207,20220218,20220218,134955500,13:49:56,3516,354,1097,12434680,0,0,0
rr2207,20220218,20220218,134956000,13:49:56,3516,354,1097,12434680,0,0,0
rr2207,20220218,20220218,134956500,13:49:57,3516,354,1097,12434680,0,0,0
rr2207,20220218,20220218,134957000,13:49:57,3516,354,1097,12434680,0,0,0
rr2207,20220218,20220218,134957500,13:49:57,3516,354,1097,12434680,0,0,0
rr2207,20220218,20220218,134958000,13:49:58,3516,354,1097,12434680,0,0,0
rr2207,20220218,20220218,134958500,13:49:59,3516,354,1097,12434680,0,0,0
rr2207,20220218,20220218,134959000,13:49:59,3516,354,1097,12434680,0,0,0
rr2207,20220218,20220218,134959500,13:49:59,3516,354,1097,12434680,0,0,0
rr2207,20220218,20220218,135000000,13:50:00,3516,354,1097,12434680,0,0,0
rr2207,20220218,20220218,135000500,13:50:00,3516,354,1097,12434680,0,0,0
rr2207,20220218,20220218,135001000,13:50:01,3516,354,1097,12434680,0,0,0
rr2207,20220218,20220218,135001500,13:50:02,3516,354,1097,12434680,0,0,0
rr2207,20220218,20220218,135002000,13:50:02,3516,354,1097,12434680,0,0,0
rr2207,20220218,20220218,135025500,13:50:27,3516,354,1097,12434680,0,0,0
rr2207,20220218,20220218,135026000,13:50:29,3516,354,1097,12434680,0,0,0
rr2207,20220218,20220218,135026500,13:50:33,3516,354,1097,12434680,0,0,0
rr2207,20220218,20220218,135027000,13:50:35,3516,354,1097,12434680,0,0,0
rr2207,20220218,20220218,135029500,13:50:37,3516,354,1097,12434680,0,0,0
rr2207,20220218,20220218,135034500,13:50:37,3516,354,1097,12434680,0,0,0
rr2207,20220218,20220218,135035000,13:50:37,3516,354,1097,12434680,0,0,0
rr2207,20220218,20220218,135035500,13:50:37,3516,354,1097,12434680,0,0,0
rr2207,20220218,20220218,135037000,13:50:38,3516,354,1097,12434680,0,0,0
rr2207,20220218,20220218,135037500,13:50:38,3516,354,1097,12434680,0,0,0
rr2207,20220218,20220218,135038000,13:50:39,3516,354,1097,12434680,0,0,0
rr2207,20220218,20220218,135038500,13:50:39,3516,354,1097,12434680,0,0,0
rr2207,20220218,20220218,135039000,13:50:39,3516,354,1097,12434680,0,0,0
rr2207,20220218,20220218,135039500,13:50:39,3516,354,1097,12434680,0,0,0
rr2207,20220218,20220218,135040000,13:50:40,3516,354,1097,12434680,0,0,0
rr2207,20220218,20220218,135040500,13:50:41,3516,354,1097,12434680,0,0,0
rr2207,20220218,20220218,135041000,13:50:41,3516,354,1097,12434680,0,0,0
rr2207,20220218,20220218,135041500,13:50:42,3516,354,1097,12434680,0,0,0
rr2207,20220218,20220218,135042000,13:50:43,3516,354,1097,12434680,0,0,0
rr2207,20220218,20220218,135042500,13:50:43,3516,354,1097,12434680,0,0,0
rr2207,20220218,20220218,135043000,13:50:43,3516,354,1097,12434680,0,0,0
rr2207,20220218,20220218,135043500,13:50:45,3516,354,1097,12434680,0,0,0
rr2207,20220218,20220218,135044000,13:50:45,3516,354,1097,12434680,0,0,0
rr2207,20220218,20220218,135044500,13:50:45,3516,354,1097,12434680,0,0,0
rr2207,20220218,20220218,135045000,13:50:45,3516,354,1097,12434680,0,0,0
rr2207,20220218,20220218,135045500,13:50:46,3516,354,1097,12434680,0,0,0
rr2207,20220218,20220218,135046000,13:50:47,3516,354,1097,12434680,0,0,0
rr2207,20220218,20220218,135046500,13:50:47,3516,354,1097,12434680,0,0,0
rr2207,20220218,20220218,135047000,13:50:47,3516,354,1097,12434680,0,0,0
rr2207,20220218,20220218,135047500,13:50:48,3516,354,1097,12434680,0,0,0
rr2207,20220218,20220218,135048000,13:50:48,3516,354,1097,12434680,0,0,0
rr2207,20220218,20220218,135048500,13:50:48,3516,354,1097,12434680,0,0,0
rr2207,20220218,20220218,135049000,13:50:49,3516,354,1097,12434680,0,0,0
rr2207,20220218,20220218,135049500,13:50:50,3516,354,1097,12434680,0,0,0
rr2207,20220218,20220218,135050000,13:50:50,3516,354,1097,12434680,0,0,0
rr2207,20220218,20220218,135050500,13:50:51,3516,354,1097,12434680,0,0,0
rr2207,20220218,20220218,135051000,13:50:51,3516,354,1097,12434680,0,0,0
rr2207,20220218,20220218,135051500,13:50:52,3516,354,1097,12434680,0,0,0
rr2207,20220218,20220218,135052000,13:50:53,3516,354,1097,12434680,0,0,0
rr2207,20220218,20220218,135052500,13:50:53,3516,354,1097,12434680,0,0,0
rr2207,20220218,20220218,135053000,13:50:53,3516,354,1097,12434680,0,0,0
rr2207,20220218,20220218,135053500,13:50:54,3516,354,1097,12434680,0,0,0
rr2207,20220218,20220218,135054000,13:50:54,3516,354,1097,12434680,0,0,0
rr2207,20220218,20220218,135054500,13:50:55,3516,354,1097,12434680,0,0,0
rr2207,20220218,20220218,135055000,13:50:55,3516,354,1097,12434680,0,0,0
rr2207,20220218,20220218,135055500,13:50:55,3516,354,1097,12434680,0,0,0
rr2207,20220218,20220218,135056000,13:50:56,3516,354,1097,12434680,0,0,0
rr2207,20220218,20220218,135056500,13:50:57,3516,354,1097,12434680,0,0,0
rr2207,20220218,20220218,135057000,13:50:57,3516,354,1097,12434680,0,0,0
rr2207,20220218,20220218,135057500,13:50:58,3516,354,1097,12434680,0,0,0
rr2207,20220218,20220218,135058000,13:50:58,3516,354,1097,12434680,0,0,0
rr2207,20220218,20220218,135058500,13:50:59,3516,354,1097,12434680,0,0,0
rr2207,20220218,20220218,135059000,13:50:59,3516,354,1097,12434680,0,0,0
rr2207,20220218,20220218,135059500,13:51:00,3516,354,1097,12434680,0,0,0
rr2207,20220218,20220218,135100000,13:51:00,3516,354,1097,12434680,0,0,0
rr2207,20220218,20220218,135100500,13:51:01,3516,354,1097,12434680,0,0,0
rr2207,20220218,20220218,135101000,13:51:01,3516,354,1097,12434680,0,0,0
rr2207,20220218,20220218,135101500,13:51:01,3516,354,1097,12434680,0,0,0
rr2207,20220218,20220218,135102000,13:51:02,3516,354,1097,12434680,0,0,0
rr2207,20220218,20220218,135102500,13:51:02,3516,354,1097,12434680,0,0,0
rr2207,20220218,20220218,135103000,13:51:03,3516,354,1097,12434680,0,0,0
rr2207,20220218,20220218,135103500,13:51:04,3516,354,1097,12434680,0,0,0
rr2207,20220218,20220218,135104000,13:51:04,3516,354,1097,12434680,0,0,0
rr2207,20220218,20220218,135104500,13:51:04,3516,354,1097,12434680,0,0,0
rr2207,20220218,20220218,135105000,13:51:05,3516,354,1097,12434680,0,0,0
rr2207,20220218,20220218,135105500,13:51:06,3516,354,1097,12434680,0,0,0
rr2207,20220218,20220218,135106000,13:51:06,3516,354,1097,12434680,0,0,0
rr2207,20220218,20220218,135106500,13:51:11,3516,354,1097,12434680,0,0,0
rr2207,20220218,20220218,135107000,13:51:20,3516,354,1097,12434680,0,0,0
rr2207,20220218,20220218,135107500,13:51:21,3516,354,1097,12434680,0,0,0
rr2207,20220218,20220218,135108000,13:51:21,3516,354,1097,12434680,0,0,0
rr2207,20220218,20220218,135120500,13:51:21,3516,354,1097,12434680,0,0,0
rr2207,20220218,20220218,135121000,13:51:21,3516,354,1097,12434680,0,0,0
rr2207,20220218,20220218,135121500,13:51:21,3516,354,1097,12434680,0,0,0
rr2207,20220218,20220218,135122000,13:51:22,3516,354,1097,12434680,0,0,0
rr2207,20220218,20220218,135122500,13:51:23,3516,354,1097,12434680,0,0,0
rr2207,20220218,20220218,135123000,13:51:23,3516,354,1097,12434680,0,0,0
rr2207,20220218,20220218,135123500,13:51:24,3516,354,1097,12434680,0,0,0
rr2207,20220218,20220218,135124000,13:51:24,3516,354,1097,12434680,0,0,0
rr2207,20220218,20220218,135124500,13:51:24,3516,354,1097,12434680,0,0,0
rr2207,20220218,20220218,135125000,13:51:25,3516,354,1097,12434680,0,0,0
rr2207,20220218,20220218,135125500,13:51:27,3516,354,1097,12434680,0,0,0
rr2207,20220218,20220218,135126000,13:51:27,3516,354,1097,12434680,0,0,0
rr2207,20220218,20220218,135126500,13:51:27,3516,354,1097,12434680,0,0,0
rr2207,20220218,20220218,135127000,13:51:27,3516,354,1097,12434680,0,0,0
rr2207,20220218,20220218,135127500,13:51:27,3516,354,1097,12434680,0,0,0
rr2207,20220218,20220218,135128000,13:51:28,3516,354,1097,12434680,0,0,0
rr2207,20220218,20220218,135128500,13:51:29,3515,369,1106,12962060,15,9,527380
rr2207,20220218,20220218,135129000,13:51:29,3515,369,1106,12962060,0,0,0
rr2207,20220218,20220218,135129500,13:51:30,3515,369,1106,12962060,0,0,0
rr2207,20220218,20220218,135130000,13:51:30,3515,369,1106,12962060,0,0,0
rr2207,20220218,20220218,135132000,13:51:32,3515,369,1106,12962060,0,0,0
rr2207,20220218,20220218,135132500,13:51:33,3515,369,1106,12962060,0,0,0
rr2207,20220218,20220218,135134000,13:51:34,3515,369,1106,12962060,0,0,0
rr2207,20220218,20220218,135135500,13:51:35,3515,369,1106,12962060,0,0,0
rr2207,20220218,20220218,135147500,13:51:48,3515,369,1106,12962060,0,0,0
rr2207,20220218,20220218,135152000,13:51:52,3515,369,1106,12962060,0,0,0
rr2207,20220218,20220218,135156000,13:51:56,3515,369,1106,12962060,0,0,0
rr2207,20220218,20220218,135201000,13:52:01,3515,369,1106,12962060,0,0,0
rr2207,20220218,20220218,135201500,13:52:03,3515,369,1106,12962060,0,0,0
rr2207,20220218,20220218,135202000,13:52:03,3515,369,1106,12962060,0,0,0
rr2207,20220218,20220218,135202500,13:52:03,3515,369,1106,12962060,0,0,0
rr2207,20220218,20220218,135203000,13:52:04,3515,369,1106,12962060,0,0,0
rr2207,20220218,20220218,135206500,13:52:08,3515,369,1106,12962060,0,0,0
rr2207,20220218,20220218,135207000,13:52:09,3515,369,1106,12962060,0,0,0
rr2207,20220218,20220218,135207500,13:52:10,3515,369,1106,12962060,0,0,0
rr2207,20220218,20220218,135225500,13:52:25,3515,369,1106,12962060,0,0,0
rr2207,20220218,20220218,135226000,13:52:26,3515,369,1106,12962060,0,0,0
rr2207,20220218,20220218,135229000,13:52:29,3515,369,1106,12962060,0,0,0
rr2207,20220218,20220218,135305000,13:53:08,3515,369,1106,12962060,0,0,0
rr2207,20220218,20220218,135305500,13:53:09,3515,369,1106,12962060,0,0,0
rr2207,20220218,20220218,135314500,13:53:15,3515,369,1106,12962060,0,0,0
rr2207,20220218,20220218,135315000,13:53:15,3515,369,1106,12962060,0,0,0
rr2207,20220218,20220218,135315500,13:53:16,3515,369,1106,12962060,0,0,0
rr2207,20220218,20220218,135407000,13:54:09,3515,369,1106,12962060,0,0,0
rr2207,20220218,20220218,135409000,13:54:10,3515,369,1106,12962060,0,0,0
rr2207,20220218,20220218,135442500,13:54:44,3515,369,1106,12962060,0,0,0
rr2207,20220218,20220218,135444000,13:54:44,3515,369,1106,12962060,0,0,0
rr2207,20220218,20220218,135447000,13:54:47,3515,369,1106,12962060,0,0,0
rr2207,20220218,20220218,135447500,13:54:47,3515,369,1106,12962060,0,0,0
rr2207,20220218,20220218,135448000,13:54:48,3515,369,1106,12962060,0,0,0
rr2207,20220218,20220218,135501500,13:55:02,3515,369,1106,12962060,0,0,0
rr2207,20220218,20220218,135522500,13:55:25,3515,369,1106,12962060,0,0,0
rr2207,20220218,20220218,135538000,13:55:38,3515,369,1106,12962060,0,0,0
rr2207,20220218,20220218,135554500,13:55:54,3515,369,1106,12962060,0,0,0
rr2207,20220218,20220218,135555000,13:55:55,3515,369,1106,12962060,0,0,0
rr2207,20220218,20220218,135632000,13:56:35,3515,369,1106,12962060,0,0,0
rr2207,20220218,20220218,135701500,13:57:02,3515,369,1106,12962060,0,0,0
rr2207,20220218,20220218,135702000,13:57:02,3515,369,1106,12962060,0,0,0
rr2207,20220218,20220218,135702500,13:57:03,3515,369,1106,12962060,0,0,0
