v2205,20220218,20220218,112003000,11:20:10,8611,639200,390789,27337429320,639200,-20739,27337429320
v2205,20220218,20220218,112004500,11:20:10,8612,639245,390775,27339367010,45,-14,1937690
v2205,20220218,20220218,112005000,11:20:10,8612,639252,390775,27339668435,7,0,301425
v2205,20220218,20220218,112006000,11:20:10,8613,639273,390771,27340572735,21,-4,904300
v2205,20220218,20220218,112006500,11:20:10,8613,639281,390770,27340917250,8,-1,344515
v2205,20220218,20220218,112007000,11:20:10,8613,639335,390794,27343242760,54,24,2325510
v2205,20220218,20220218,112007500,11:20:10,8613,639338,390793,27343371965,3,-1,129205
v2205,20220218,20220218,112008000,11:20:10,8614,639346,390790,27343716500,8,-3,344535
v2205,20220218,20220218,112008500,11:20:10,8613,639351,390790,27343931845,5,0,215345
v2205,20220218,20220218,112009000,11:20:10,8613,639352,390790,27343974910,1,0,43065
v2205,20220218,20220218,112009500,11:20:10,8614,639355,390789,27344104120,3,-1,129210
v2205,20220218,20220218,112010000,11:20:10,8614,639355,390789,27344104120,0,0,0
v2205,20220218,20220218,112010500,11:20:10,8613,639356,390789,27344147185,1,0,43065
v2205,20220218,20220218,112011000,11:20:11,8613,639376,390787,27345008485,20,-2,861300
v2205,20220218,20220218,112011500,11:20:12,8613,639381,390783,27345223815,5,-4,215330
v2205,20220218,20220218,112012000,11:20:12,8613,639384,390780,27345353015,3,-3,129200
v2205,20220218,20220218,112012500,11:20:12,8613,639386,390779,27345439150,2,-1,86135
v2205,20220218,20220218,112013000,11:20:13,8613,639395,390778,27345826765,9,-1,387615
v2205,20220218,20220218,112013500,11:20:13,8613,639398,390777,27345955965,3,-1,129200
v2205,20220218,20220218,112014000,11:20:14,8613,639398,390777,27345955965,0,0,0
v2205,20220218,20220218,112014500,11:20:14,8614,639406,390778,27346300495,8,1,344530
v2205,20220218,20220218,112015000,11:20:15,8614,639426,390779,27347161845,20,1,861350
v2205,20220218,20220218,112015500,11:20:16,8614,639431,390780,27347377195,5,1,215350
v2205,20220218,20220218,112016000,11:20:16,8614,639436,390779,27347592540,5,-1,215345
v2205,20220218,20220218,112016500,11:20:16,8614,639481,390798,27349530685,45,19,1938145
v2205,20220218,20220218,112017000,11:20:17,8614,639482,390798,27349573755,1,0,43070
v2205,20220218,20220218,112017500,11:20:17,8613,639525,390766,27351425555,43,-32,1851800
v2205,20220218,20220218,112018000,11:20:18,8613,639543,390759,27352200725,18,-7,775170
v2205,20220218,20220218,112018500,11:20:18,8614,639556,390763,27352760575,13,4,559850
v2205,20220218,20220218,112019000,11:20:19,8614,639560,390764,27352932855,4,1,172280
v2205,20220218,20220218,112019500,11:20:20,8613,639567,390765,27353234320,7,1,301465
v2205,20220218,20220218,112020000,11:20:20,8613,639585,390771,27354009490,18,6,775170
v2205,20220218,20220218,112020500,11:20:21,8613,639586,390771,27354052555,1,0,43065
v2205,20220218,20220218,112021000,11:20:21,8613,639590,390771,27354224815,4,0,172260
v2205,20220218,20220218,112021500,11:20:21,8613,639599,390772,27354612395,9,1,387580
v2205,20220218,20220218,112022000,11:20:22,8613,639615,390781,27355301440,16,9,689045
v2205,20220218,20220218,112022500,11:20:23,8614,639617,390781,27355387575,2,0,86135
v2205,20220218,20220218,112023000,11:20:23,8613,639618,390782,27355430640,1,1,43065
v2205,20220218,20220218,112024000,11:20:24,8613,639620,390783,27355516770,2,1,86130
v2205,20220218,20220218,112025500,11:20:25,8613,639620,390783,27355516770,0,0,0
v2205,20220218,20220218,112026000,11:20:26,8613,639626,390784,27355775160,6,1,258390
v2205,20220218,20220218,112026500,11:20:26,8613,639626,390784,27355775160,0,0,0
v2205,20220218,20220218,112027000,11:20:27,8613,639629,390785,27355904355,3,1,129195
v2205,20220218,20220218,112027500,11:20:28,8613,639657,390809,27357110175,28,24,1205820
v2205,20220218,20220218,112028000,11:20:28,8612,639682,390811,27358186750,25,2,1076575
v2205,20220218,20220218,112028500,11:20:28,8613,639686,390811,27358359005,4,0,172255
v2205,20220218,20220218,112029000,11:20:29,8613,639686,390811,27358359005,0,0,0
v2205,20220218,20220218,112029500,11:20:30,8613,639688,390812,27358445135,2,1,86130
v2205,20220218,20220218,112030000,11:20:31,8613,639688,390812,27358445135,0,0,0
v2205,20220218,20220218,112030500,11:20:31,8612,639882,390876,27366798495,194,64,8353360
v2205,20220218,20220218,112031000,11:20:32,8610,639964,390861,27370328650,82,-15,3530155
v2205,20220218,20220218,112031500,11:20:32,8611,640000,390846,27371878440,36,-15,1549790
v2205,20220218,20220218,112032000,11:20:32,8612,640034,390830,27373342320,34,-16,1463880
v2205,20220218,20220218,112032500,11:20:32,8612,640058,390830,27374375760,24,0,1033440
v2205,20220218,20220218,112033000,11:20:33,8611,640083,390829,27375452160,25,-1,1076400
v2205,20220218,20220218,112033500,11:20:33,8612,640093,390823,27375882720,10,-6,430560
v2205,20220218,20220218,112034000,11:20:34,8611,640097,390823,27376054955,4,0,172235
v2205,20220218,20220218,112034500,11:20:34,8612,640099,390823,27376141075,2,0,86120
v2205,20220218,20220218,112035000,11:20:35,8611,640100,390824,27376184130,1,1,43055
v2205,20220218,20220218,112035500,11:20:35,8611,640103,390823,27376313295,3,-1,129165
v2205,20220218,20220218,112036000,11:20:36,8611,640103,390823,27376313295,0,0,0
v2205,20220218,20220218,112036500,11:20:37,8611,640104,390824,27376356350,1,1,43055
v2205,20220218,20220218,112037000,11:20:37,8611,640104,390824,27376356350,0,0,0
v2205,20220218,20220218,112037500,11:20:38,8611,640108,390824,27376528570,4,0,172220
v2205,20220218,20220218,112038000,11:20:38,8611,640110,390824,27376614680,2,0,86110
v2205,20220218,20220218,112038500,11:20:38,8612,640112,390823,27376700800,2,-1,86120
v2205,20220218,20220218,112039000,11:20:39,8612,640127,390817,27377346675,15,-6,645875
v2205,20220218,20220218,112039500,11:20:40,8612,640132,390817,27377561975,5,0,215300
v2205,20220218,20220218,112040000,11:20:40,8612,640138,390818,27377820335,6,1,258360
v2205,20220218,20220218,112040500,11:20:41,8612,640138,390818,27377820335,0,0,0
v2205,20220218,20220218,112041000,11:20:41,8611,640139,390818,27377863390,1,0,43055
v2205,20220218,20220218,112041500,11:20:41,8611,640139,390818,27377863390,0,0,0
v2205,20220218,20220218,112042500,11:20:42,8611,640141,390820,27377949500,2,2,86110
v2205,20220218,20220218,112043000,11:20:43,8612,640147,390821,27378207855,6,1,258355
v2205,20220218,20220218,112043500,11:20:44,8612,640153,390821,27378466215,6,0,258360
v2205,20220218,20220218,112044000,11:20:44,8613,640158,390820,27378681525,5,-1,215310
v2205,20220218,20220218,112044500,11:20:45,8612,640164,390817,27378939885,6,-3,258360
v2205,20220218,20220218,112045000,11:20:45,8612,640164,390817,27378939885,0,0,0
v2205,20220218,20220218,112045500,11:20:46,8611,640165,390816,27378982940,1,-1,43055
v2205,20220218,20220218,112046000,11:20:46,8611,640165,390816,27378982940,0,0,0
v2205,20220218,20220218,112046500,11:20:46,8611,640166,390815,27379025995,1,-1,43055
v2205,20220218,20220218,112047000,11:20:48,8611,640167,390815,27379069050,1,0,43055
v2205,20220218,20220218,112047500,11:20:48,8611,640168,390815,27379112105,1,0,43055
v2205,20220218,20220218,112048000,11:20:48,8611,640173,390812,27379327395,5,-3,215290
v2205,20220218,20220218,112048500,11:20:50,8611,640173,390812,27379327395,0,0,0
v2205,20220218,20220218,112049000,11:20:50,8611,640175,390810,27379413505,2,-2,86110
v2205,20220218,20220218,112050500,11:20:51,8611,640202,390803,27380575990,27,-7,1162485
v2205,20220218,20220218,112051000,11:20:51,8611,640208,390798,27380834320,6,-5,258330
v2205,20220218,20220218,112051500,11:20:51,8611,640247,390789,27382513605,39,-9,1679285
v2205,20220218,20220218,112052000,11:20:53,8613,640251,390787,27382685850,4,-2,172245
v2205,20220218,20220218,112052500,11:20:53,8612,640254,390787,27382815030,3,0,129180
v2205,20220218,20220218,112053000,11:20:53,8613,640259,390786,27383030335,5,-1,215305
v2205,20220218,20220218,112053500,11:20:53,8612,640260,390786,27383073395,1,0,43060
v2205,20220218,20220218,112054000,11:20:54,8612,640267,390792,27383374815,7,6,301420
v2205,20220218,20220218,112054500,11:20:55,8612,640267,390792,27383374815,0,0,0
v2205,20220218,20220218,112055000,11:20:55,8612,640268,390792,27383417875,1,0,43060
v2205,20220218,20220218,112055500,11:20:56,8612,640272,390793,27383590115,4,1,172240
v2205,20220218,20220218,112056000,11:20:56,8611,640273,390794,27383633170,1,1,43055
v2205,20220218,20220218,112056500,11:20:57,8611,640273,390794,27383633170,0,0,0
v2205,20220218,20220218,112057000,11:20:58,8612,640274,390795,27383676230,1,1,43060
v2205,20220218,20220218,112057500,11:20:58,8613,640305,390806,27385011245,31,11,1335015
v2205,20220218,20220218,112058000,11:20:58,8614,640321,390803,27385700355,16,-3,689110
v2205,20220218,20220218,112058500,11:20:59,8614,640321,390803,27385700355,0,0,0
v2205,20220218,20220218,112059000,11:20:59,8614,640326,390798,27385915705,5,-5,215350
v2205,20220218,20220218,112059500,11:21:00,8614,640332,390798,27386174125,6,0,258420
v2205,20220218,20220218,112100000,11:21:00,8614,640335,390800,27386303325,3,2,129200
v2205,20220218,20220218,112101000,11:21:01,8614,640335,390800,27386303325,0,0,0
v2205,20220218,20220218,112101500,11:21:02,8614,640335,390800,27386303325,0,0,0
v2205,20220218,20220218,112102000,11:21:03,8614,640356,390793,27387207790,21,-7,904465
v2205,20220218,20220218,112102500,11:21:03,8614,640433,390760,27390524175,77,-33,3316385
v2205,20220218,20220218,112103000,11:21:03,8615,640575,390823,27396640820,142,63,6116645
v2205,20220218,20220218,112103500,11:21:04,8616,640610,390819,27398148525,35,-4,1507705
v2205,20220218,20220218,112104000,11:21:04,8616,640659,390805,27400259425,49,-14,2110900
v2205,20220218,20220218,112104500,11:21:05,8616,640678,390808,27401077880,19,3,818455
v2205,20220218,20220218,112105000,11:21:05,8616,640708,390830,27402370275,30,22,1292395
v2205,20220218,20220218,112105500,11:21:06,8616,640784,390800,27405644355,76,-30,3274080
v2205,20220218,20220218,112106000,11:21:07,8617,640799,390789,27406290630,15,-11,646275
v2205,20220218,20220218,112106500,11:21:07,8617,640833,390804,27407755500,34,15,1464870
v2205,20220218,20220218,112107000,11:21:09,8618,640849,390799,27408444885,16,-5,689385
v2205,20220218,20220218,112107500,11:21:10,8618,640870,390792,27409349695,21,-7,904810
v2205,20220218,20220218,112108000,11:21:10,8617,640978,390713,27414002900,108,-79,4653205
v2205,20220218,20220218,112108500,11:21:10,8617,641000,390724,27414950770,22,11,947870
v2205,20220218,20220218,112110000,11:21:11,8615,641055,390751,27417320085,55,27,2369315
v2205,20220218,20220218,112110500,11:21:11,8615,641086,390749,27418655375,31,-2,1335290
v2205,20220218,20220218,112111000,11:21:11,8615,641093,390747,27418956900,7,-2,301525
v2205,20220218,20220218,112111500,11:21:12,8615,641099,390746,27419215325,6,-1,258425
v2205,20220218,20220218,112112000,11:21:12,8615,641099,390746,27419215325,0,0,0
v2205,20220218,20220218,112112500,11:21:13,8615,641101,390745,27419301475,2,-1,86150
v2205,20220218,20220218,112113000,11:21:13,8614,641102,390745,27419344545,1,0,43070
v2205,20220218,20220218,112113500,11:21:13,8614,641102,390745,27419344545,0,0,0
v2205,20220218,20220218,112114500,11:21:14,8614,641121,390741,27420162855,19,-4,818310
v2205,20220218,20220218,112115000,11:21:15,8614,641123,390739,27420248995,2,-2,86140
v2205,20220218,20220218,112115500,11:21:15,8615,641135,390728,27420765850,12,-11,516855
v2205,20220218,20220218,112116000,11:21:16,8614,641153,390722,27421541035,18,-6,775185
v2205,20220218,20220218,112116500,11:21:17,8614,641171,390721,27422316225,18,-1,775190
v2205,20220218,20220218,112117000,11:21:17,8613,641188,390721,27423048330,17,0,732105
v2205,20220218,20220218,112117500,11:21:18,8612,641372,390803,27430970265,184,82,7921935
v2205,20220218,20220218,112118000,11:21:18,8611,641407,390817,27432477205,35,14,1506940
v2205,20220218,20220218,112118500,11:21:18,8611,641419,390817,27432993890,12,0,516685
v2205,20220218,20220218,112119000,11:21:19,8611,641447,390807,27434199560,28,-10,1205670
v2205,20220218,20220218,112119500,11:21:19,8612,641461,390815,27434802400,14,8,602840
v2205,20220218,20220218,112120000,11:21:20,8612,641484,390806,27435792780,23,-9,990380
v2205,20220218,20220218,112120500,11:21:21,8612,641490,390809,27436051140,6,3,258360
v2205,20220218,20220218,112121000,11:21:22,8612,641493,390807,27436180320,3,-2,129180
v2205,20220218,20220218,112121500,11:21:22,8612,641497,390805,27436352560,4,-2,172240
v2205,20220218,20220218,112122000,11:21:22,8612,641497,390805,27436352560,0,0,0
v2205,20220218,20220218,112123000,11:21:23,8613,641498,390805,27436395625,1,0,43065
v2205,20220218,20220218,112123500,11:21:24,8613,641498,390805,27436395625,0,0,0
v2205,20220218,20220218,112124000,11:21:24,8613,641498,390805,27436395625,0,0,0
v2205,20220218,20220218,112124500,11:21:25,8613,641498,390805,27436395625,0,0,0
v2205,20220218,20220218,112125000,11:21:29,8612,641500,390807,27436481745,2,2,86120
v2205,20220218,20220218,112125500,11:23:32,8612,641504,390810,27436653995,4,3,172250
v2205,20220218,20220218,112126000,11:23:33,8612,641504,390810,27436653995,0,0,0
v2205,20220218,20220218,112332500,11:23:33,8611,643777,390487,27534522370,2273,-323,97868375
v2205,20220218,20220218,112333500,11:23:33,8611,643778,390486,27534565425,1,-1,43055
v2205,20220218,20220218,112334000,11:23:34,8611,643783,390488,27534780700,5,2,215275
v2205,20220218,20220218,112334500,11:23:34,8611,643788,390488,27534995975,5,0,215275
v2205,20220218,20220218,112335000,11:23:35,8611,643796,390482,27535340415,8,-6,344440
v2205,20220218,20220218,112335500,11:23:35,8611,643799,390479,27535469580,3,-3,129165
v2205,20220218,20220218,112336000,11:23:36,8611,643799,390479,27535469580,0,0,0
v2205,20220218,20220218,112336500,11:23:38,8611,643799,390479,27535469580,0,0,0
v2205,20220218,20220218,112337000,11:23:38,8611,643801,390477,27535555695,2,-2,86115
v2205,20220218,20220218,112337500,11:23:38,8611,643806,390477,27535770970,5,0,215275
v2205,20220218,20220218,112338000,11:23:38,8611,643809,390478,27535900140,3,1,129170
v2205,20220218,20220218,112338500,11:23:38,8611,643814,390478,27536115415,5,0,215275
v2205,20220218,20220218,112339000,11:23:39,8611,643814,390478,27536115415,0,0,0
v2205,20220218,20220218,112339500,11:23:39,8611,643816,390479,27536201525,2,1,86110
v2205,20220218,20220218,112340000,11:23:40,8612,643819,390477,27536330705,3,-2,129180
v2205,20220218,20220218,112340500,11:23:40,8612,643845,390481,27537450265,26,4,1119560
v2205,20220218,20220218,112341000,11:23:41,8612,643845,390481,27537450265,0,0,0
v2205,20220218,20220218,112341500,11:23:42,8612,643876,390483,27538785260,31,2,1334995
v2205,20220218,20220218,112342000,11:23:42,8614,643889,390485,27539345050,13,2,559790
v2205,20220218,20220218,112342500,11:23:42,8614,643901,390480,27539861835,12,-5,516785
v2205,20220218,20220218,112343000,11:23:43,8613,643905,390479,27540034080,4,-1,172245
v2205,20220218,20220218,112343500,11:23:43,8613,643911,390477,27540292470,6,-2,258390
v2205,20220218,20220218,112344000,11:23:46,8613,643911,390477,27540292470,0,0,0
v2205,20220218,20220218,112345000,11:23:48,8613,643911,390477,27540292470,0,0,0
v2205,20220218,20220218,112345500,11:23:48,8612,643918,390472,27540593890,7,-5,301420
v2205,20220218,20220218,112348000,11:23:48,8612,643918,390472,27540593890,0,0,0
v2205,20220218,20220218,112349000,11:23:49,8612,643918,390472,27540593890,0,0,0
v2205,20220218,20220218,112349500,11:23:50,8613,643958,390473,27542316485,40,1,1722595
v2205,20220218,20220218,112350000,11:23:50,8613,643969,390475,27542790240,11,2,473755
v2205,20220218,20220218,112351000,11:23:51,8613,643970,390474,27542833305,1,-1,43065
v2205,20220218,20220218,112351500,11:23:51,8613,643970,390474,27542833305,0,0,0
v2205,20220218,20220218,112352000,11:23:52,8613,643983,390470,27543393160,13,-4,559855
v2205,20220218,20220218,112352500,11:23:52,8613,643983,390470,27543393160,0,0,0
v2205,20220218,20220218,112353000,11:23:53,8613,643987,390469,27543565420,4,-1,172260
v2205,20220218,20220218,112353500,11:23:53,8613,643988,390469,27543608485,1,0,43065
v2205,20220218,20220218,112354000,11:23:54,8611,644016,390476,27544814160,28,7,1205675
v2205,20220218,20220218,112354500,11:23:55,8613,644045,390472,27546062950,29,-4,1248790
v2205,20220218,20220218,112355000,11:23:55,8612,644051,390468,27546321310,6,-4,258360
v2205,20220218,20220218,112355500,11:23:55,8612,644054,390467,27546450490,3,-1,129180
v2205,20220218,20220218,112356000,11:23:56,8612,644054,390467,27546450490,0,0,0
v2205,20220218,20220218,112357000,11:23:57,8611,644062,390467,27546794930,8,0,344440
v2205,20220218,20220218,112357500,11:23:57,8611,644073,390475,27547268535,11,8,473605
v2205,20220218,20220218,112358000,11:23:58,8611,644085,390482,27547785190,12,7,516655
v2205,20220218,20220218,112358500,11:23:58,8612,644086,390483,27547828250,1,1,43060
v2205,20220218,20220218,112359000,11:23:59,8611,644090,390483,27548000475,4,0,172225
v2205,20220218,20220218,112359500,11:23:59,8611,644091,390483,27548043530,1,0,43055
v2205,20220218,20220218,112400000,11:24:00,8612,644097,390483,27548301890,6,0,258360
v2205,20220218,20220218,112400500,11:24:00,8612,644109,390485,27548818610,12,2,516720
v2205,20220218,20220218,112401000,11:24:01,8612,644109,390485,27548818610,0,0,0
v2205,20220218,20220218,112402000,11:24:02,8612,644113,390485,27548990850,4,0,172240
v2205,20220218,20220218,112402500,11:24:02,8611,644115,390485,27549076965,2,0,86115
v2205,20220218,20220218,112403000,11:24:03,8611,644115,390485,27549076965,0,0,0
v2205,20220218,20220218,112403500,11:24:04,8611,644129,390480,27549679775,14,-5,602810
v2205,20220218,20220218,112404000,11:24:04,8613,644134,390482,27549895080,5,2,215305
v2205,20220218,20220218,112404500,11:24:04,8613,644134,390482,27549895080,0,0,0
v2205,20220218,20220218,112405000,11:24:05,8612,644160,390465,27551014640,26,-17,1119560
v2205,20220218,20220218,112405500,11:24:05,8613,644171,390460,27551488355,11,-5,473715
v2205,20220218,20220218,112406000,11:24:06,8613,644241,390393,27554502910,70,-67,3014555
v2205,20220218,20220218,112406500,11:24:06,8615,644285,390388,27556397995,44,-5,1895085
v2205,20220218,20220218,112407000,11:24:07,8615,644350,390393,27559197775,65,5,2799780
v2205,20220218,20220218,112407500,11:24:08,8615,644389,390385,27560877750,39,-8,1679975
v2205,20220218,20220218,112408000,11:24:08,8615,644452,390364,27563591445,63,-21,2713695
v2205,20220218,20220218,112408500,11:24:08,8614,644464,390363,27564108325,12,-1,516880
v2205,20220218,20220218,112409000,11:24:09,8614,644473,390364,27564495955,9,1,387630
v2205,20220218,20220218,112409500,11:24:11,8614,644473,390364,27564495955,0,0,0
v2205,20220218,20220218,112410000,11:24:12,8614,644485,390368,27565012795,12,4,516840
v2205,20220218,20220218,112410500,11:24:12,8613,644489,390368,27565185055,4,0,172260
v2205,20220218,20220218,112411500,11:24:12,8613,644489,390368,27565185055,0,0,0
v2205,20220218,20220218,112412000,11:24:12,8614,644493,390367,27565357330,4,-1,172275
v2205,20220218,20220218,112412500,11:24:12,8614,644553,390350,27567941095,60,-17,2583765
v2205,20220218,20220218,112413000,11:24:13,8612,644564,390350,27568414770,11,0,473675
v2205,20220218,20220218,112413500,11:24:14,8613,644568,390351,27568587015,4,1,172245
v2205,20220218,20220218,112414000,11:24:14,8613,644570,390351,27568673145,2,0,86130
v2205,20220218,20220218,112414500,11:24:14,8612,644571,390351,27568716205,1,0,43060
v2205,20220218,20220218,112415000,11:24:15,8613,644572,390351,27568759270,1,0,43065
v2205,20220218,20220218,112416000,11:24:16,8612,644573,390351,27568802330,1,0,43060
v2205,20220218,20220218,112416500,11:24:17,8612,644575,390350,27568888450,2,-1,86120
v2205,20220218,20220218,112417000,11:24:17,8612,644575,390350,27568888450,0,0,0
v2205,20220218,20220218,112418000,11:24:18,8613,644577,390349,27568974580,2,-1,86130
v2205,20220218,20220218,112418500,11:24:19,8612,644578,390348,27569017640,1,-1,43060
v2205,20220218,20220218,112419000,11:24:19,8613,644584,390349,27569276025,6,1,258385
v2205,20220218,20220218,112419500,11:24:20,8613,644622,390329,27570912380,38,-20,1636355
v2205,20220218,20220218,112420500,11:24:20,8613,644622,390329,27570912380,0,0,0
v2205,20220218,20220218,112421500,11:24:22,8612,644623,390328,27570955440,1,-1,43060
v2205,20220218,20220218,112422000,11:24:22,8612,644629,390331,27571213800,6,3,258360
v2205,20220218,20220218,112422500,11:24:23,8612,644642,390330,27571773580,13,-1,559780
v2205,20220218,20220218,112423000,11:24:23,8612,644645,390330,27571902750,3,0,129170
v2205,20220218,20220218,112423500,11:24:23,8612,644651,390329,27572161110,6,-1,258360
v2205,20220218,20220218,112424000,11:24:24,8611,644652,390329,27572204165,1,0,43055
v2205,20220218,20220218,112424500,11:24:24,8612,644657,390324,27572419465,5,-5,215300
v2205,20220218,20220218,112425000,11:24:25,8612,644663,390324,27572677810,6,0,258345
v2205,20220218,20220218,112425500,11:24:25,8612,644666,390322,27572806990,3,-2,129180
v2205,20220218,20220218,112426000,11:24:26,8612,644670,390325,27572979230,4,3,172240
v2205,20220218,20220218,112427000,11:24:27,8612,644678,390324,27573323710,8,-1,344480
v2205,20220218,20220218,112427500,11:24:28,8612,644678,390324,27573323710,0,0,0
v2205,20220218,20220218,112428000,11:24:28,8612,644678,390324,27573323710,0,0,0
v2205,20220218,20220218,112428500,11:24:28,8612,644678,390324,27573323710,0,0,0
v2205,20220218,20220218,112429000,11:24:29,8612,644679,390324,27573366770,1,0,43060
v2205,20220218,20220218,112429500,11:24:29,8612,644680,390324,27573409830,1,0,43060
v2205,20220218,20220218,112430000,11:24:30,8612,644681,390325,27573452890,1,1,43060
v2205,20220218,20220218,112430500,11:24:30,8611,644684,390324,27573582055,3,-1,129165
v2205,20220218,20220218,112431000,11:24:31,8611,644704,390317,27574443155,20,-7,861100
v2205,20220218,20220218,112431500,11:24:31,8611,644704,390317,27574443155,0,0,0
v2205,20220218,20220218,112432000,11:24:32,8611,644705,390317,27574486210,1,0,43055
v2205,20220218,20220218,112432500,11:24:32,8611,644706,390318,27574529265,1,1,43055
v2205,20220218,20220218,112433000,11:24:33,8611,644708,390317,27574615380,2,-1,86115
v2205,20220218,20220218,112434000,11:24:34,8611,644708,390317,27574615380,0,0,0
v2205,20220218,20220218,112434500,11:24:34,8612,644722,390315,27575218220,14,-2,602840
v2205,20220218,20220218,112435500,11:24:35,8612,644724,390317,27575304340,2,2,86120
v2205,20220218,20220218,112436000,11:24:36,8613,644725,390316,27575347405,1,-1,43065
v2205,20220218,20220218,112436500,11:24:36,8613,644726,390315,27575390470,1,-1,43065
v2205,20220218,20220218,112437000,11:24:37,8613,644726,390315,27575390470,0,0,0
v2205,20220218,20220218,112437500,11:24:39,8612,644736,390311,27575821070,10,-4,430600
v2205,20220218,20220218,112438000,11:24:39,8612,644736,390311,27575821070,0,0,0
v2205,20220218,20220218,112439000,11:24:40,8611,644738,390311,27575907185,2,0,86115
v2205,20220218,20220218,112440000,11:24:40,8611,644738,390311,27575907185,0,0,0
v2205,20220218,20220218,112440500,11:24:40,8612,644739,390310,27575950245,1,-1,43060
v2205,20220218,20220218,112441000,11:24:41,8612,644756,390312,27576682265,17,2,732020
v2205,20220218,20220218,112441500,11:24:41,8612,644757,390312,27576725325,1,0,43060
v2205,20220218,20220218,112442000,11:24:42,8612,644757,390312,27576725325,0,0,0
v2205,20220218,20220218,112442500,11:24:42,8612,644768,390313,27577198985,11,1,473660
v2205,20220218,20220218,112443000,11:24:43,8612,644770,390312,27577285105,2,-1,86120
v2205,20220218,20220218,112443500,11:24:43,8612,644770,390312,27577285105,0,0,0
v2205,20220218,20220218,112444000,11:24:44,8612,644773,390311,27577414285,3,-1,129180
v2205,20220218,20220218,112444500,11:24:44,8612,644779,390316,27577672645,6,5,258360
v2205,20220218,20220218,112445000,11:24:45,8612,644782,390316,27577801825,3,0,129180
v2205,20220218,20220218,112445500,11:24:45,8613,644823,390316,27579567490,41,0,1765665
v2205,20220218,20220218,112446000,11:24:46,8614,644828,390315,27579782820,5,-1,215330
v2205,20220218,20220218,112446500,11:24:46,8613,644838,390311,27580213510,10,-4,430690
v2205,20220218,20220218,112447000,11:24:47,8613,644865,390300,27581376275,27,-11,1162765
v2205,20220218,20220218,112447500,11:24:47,8612,644926,390266,27584002935,61,-34,2626660
v2205,20220218,20220218,112448000,11:24:48,8612,644926,390266,27584002935,0,0,0
v2205,20220218,20220218,112448500,11:24:49,8612,644951,390264,27585079435,25,-2,1076500
v2205,20220218,20220218,112449000,11:24:49,8612,644951,390264,27585079435,0,0,0
v2205,20220218,20220218,112449500,11:24:49,8612,644952,390263,27585122495,1,-1,43060
v2205,20220218,20220218,112450000,11:24:50,8613,644956,390259,27585294755,4,-4,172260
v2205,20220218,20220218,112450500,11:24:50,8613,644958,390260,27585380885,2,1,86130
v2205,20220218,20220218,112451000,11:24:51,8613,644959,390260,27585423950,1,0,43065
v2205,20220218,20220218,112451500,11:24:52,8613,644959,390260,27585423950,0,0,0
v2205,20220218,20220218,112452000,11:24:52,8612,644979,390256,27586285150,20,-4,861200
v2205,20220218,20220218,112452500,11:24:52,8613,644982,390254,27586414345,3,-2,129195
v2205,20220218,20220218,112453000,11:24:53,8613,644989,390248,27586715800,7,-6,301455
v2205,20220218,20220218,112453500,11:24:53,8614,645007,390247,27587491005,18,-1,775205
v2205,20220218,20220218,112454000,11:24:54,8614,645007,390247,27587491005,0,0,0
v2205,20220218,20220218,112454500,11:24:54,8613,645015,390247,27587835525,8,0,344520
v2205,20220218,20220218,112455000,11:24:55,8613,645015,390247,27587835525,0,0,0
v2205,20220218,20220218,112455500,11:24:56,8612,645017,390246,27587921645,2,-1,86120
v2205,20220218,20220218,112456000,11:24:56,8612,645022,390243,27588136945,5,-3,215300
v2205,20220218,20220218,112456500,11:24:56,8612,645022,390243,27588136945,0,0,0
v2205,20220218,20220218,112457000,11:24:57,8613,645029,390243,27588438395,7,0,301450
v2205,20220218,20220218,112457500,11:24:57,8612,645030,390243,27588481455,1,0,43060
v2205,20220218,20220218,112458000,11:24:58,8614,645081,390250,27590677770,51,7,2196315
v2205,20220218,20220218,112458500,11:24:58,8613,645088,390253,27590979230,7,3,301460
v2205,20220218,20220218,112459000,11:24:59,8614,645091,390253,27591108440,3,0,129210
v2205,20220218,20220218,112459500,11:24:59,8614,645122,390258,27592443610,31,5,1335170
v2205,20220218,20220218,112500000,11:25:00,8614,645122,390258,27592443610,0,0,0
v2205,20220218,20220218,112500500,11:25:01,8614,645123,390259,27592486680,1,1,43070
v2205,20220218,20220218,112501000,11:25:01,8614,645144,390256,27593391155,21,-3,904475
v2205,20220218,20220218,112501500,11:25:04,8614,645155,390259,27593864925,11,3,473770
v2205,20220218,20220218,112502000,11:25:05,8615,645157,390258,27593951070,2,-1,86145
v2205,20220218,20220218,112502500,11:25:06,8615,645164,390256,27594252575,7,-2,301505
v2205,20220218,20220218,112504500,11:25:06,8615,645296,390255,27599938655,132,-1,5686080
v2205,20220218,20220218,112505000,11:25:06,8616,645300,390254,27600110970,4,-1,172315
v2205,20220218,20220218,112505500,11:25:06,8617,645346,390259,27602092855,46,5,1981885
v2205,20220218,20220218,112506000,11:25:06,8618,645357,390256,27602566805,11,-3,473950
v2205,20220218,20220218,112506500,11:25:07,8618,645377,390251,27603428580,20,-5,861775
v2205,20220218,20220218,112507000,11:25:07,8618,645412,390253,27604936690,35,2,1508110
v2205,20220218,20220218,112507500,11:25:07,8618,645435,390245,27605927760,23,-8,991070
v2205,20220218,20220218,112508000,11:25:08,8618,645503,390216,27608857895,68,-29,2930135
v2205,20220218,20220218,112508500,11:25:08,8619,645602,390201,27613123780,99,-15,4265885
v2205,20220218,20220218,112509000,11:25:09,8618,645634,390190,27614502690,32,-11,1378910
v2205,20220218,20220218,112509500,11:25:09,8619,645657,390182,27615493795,23,-8,991105
v2205,20220218,20220218,112510000,11:25:10,8618,645678,390175,27616398680,21,-7,904885
v2205,20220218,20220218,112510500,11:25:10,8618,645696,390159,27617174295,18,-16,775615
v2205,20220218,20220218,112511000,11:25:11,8618,645701,390159,27617389740,5,0,215445
v2205,20220218,20220218,112511500,11:25:11,8619,645754,390117,27619673620,53,-42,2283880
v2205,20220218,20220218,112512000,11:25:12,8619,645760,390117,27619932165,6,0,258545
v2205,20220218,20220218,112512500,11:25:12,8619,645772,390116,27620449305,12,-1,517140
v2205,20220218,20220218,112513000,11:25:13,8618,645775,390115,27620578580,3,-1,129275
v2205,20220218,20220218,112513500,11:25:15,8618,645814,390116,27622259195,39,1,1680615
v2205,20220218,20220218,112514000,11:25:15,8619,645823,390115,27622647040,9,-1,387845
v2205,20220218,20220218,112514500,11:25:15,8619,645826,390113,27622776325,3,-2,129285
v2205,20220218,20220218,112515000,11:25:16,8619,645835,390121,27623164140,9,8,387815
v2205,20220218,20220218,112515500,11:25:16,8618,645841,390124,27623422690,6,3,258550
v2205,20220218,20220218,112516000,11:25:16,8618,645846,390120,27623638120,5,-4,215430
v2205,20220218,20220218,112516500,11:25:16,8618,645847,390120,27623681210,1,0,43090
v2205,20220218,20220218,112517000,11:25:18,8618,645850,390119,27623810480,3,-1,129270
v2205,20220218,20220218,112517500,11:25:18,8617,645862,390113,27624327500,12,-6,517020
v2205,20220218,20220218,112518000,11:25:19,8617,645889,390120,27625490795,27,7,1163295
v2205,20220218,20220218,112518500,11:25:19,8617,645916,390119,27626654140,27,-1,1163345
v2205,20220218,20220218,112519000,11:25:19,8617,645918,390120,27626740310,2,1,86170
v2205,20220218,20220218,112519500,11:25:19,8617,645924,390120,27626998815,6,0,258505
v2205,20220218,20220218,112520000,11:25:20,8617,645930,390125,27627257335,6,5,258520
v2205,20220218,20220218,112520500,11:25:21,8617,645933,390124,27627386590,3,-1,129255
v2205,20220218,20220218,112521000,11:25:21,8617,645934,390124,27627429675,1,0,43085
v2205,20220218,20220218,112521500,11:25:22,8617,645934,390124,27627429675,0,0,0
v2205,20220218,20220218,112522000,11:25:22,8616,645935,390125,27627472755,1,1,43080
v2205,20220218,20220218,112522500,11:25:23,8616,645992,390112,27629928315,57,-13,2455560
v2205,20220218,20220218,112523000,11:25:23,8616,646009,390103,27630660675,17,-9,732360
v2205,20220218,20220218,112523500,11:25:24,8616,646022,390102,27631220715,13,-1,560040
v2205,20220218,20220218,112524000,11:25:25,8616,646024,390102,27631306870,2,0,86155
v2205,20220218,20220218,112524500,11:25:25,8615,646056,390105,27632685285,32,3,1378415
v2205,20220218,20220218,112525000,11:25:25,8615,646070,390095,27633288375,14,-10,603090
v2205,20220218,20220218,112525500,11:25:26,8615,646080,390089,27633719125,10,-6,430750
v2205,20220218,20220218,112526000,11:25:26,8615,646091,390084,27634192950,11,-5,473825
v2205,20220218,20220218,112526500,11:25:27,8615,646095,390084,27634365250,4,0,172300
v2205,20220218,20220218,112527000,11:25:27,8615,646103,390083,27634709850,8,-1,344600
v2205,20220218,20220218,112527500,11:25:28,8615,646103,390083,27634709850,0,0,0
v2205,20220218,20220218,112528000,11:25:28,8615,646112,390079,27635097525,9,-4,387675
v2205,20220218,20220218,112528500,11:25:28,8614,646133,390079,27636002005,21,0,904480
v2205,20220218,20220218,112529000,11:25:29,8615,646154,390074,27636906485,21,-5,904480
v2205,20220218,20220218,112529500,11:25:30,8613,646161,390078,27637207965,7,4,301480
v2205,20220218,20220218,112530000,11:25:30,8612,646225,390060,27639964060,64,-18,2756095
v2205,20220218,20220218,112530500,11:25:31,8611,646268,390051,27641815675,43,-9,1851615
v2205,20220218,20220218,112531000,11:25:31,8612,646328,390022,27644399340,60,-29,2583665
v2205,20220218,20220218,112531500,11:25:32,8612,646342,390013,27645002190,14,-9,602850
v2205,20220218,20220218,112532000,11:25:32,8612,646379,389986,27646595555,37,-27,1593365
v2205,20220218,20220218,112532500,11:25:33,8613,646436,389942,27649050280,57,-44,2454725
v2205,20220218,20220218,112533000,11:25:33,8613,646448,389932,27649567115,12,-10,516835
v2205,20220218,20220218,112533500,11:25:33,8614,646470,389923,27650514600,22,-9,947485
v2205,20220218,20220218,112534000,11:25:34,8614,646472,389923,27650600740,2,0,86140
v2205,20220218,20220218,112534500,11:25:34,8613,646475,389926,27650729935,3,3,129195
v2205,20220218,20220218,112535000,11:25:36,8613,646476,389927,27650773000,1,1,43065
v2205,20220218,20220218,112536000,11:25:37,8614,646491,389925,27651418980,15,-2,645980
v2205,20220218,20220218,112536500,11:25:37,8614,646491,389925,27651418980,0,0,0
v2205,20220218,20220218,112537000,11:25:37,8613,646492,389925,27651462045,1,0,43065
v2205,20220218,20220218,112537500,11:25:38,8613,646493,389924,27651505110,1,-1,43065
v2205,20220218,20220218,112538000,11:25:38,8613,646494,389923,27651548175,1,-1,43065
v2205,20220218,20220218,112538500,11:25:39,8613,646497,389922,27651677370,3,-1,129195
v2205,20220218,20220218,112539000,11:25:39,8612,646513,389920,27652366330,16,-2,688960
v2205,20220218,20220218,112539500,11:25:40,8613,646573,389925,27654950370,60,5,2584040
v2205,20220218,20220218,112540000,11:25:40,8614,646578,389924,27655165710,5,-1,215340
v2205,20220218,20220218,112540500,11:25:41,8614,646578,389924,27655165710,0,0,0
v2205,20220218,20220218,112541000,11:25:41,8613,646600,389913,27656113145,22,-11,947435
v2205,20220218,20220218,112541500,11:25:41,8613,646605,389912,27656328490,5,-1,215345
v2205,20220218,20220218,112542000,11:25:42,8613,646626,389914,27657232875,21,2,904385
v2205,20220218,20220218,112542500,11:25:43,8613,646634,389917,27657577395,8,3,344520
v2205,20220218,20220218,112543000,11:25:43,8613,646639,389914,27657792720,5,-3,215325
v2205,20220218,20220218,112543500,11:25:43,8613,646640,389914,27657835785,1,0,43065
v2205,20220218,20220218,112544000,11:25:44,8614,646648,389910,27658180320,8,-4,344535
v2205,20220218,20220218,112544500,11:25:44,8614,646682,389909,27659644595,34,-1,1464275
v2205,20220218,20220218,112545000,11:25:45,8612,646719,389906,27661237970,37,-3,1593375
v2205,20220218,20220218,112545500,11:25:46,8613,646731,389900,27661754775,12,-6,516805
v2205,20220218,20220218,112546000,11:25:47,8614,646740,389901,27662142405,9,1,387630
v2205,20220218,20220218,112546500,11:25:47,8613,646745,389897,27662357750,5,-4,215345
v2205,20220218,20220218,112547000,11:25:48,8613,646750,389896,27662573075,5,-1,215325
v2205,20220218,20220218,112547500,11:25:48,8613,646751,389896,27662616140,1,0,43065
v2205,20220218,20220218,112548000,11:25:48,8613,646775,389892,27663649790,24,-4,1033650
v2205,20220218,20220218,112548500,11:25:48,8615,646796,389885,27664554255,21,-7,904465
v2205,20220218,20220218,112549000,11:25:49,8614,646801,389880,27664769625,5,-5,215370
v2205,20220218,20220218,112549500,11:25:49,8614,646821,389876,27665631025,20,-4,861400
v2205,20220218,20220218,112550000,11:25:50,8613,646832,389872,27666104790,11,-4,473765
v2205,20220218,20220218,112550500,11:25:50,8613,646832,389872,27666104790,0,0,0
v2205,20220218,20220218,112551000,11:25:51,8613,646860,389869,27667310655,28,-3,1205865
v2205,20220218,20220218,112551500,11:25:51,8613,646860,389869,27667310655,0,0,0
v2205,20220218,20220218,112552000,11:25:52,8614,646861,389869,27667353725,1,0,43070
v2205,20220218,20220218,112552500,11:25:52,8614,646959,389893,27671574960,98,24,4221235
v2205,20220218,20220218,112553000,11:25:53,8614,646967,389890,27671919530,8,-3,344570
v2205,20220218,20220218,112553500,11:25:54,8614,646967,389890,27671919530,0,0,0
v2205,20220218,20220218,112554000,11:25:54,8614,646971,389887,27672091815,4,-3,172285
v2205,20220218,20220218,112554500,11:25:55,8613,646972,389887,27672134880,1,0,43065
v2205,20220218,20220218,112555000,11:25:55,8614,646973,389886,27672177950,1,-1,43070
v2205,20220218,20220218,112555500,11:25:56,8614,646974,389885,27672221020,1,-1,43070
v2205,20220218,20220218,112556000,11:25:57,8613,647015,389869,27673986685,41,-16,1765665
v2205,20220218,20220218,112556500,11:25:57,8613,647029,389866,27674589595,14,-3,602910
v2205,20220218,20220218,112557000,11:25:57,8613,647031,389868,27674675725,2,2,86130
v2205,20220218,20220218,112557500,11:25:57,8613,647043,389870,27675192480,12,2,516755
v2205,20220218,20220218,112558000,11:25:59,8614,647053,389872,27675623180,10,2,430700
v2205,20220218,20220218,112558500,11:25:59,8614,647071,389886,27676398440,18,14,775260
v2205,20220218,20220218,112559000,11:26:00,8614,647072,389887,27676441510,1,1,43070
v2205,20220218,20220218,112559500,11:26:00,8614,647074,389887,27676527650,2,0,86140
v2205,20220218,20220218,112600000,11:26:00,8614,647085,389885,27677001420,11,-2,473770
v2205,20220218,20220218,112600500,11:26:01,8615,647092,389884,27677302930,7,-1,301510
v2205,20220218,20220218,112601000,11:26:01,8613,647122,389876,27678594880,30,-8,1291950
v2205,20220218,20220218,112601500,11:26:01,8613,647122,389876,27678594880,0,0,0
v2205,20220218,20220218,112602000,11:26:03,8613,647157,389881,27680102150,35,5,1507270
v2205,20220218,20220218,112602500,11:26:03,8613,647205,389883,27682169270,48,2,2067120
v2205,20220218,20220218,112603000,11:26:03,8613,647250,389863,27684107400,45,-20,1938130
v2205,20220218,20220218,112603500,11:26:03,8614,647336,389855,27687811420,86,-8,3704020
v2205,20220218,20220218,112604000,11:26:05,8615,647366,389852,27689103670,30,-3,1292250
v2205,20220218,20220218,112604500,11:26:05,8615,647449,389865,27692678870,83,13,3575200
v2205,20220218,20220218,112605000,11:26:05,8616,647460,389868,27693152710,11,3,473840
v2205,20220218,20220218,112605500,11:26:05,8616,647520,389867,27695737480,60,-1,2584770
v2205,20220218,20220218,112606000,11:26:06,8617,647521,389867,27695780565,1,0,43085
v2205,20220218,20220218,112606500,11:26:07,8617,647547,389862,27696900765,26,-5,1120200
v2205,20220218,20220218,112607000,11:26:09,8616,647645,389805,27701122595,98,-57,4221830
v2205,20220218,20220218,112607500,11:26:09,8616,647674,389794,27702371895,29,-11,1249300
v2205,20220218,20220218,112608000,11:26:09,8616,647675,389795,27702414975,1,1,43080
v2205,20220218,20220218,112609000,11:26:10,8616,647711,389819,27703965855,36,24,1550880
v2205,20220218,20220218,112609500,11:26:10,8616,647716,389822,27704181255,5,3,215400
v2205,20220218,20220218,112610000,11:26:10,8616,647731,389816,27704827440,15,-6,646185
v2205,20220218,20220218,112610500,11:26:10,8616,647738,389820,27705129000,7,4,301560
v2205,20220218,20220218,112611000,11:26:11,8617,647749,389827,27705602910,11,7,473910
v2205,20220218,20220218,112612000,11:26:14,8616,647758,389826,27705990630,9,-1,387720
v2205,20220218,20220218,112612500,11:26:14,8616,647786,389821,27707196920,28,-5,1206290
v2205,20220218,20220218,112613000,11:26:15,8616,647794,389821,27707541560,8,0,344640
v2205,20220218,20220218,112613500,11:26:15,8616,647794,389821,27707541560,0,0,0
v2205,20220218,20220218,112614000,11:26:15,8615,647796,389819,27707627710,2,-2,86150
v2205,20220218,20220218,112614500,11:26:15,8616,647826,389805,27708919980,30,-14,1292270
v2205,20220218,20220218,112615000,11:26:16,8615,647834,389803,27709264580,8,-2,344600
v2205,20220218,20220218,112615500,11:26:16,8614,647848,389802,27709867590,14,-1,603010
v2205,20220218,20220218,112616000,11:26:16,8615,647867,389796,27710685930,19,-6,818340
v2205,20220218,20220218,112616500,11:26:16,8613,647880,389785,27711245885,13,-11,559955
v2205,20220218,20220218,112617000,11:26:17,8615,647905,389767,27712322725,25,-18,1076840
v2205,20220218,20220218,112617500,11:26:17,8615,647909,389767,27712495025,4,0,172300
v2205,20220218,20220218,112618000,11:26:18,8615,647910,389767,27712538100,1,0,43075
v2205,20220218,20220218,112618500,11:26:18,8614,647915,389771,27712753460,5,4,215360
v2205,20220218,20220218,112619000,11:26:19,8614,647920,389770,27712968810,5,-1,215350
v2205,20220218,20220218,112619500,11:26:20,8614,647928,389768,27713313370,8,-2,344560
v2205,20220218,20220218,112620000,11:26:20,8614,647952,389763,27714346945,24,-5,1033575
v2205,20220218,20220218,112620500,11:26:20,8614,647952,389763,27714346945,0,0,0
v2205,20220218,20220218,112621000,11:26:21,8614,647953,389762,27714390015,1,-1,43070
v2205,20220218,20220218,112621500,11:26:21,8614,647983,389762,27715682115,30,0,1292100
v2205,20220218,20220218,112622000,11:26:22,8614,647992,389760,27716069745,9,-2,387630
v2205,20220218,20220218,112622500,11:26:22,8614,647996,389761,27716242025,4,1,172280
v2205,20220218,20220218,112623000,11:26:23,8614,648000,389763,27716414305,4,2,172280
v2205,20220218,20220218,112623500,11:26:23,8613,648014,389767,27717017215,14,4,602910
v2205,20220218,20220218,112624000,11:26:24,8612,648048,389760,27718481255,34,-7,1464040
v2205,20220218,20220218,112624500,11:26:24,8611,648090,389756,27720289610,42,-4,1808355
v2205,20220218,20220218,112625000,11:26:25,8611,648096,389760,27720547940,6,4,258330
v2205,20220218,20220218,112625500,11:26:25,8611,648107,389751,27721021575,11,-9,473635
v2205,20220218,20220218,112626000,11:26:26,8612,648122,389760,27721667450,15,9,645875
v2205,20220218,20220218,112626500,11:26:26,8612,648132,389756,27722098050,10,-4,430600
v2205,20220218,20220218,112627000,11:26:27,8612,648133,389756,27722141110,1,0,43060
v2205,20220218,20220218,112627500,11:26:27,8612,648134,389756,27722184170,1,0,43060
v2205,20220218,20220218,112628000,11:26:28,8612,648176,389739,27723992780,42,-17,1808610
v2205,20220218,20220218,112628500,11:26:28,8612,648178,389738,27724078900,2,-1,86120
v2205,20220218,20220218,112629000,11:26:29,8612,648178,389738,27724078900,0,0,0
v2205,20220218,20220218,112629500,11:26:30,8613,648179,389738,27724121965,1,0,43065
v2205,20220218,20220218,112630000,11:26:31,8612,648207,389724,27725327645,28,-14,1205680
v2205,20220218,20220218,112630500,11:26:31,8611,648229,389711,27726274865,22,-13,947220
v2205,20220218,20220218,112631000,11:26:31,8611,648241,389714,27726791525,12,3,516660
v2205,20220218,20220218,112631500,11:26:32,8610,648255,389714,27727394240,14,0,602715
v2205,20220218,20220218,112632000,11:26:32,8611,648265,389715,27727824770,10,1,430530
v2205,20220218,20220218,112632500,11:26:32,8610,648286,389714,27728728820,21,-1,904050
v2205,20220218,20220218,112633000,11:26:33,8610,648289,389716,27728857980,3,2,129160
v2205,20220218,20220218,112633500,11:26:34,8610,648298,389712,27729245455,9,-4,387475
v2205,20220218,20220218,112634000,11:26:34,8610,648304,389712,27729503760,6,0,258305
v2205,20220218,20220218,112634500,11:26:37,8611,648315,389717,27729977320,11,5,473560
v2205,20220218,20220218,112635000,11:26:37,8611,648320,389715,27730192585,5,-2,215265
v2205,20220218,20220218,112635500,11:26:38,8611,648351,389718,27731527290,31,3,1334705
v2205,20220218,20220218,112636000,11:26:38,8611,648351,389718,27731527290,0,0,0
v2205,20220218,20220218,112637000,11:26:54,8611,648354,389716,27731656455,3,-2,129165
v2205,20220218,20220218,112637500,11:26:54,8611,648369,389714,27732302280,15,-2,645825
v2205,20220218,20220218,112638000,11:27:10,8611,648370,389713,27732345335,1,-1,43055
v2205,20220218,20220218,112638500,11:27:10,8611,648391,389694,27733249475,21,-19,904140
v2205,20220218,20220218,112653500,11:27:12,8609,648799,389545,27750814880,408,-149,17565405
v2205,20220218,20220218,112710000,11:27:12,8615,649310,389492,27772817145,511,-53,22002265
v2205,20220218,20220218,112710500,11:27:12,8614,649353,389466,27774669155,43,-26,1852010
v2205,20220218,20220218,112712000,11:27:13,8614,649365,389464,27775185995,12,-2,516840
v2205,20220218,20220218,112712500,11:27:13,8615,649366,389463,27775229070,1,-1,43075
v2205,20220218,20220218,112713000,11:27:14,8615,649369,389461,27775358290,3,-2,129220
v2205,20220218,20220218,112713500,11:27:14,8614,649370,389460,27775401360,1,-1,43070
v2205,20220218,20220218,112714000,11:27:15,8615,649373,389460,27775530575,3,0,129215
v2205,20220218,20220218,112714500,11:27:15,8615,649374,389460,27775573650,1,0,43075
v2205,20220218,20220218,112715000,11:27:16,8615,649374,389460,27775573650,0,0,0
v2205,20220218,20220218,112715500,11:27:16,8614,649387,389451,27776133560,13,-9,559910
v2205,20220218,20220218,112716000,11:27:16,8615,649397,389448,27776564295,10,-3,430735
v2205,20220218,20220218,112716500,11:27:17,8615,649444,389461,27778588815,47,13,2024520
v2205,20220218,20220218,112717000,11:27:17,8615,649452,389463,27778933415,8,2,344600
v2205,20220218,20220218,112717500,11:27:17,8615,649454,389462,27779019565,2,-1,86150
v2205,20220218,20220218,112718000,11:27:18,8615,649457,389463,27779148790,3,1,129225
v2205,20220218,20220218,112718500,11:27:19,8615,649470,389465,27779708765,13,2,559975
v2205,20220218,20220218,112719000,11:27:19,8615,649470,389465,27779708765,0,0,0
v2205,20220218,20220218,112719500,11:27:20,8615,649474,389464,27779881065,4,-1,172300
v2205,20220218,20220218,112720000,11:27:20,8614,649479,389462,27780096435,5,-2,215370
v2205,20220218,20220218,112720500,11:27:21,8614,649479,389462,27780096435,0,0,0
v2205,20220218,20220218,112721000,11:27:21,8615,649483,389461,27780268730,4,-1,172295
v2205,20220218,20220218,112721500,11:27:22,8614,649485,389461,27780354875,2,0,86145
v2205,20220218,20220218,112722000,11:27:22,8615,649486,389462,27780397950,1,1,43075
v2205,20220218,20220218,112722500,11:27:22,8615,649486,389462,27780397950,0,0,0
v2205,20220218,20220218,112723000,11:27:26,8614,649503,389470,27781130140,17,8,732190
v2205,20220218,20220218,112723500,11:27:27,8614,649503,389470,27781130140,0,0,0
v2205,20220218,20220218,112724000,11:27:27,8614,649506,389469,27781259345,3,-1,129205
v2205,20220218,20220218,112726500,11:27:27,8613,649549,389455,27783111155,43,-14,1851810
v2205,20220218,20220218,112727500,11:27:27,8613,649553,389456,27783283425,4,1,172270
v2205,20220218,20220218,112728500,11:27:28,8613,649568,389455,27783929400,15,-1,645975
v2205,20220218,20220218,112729000,11:27:29,8612,649570,389457,27784015525,2,2,86125
v2205,20220218,20220218,112729500,11:27:29,8612,649570,389457,27784015525,0,0,0
v2205,20220218,20220218,112730000,11:27:30,8612,649601,389441,27785350385,31,-16,1334860
v2205,20220218,20220218,112730500,11:27:31,8612,649602,389441,27785393445,1,0,43060
v2205,20220218,20220218,112731000,11:27:32,8612,649605,389440,27785522625,3,-1,129180
v2205,20220218,20220218,112731500,11:27:35,8612,649605,389440,27785522625,0,0,0
v2205,20220218,20220218,112732000,11:27:36,8612,649607,389439,27785608740,2,-1,86115
v2205,20220218,20220218,112732500,11:27:36,8611,649610,389439,27785737910,3,0,129170
v2205,20220218,20220218,112735500,11:27:36,8611,649610,389439,27785737910,0,0,0
v2205,20220218,20220218,112736000,11:27:37,8612,649635,389437,27786814420,25,-2,1076510
v2205,20220218,20220218,112736500,11:27:38,8612,649636,389437,27786857480,1,0,43060
v2205,20220218,20220218,112737000,11:27:38,8611,649641,389433,27787072755,5,-4,215275
v2205,20220218,20220218,112737500,11:27:38,8611,649767,389374,27792497735,126,-59,5424980
v2205,20220218,20220218,112738000,11:27:39,8611,649772,389377,27792713010,5,3,215275
v2205,20220218,20220218,112738500,11:27:39,8610,649776,389376,27792885220,4,-1,172210
v2205,20220218,20220218,112739000,11:27:39,8611,649802,389388,27794004595,26,12,1119375
v2205,20220218,20220218,112739500,11:27:39,8612,649812,389386,27794435160,10,-2,430565
v2205,20220218,20220218,112740000,11:27:40,8612,649812,389386,27794435160,0,0,0
v2205,20220218,20220218,112740500,11:27:40,8611,649824,389395,27794951825,12,9,516665
v2205,20220218,20220218,112741000,11:27:41,8611,649834,389391,27795382375,10,-4,430550
v2205,20220218,20220218,112741500,11:27:41,8611,649836,389389,27795468485,2,-2,86110
v2205,20220218,20220218,112742000,11:27:42,8611,649836,389389,27795468485,0,0,0
v2205,20220218,20220218,112742500,11:27:43,8611,649838,389388,27795554595,2,-1,86110
v2205,20220218,20220218,112743000,11:27:43,8611,649839,389387,27795597650,1,-1,43055
v2205,20220218,20220218,112743500,11:27:43,8611,649842,389389,27795726810,3,2,129160
v2205,20220218,20220218,112744000,11:27:44,8610,649843,389389,27795769860,1,0,43050
v2205,20220218,20220218,112744500,11:27:45,8611,649848,389388,27795985125,5,-1,215265
v2205,20220218,20220218,112745000,11:27:45,8611,649854,389384,27796243455,6,-4,258330
v2205,20220218,20220218,112745500,11:27:46,8611,649860,389385,27796501780,6,1,258325
v2205,20220218,20220218,112746000,11:27:46,8610,649861,389385,27796544830,1,0,43050
v2205,20220218,20220218,112746500,11:27:47,8610,649861,389385,27796544830,0,0,0
v2205,20220218,20220218,112747000,11:27:47,8610,649864,389385,27796673980,3,0,129150
v2205,20220218,20220218,112747500,11:27:47,8610,649869,389387,27796889230,5,2,215250
v2205,20220218,20220218,112748000,11:27:52,8611,649871,389387,27796975335,2,0,86105
v2205,20220218,20220218,112748500,11:27:54,8610,649907,389398,27798525135,36,11,1549800
v2205,20220218,20220218,112749000,11:27:54,8610,649909,389398,27798611235,2,0,86100
v2205,20220218,20220218,112749500,11:27:54,8610,649919,389404,27799041690,10,6,430455
v2205,20220218,20220218,112754000,11:27:54,8611,649980,389387,27801667860,61,-17,2626170
v2205,20220218,20220218,112754500,11:27:54,8611,649982,389386,27801753970,2,-1,86110
v2205,20220218,20220218,112755000,11:27:55,8611,649989,389385,27802055355,7,-1,301385
v2205,20220218,20220218,112755500,11:27:55,8610,649998,389381,27802442845,9,-4,387490
v2205,20220218,20220218,112756000,11:27:56,8610,650001,389380,27802571995,3,-1,129150
v2205,20220218,20220218,112756500,11:27:56,8611,650003,389380,27802658105,2,0,86110
v2205,20220218,20220218,112757000,11:27:57,8610,650004,389380,27802701155,1,0,43050
v2205,20220218,20220218,112757500,11:27:57,8610,650006,389380,27802787255,2,0,86100
v2205,20220218,20220218,112758000,11:27:58,8611,650016,389388,27803217805,10,8,430550
v2205,20220218,20220218,112758500,11:27:59,8611,650016,389388,27803217805,0,0,0
v2205,20220218,20220218,112759000,11:27:59,8611,650016,389388,27803217805,0,0,0
v2205,20220218,20220218,112759500,11:27:59,8612,650075,389397,27805758345,59,9,2540540
v2205,20220218,20220218,112800000,11:28:00,8612,650100,389390,27806834870,25,-7,1076525
v2205,20220218,20220218,112800500,11:28:01,8612,650112,389392,27807351575,12,2,516705
v2205,20220218,20220218,112801000,11:28:01,8612,650115,389389,27807480755,3,-3,129180
v2205,20220218,20220218,112801500,11:28:02,8612,650115,389389,27807480755,0,0,0
v2205,20220218,20220218,112802000,11:28:03,8612,650138,389389,27808471235,23,0,990480
v2205,20220218,20220218,112802500,11:28:03,8614,650156,389380,27809246410,18,-9,775175
v2205,20220218,20220218,112803000,11:28:04,8613,650163,389380,27809547870,7,0,301460
v2205,20220218,20220218,112803500,11:28:04,8614,650201,389388,27811184580,38,8,1636710
v2205,20220218,20220218,112804000,11:28:04,8614,650209,389388,27811529155,8,0,344575
v2205,20220218,20220218,112804500,11:28:05,8615,650228,389377,27812347505,19,-11,818350
v2205,20220218,20220218,112805000,11:28:06,8615,650243,389375,27812993595,15,-2,646090
v2205,20220218,20220218,112805500,11:28:06,8615,650261,389363,27813768940,18,-12,775345
v2205,20220218,20220218,112806000,11:28:10,8615,650263,389362,27813855095,2,-1,86155
v2205,20220218,20220218,112806500,11:28:10,8615,650273,389368,27814285845,10,6,430750
v2205,20220218,20220218,112807000,11:28:10,8615,650279,389370,27814544310,6,2,258465
v2205,20220218,20220218,112807500,11:28:11,8616,650280,389371,27814587390,1,1,43080
v2205,20220218,20220218,112810000,11:28:11,8617,650347,389342,27817473690,67,-29,2886300
v2205,20220218,20220218,112810500,11:28:12,8616,650442,389340,27821566305,95,-2,4092615
v2205,20220218,20220218,112811000,11:28:12,8616,650461,389347,27822384745,19,7,818440
v2205,20220218,20220218,112811500,11:28:12,8616,650470,389347,27822772440,9,0,387695
v2205,20220218,20220218,112812000,11:28:13,8615,650480,389347,27823203190,10,0,430750
v2205,20220218,20220218,112812500,11:28:13,8616,650482,389345,27823289350,2,-2,86160
v2205,20220218,20220218,112813000,11:28:13,8615,650483,389344,27823332425,1,-1,43075
v2205,20220218,20220218,112813500,11:28:14,8615,650485,389344,27823418575,2,0,86150
v2205,20220218,20220218,112814000,11:28:14,8615,650489,389343,27823590865,4,-1,172290
v2205,20220218,20220218,112814500,11:28:14,8615,650494,389341,27823806235,5,-2,215370
v2205,20220218,20220218,112815000,11:28:15,8614,650496,389339,27823892375,2,-2,86140
v2205,20220218,20220218,112815500,11:28:15,8615,650497,389340,27823935450,1,1,43075
v2205,20220218,20220218,112816000,11:28:16,8615,650511,389334,27824538500,14,-6,603050
v2205,20220218,20220218,112816500,11:28:16,8615,650512,389334,27824581575,1,0,43075
v2205,20220218,20220218,112817000,11:28:17,8615,650516,389333,27824753875,4,-1,172300
v2205,20220218,20220218,112817500,11:28:17,8614,650521,389333,27824969240,5,0,215365
v2205,20220218,20220218,112818000,11:28:18,8614,650549,389343,27826175210,28,10,1205970
v2205,20220218,20220218,112818500,11:28:18,8614,650551,389343,27826261350,2,0,86140
v2205,20220218,20220218,112819000,11:28:19,8614,650551,389343,27826261350,0,0,0
v2205,20220218,20220218,112819500,11:28:19,8614,650551,389343,27826261350,0,0,0
v2205,20220218,20220218,112820000,11:28:20,8615,650553,389343,27826347500,2,0,86150
v2205,20220218,20220218,112820500,11:28:20,8614,650569,389351,27827036670,16,8,689170
v2205,20220218,20220218,112821000,11:28:21,8614,650602,389347,27828458055,33,-4,1421385
v2205,20220218,20220218,112821500,11:28:22,8615,650618,389353,27829147225,16,6,689170
v2205,20220218,20220218,112822000,11:28:22,8615,650632,389355,27829750225,14,2,603000
v2205,20220218,20220218,112822500,11:28:22,8615,650632,389355,27829750225,0,0,0
v2205,20220218,20220218,112823000,11:28:23,8614,650638,389354,27830008650,6,-1,258425
v2205,20220218,20220218,112823500,11:28:24,8614,650645,389352,27830310140,7,-2,301490
v2205,20220218,20220218,112824000,11:28:24,8615,650664,389352,27831128520,19,0,818380
v2205,20220218,20220218,112824500,11:28:24,8615,650664,389352,27831128520,0,0,0
v2205,20220218,20220218,112825000,11:28:25,8614,650673,389356,27831516150,9,4,387630
v2205,20220218,20220218,112825500,11:28:25,8615,650687,389347,27832119200,14,-9,603050
v2205,20220218,20220218,112826000,11:28:26,8616,650705,389345,27832894595,18,-2,775395
v2205,20220218,20220218,112826500,11:28:27,8614,650710,389342,27833109965,5,-3,215370
v2205,20220218,20220218,112827000,11:28:27,8615,650718,389338,27833454565,8,-4,344600
v2205,20220218,20220218,112827500,11:28:27,8615,650724,389339,27833713015,6,1,258450
v2205,20220218,20220218,112828000,11:28:28,8615,650727,389340,27833842230,3,1,129215
v2205,20220218,20220218,112828500,11:28:28,8614,650748,389347,27834746700,21,7,904470
v2205,20220218,20220218,112829000,11:28:29,8613,650773,389359,27835823325,25,12,1076625
v2205,20220218,20220218,112829500,11:28:29,8613,650809,389359,27837373545,36,0,1550220
v2205,20220218,20220218,112830000,11:28:30,8613,650812,389358,27837502735,3,-1,129190
v2205,20220218,20220218,112830500,11:28:31,8613,650816,389358,27837674995,4,0,172260
v2205,20220218,20220218,112831000,11:28:31,8613,650817,389358,27837718060,1,0,43065
v2205,20220218,20220218,112831500,11:28:31,8613,650822,389359,27837933385,5,1,215325
v2205,20220218,20220218,112832000,11:28:32,8613,650825,389360,27838062580,3,1,129195
v2205,20220218,20220218,112832500,11:28:33,8613,650825,389360,27838062580,0,0,0
v2205,20220218,20220218,112833000,11:28:33,8612,650827,389359,27838148700,2,-1,86120
v2205,20220218,20220218,112833500,11:28:33,8612,650827,389359,27838148700,0,0,0
v2205,20220218,20220218,112834000,11:28:34,8612,650830,389357,27838277880,3,-2,129180
v2205,20220218,20220218,112834500,11:28:34,8612,650831,389358,27838320940,1,1,43060
v2205,20220218,20220218,112835000,11:28:35,8613,650836,389359,27838536265,5,1,215325
v2205,20220218,20220218,112835500,11:28:35,8612,650837,389358,27838579325,1,-1,43060
v2205,20220218,20220218,112836000,11:28:37,8613,650841,389359,27838751585,4,1,172260
v2205,20220218,20220218,112836500,11:28:37,8613,650841,389359,27838751585,0,0,0
v2205,20220218,20220218,112837000,11:28:37,8612,650843,389358,27838837710,2,-1,86125
v2205,20220218,20220218,112838500,11:28:38,8612,650853,389353,27839268310,10,-5,430600
v2205,20220218,20220218,112839000,11:28:40,8612,650867,389352,27839871155,14,-1,602845
v2205,20220218,20220218,112839500,11:28:40,8612,650877,389353,27840301755,10,1,430600
v2205,20220218,20220218,112840000,11:28:40,8612,650883,389353,27840560135,6,0,258380
v2205,20220218,20220218,112841000,11:28:41,8612,650897,389360,27841163030,14,7,602895
v2205,20220218,20220218,112841500,11:28:41,8613,650904,389356,27841464485,7,-4,301455
v2205,20220218,20220218,112842000,11:28:42,8612,650906,389355,27841550605,2,-1,86120
v2205,20220218,20220218,112842500,11:28:43,8612,650908,389353,27841636725,2,-2,86120
v2205,20220218,20220218,112843000,11:28:43,8612,650950,389362,27843445255,42,9,1808530
v2205,20220218,20220218,112843500,11:28:44,8612,650960,389354,27843875855,10,-8,430600
v2205,20220218,20220218,112844000,11:28:44,8612,650962,389355,27843961975,2,1,86120
v2205,20220218,20220218,112844500,11:28:44,8612,650962,389355,27843961975,0,0,0
v2205,20220218,20220218,112845000,11:28:45,8613,650965,389356,27844091170,3,1,129195
v2205,20220218,20220218,112845500,11:28:45,8613,650978,389347,27844651050,13,-9,559880
v2205,20220218,20220218,112846000,11:28:46,8614,650979,389347,27844694120,1,0,43070
v2205,20220218,20220218,112846500,11:28:46,8613,650995,389356,27845383165,16,9,689045
v2205,20220218,20220218,112847000,11:28:47,8612,650998,389356,27845512345,3,0,129180
v2205,20220218,20220218,112847500,11:28:48,8613,651000,389356,27845598475,2,0,86130
v2205,20220218,20220218,112848000,11:28:48,8612,651008,389364,27845942955,8,8,344480
v2205,20220218,20220218,112848500,11:28:48,8612,651008,389364,27845942955,0,0,0
v2205,20220218,20220218,112849000,11:28:49,8613,651013,389363,27846158280,5,-1,215325
v2205,20220218,20220218,112849500,11:28:50,8613,651020,389364,27846459735,7,1,301455
v2205,20220218,20220218,112850000,11:28:50,8613,651023,389365,27846588930,3,1,129195
v2205,20220218,20220218,112850500,11:28:50,8613,651025,389365,27846675060,2,0,86130
v2205,20220218,20220218,112851000,11:28:51,8612,651031,389365,27846933425,6,0,258365
v2205,20220218,20220218,112851500,11:28:51,8612,651031,389365,27846933425,0,0,0
v2205,20220218,20220218,112852000,11:28:53,8612,651032,389364,27846976485,1,-1,43060
v2205,20220218,20220218,112852500,11:28:53,8613,651036,389367,27847148745,4,3,172260
v2205,20220218,20220218,112853000,11:28:54,8612,651043,389367,27847450165,7,0,301420
v2205,20220218,20220218,112853500,11:28:54,8613,651044,389368,27847493230,1,1,43065
v2205,20220218,20220218,112854000,11:28:54,8613,651044,389368,27847493230,0,0,0
v2205,20220218,20220218,112854500,11:28:54,8612,651046,389366,27847579350,2,-2,86120
v2205,20220218,20220218,112855000,11:28:55,8613,651058,389374,27848096130,12,8,516780
v2205,20220218,20220218,112855500,11:28:56,8614,651060,389374,27848182265,2,0,86135
v2205,20220218,20220218,112856000,11:28:56,8613,651061,389374,27848225330,1,0,43065
v2205,20220218,20220218,112856500,11:28:56,8614,651092,389359,27849560500,31,-15,1335170
v2205,20220218,20220218,112857000,11:28:57,8614,651099,389359,27849861990,7,0,301490
v2205,20220218,20220218,112857500,11:28:58,8613,651112,389357,27850421855,13,-2,559865
v2205,20220218,20220218,112858000,11:28:58,8614,651117,389355,27850637205,5,-2,215350
v2205,20220218,20220218,112858500,11:28:59,8614,651118,389354,27850680275,1,-1,43070
v2205,20220218,20220218,112859000,11:28:59,8614,651118,389354,27850680275,0,0,0
v2205,20220218,20220218,112859500,11:29:00,8615,651125,389354,27850981795,7,0,301520
v2205,20220218,20220218,112900000,11:29:00,8614,651129,389352,27851154075,4,-2,172280
v2205,20220218,20220218,112900500,11:29:01,8615,651144,389343,27851800150,15,-9,646075
v2205,20220218,20220218,112901000,11:29:01,8615,651161,389334,27852532425,17,-9,732275
v2205,20220218,20220218,112901500,11:29:01,8615,651168,389329,27852833940,7,-5,301515
v2205,20220218,20220218,112902000,11:29:02,8613,651211,389326,27854685790,43,-3,1851850
v2205,20220218,20220218,112902500,11:29:03,8614,651215,389322,27854858070,4,-4,172280
v2205,20220218,20220218,112903000,11:29:03,8615,651241,389305,27855978010,26,-17,1119940
v2205,20220218,20220218,112903500,11:29:04,8615,651243,389307,27856064160,2,2,86150
v2205,20220218,20220218,112904000,11:29:04,8615,651258,389302,27856710285,15,-5,646125
v2205,20220218,20220218,112904500,11:29:04,8615,651292,389296,27858174840,34,-6,1464555
v2205,20220218,20220218,112905000,11:29:05,8615,651315,389284,27859165570,23,-12,990730
v2205,20220218,20220218,112905500,11:29:06,8615,651316,389284,27859208645,1,0,43075
v2205,20220218,20220218,112906000,11:29:06,8614,651317,389284,27859251715,1,0,43070
v2205,20220218,20220218,112906500,11:29:06,8614,651319,389285,27859337855,2,1,86140
v2205,20220218,20220218,112907000,11:29:07,8613,651321,389285,27859423995,2,0,86140
v2205,20220218,20220218,112907500,11:29:08,8613,651323,389284,27859510135,2,-1,86140
v2205,20220218,20220218,112908000,11:29:08,8613,651323,389284,27859510135,0,0,0
v2205,20220218,20220218,112908500,11:29:08,8614,651329,389290,27859768550,6,6,258415
v2205,20220218,20220218,112909000,11:29:09,8614,651341,389294,27860285385,12,4,516835
v2205,20220218,20220218,112909500,11:29:09,8613,651346,389298,27860500730,5,4,215345
v2205,20220218,20220218,112910000,11:29:10,8613,651400,389298,27862826665,54,0,2325935
v2205,20220218,20220218,112910500,11:29:10,8613,651402,389299,27862912795,2,1,86130
v2205,20220218,20220218,112911000,11:29:11,8613,651402,389299,27862912795,0,0,0
v2205,20220218,20220218,112911500,11:29:12,8615,651405,389296,27863042020,3,-3,129225
v2205,20220218,20220218,112912000,11:29:12,8613,651412,389296,27863343475,7,0,301455
v2205,20220218,20220218,112912500,11:29:12,8613,651412,389296,27863343475,0,0,0
v2205,20220218,20220218,112913000,11:29:13,8613,651415,389297,27863472670,3,1,129195
v2205,20220218,20220218,112914000,11:29:14,8613,651421,389297,27863731060,6,0,258390
v2205,20220218,20220218,112914500,11:29:15,8613,651441,389298,27864592360,20,1,861300
v2205,20220218,20220218,112915000,11:29:15,8613,651449,389296,27864936880,8,-2,344520
v2205,20220218,20220218,112915500,11:29:16,8613,651451,389296,27865023005,2,0,86125
v2205,20220218,20220218,112916000,11:29:16,8613,651452,389296,27865066070,1,0,43065
v2205,20220218,20220218,112916500,11:29:20,8613,651452,389296,27865066070,0,0,0
v2205,20220218,20220218,112917000,11:29:20,8613,651468,389290,27865755085,16,-6,689015
v2205,20220218,20220218,112917500,11:29:21,8613,651469,389289,27865798150,1,-1,43065
v2205,20220218,20220218,112918000,11:29:21,8613,651470,389288,27865841215,1,-1,43065
v2205,20220218,20220218,112920500,11:29:22,8614,651503,389277,27867262440,33,-11,1421225
v2205,20220218,20220218,112921000,11:29:22,8614,651506,389275,27867391650,3,-2,129210
v2205,20220218,20220218,112921500,11:29:24,8614,651512,389269,27867650075,6,-6,258425
v2205,20220218,20220218,112922000,11:29:24,8614,651522,389259,27868080775,10,-10,430700
v2205,20220218,20220218,112922500,11:29:24,8614,651525,389258,27868209990,3,-1,129215
v2205,20220218,20220218,112923000,11:29:24,8615,651526,389258,27868253065,1,0,43075
v2205,20220218,20220218,112924000,11:29:24,8615,651537,389253,27868726865,11,-5,473800
v2205,20220218,20220218,112924500,11:29:25,8615,651537,389253,27868726865,0,0,0
v2205,20220218,20220218,112925000,11:29:25,8614,651538,389253,27868769935,1,0,43070
v2205,20220218,20220218,112925500,11:29:25,8614,651541,389251,27868899145,3,-2,129210
v2205,20220218,20220218,112926000,11:29:26,8614,651542,389250,27868942215,1,-1,43070
v2205,20220218,20220218,112926500,11:29:26,8615,651553,389247,27869416005,11,-3,473790
v2205,20220218,20220218,112927000,11:29:27,8614,651555,389245,27869502145,2,-2,86140
v2205,20220218,20220218,112927500,11:29:27,8614,651559,389244,27869674425,4,-1,172280
v2205,20220218,20220218,112928000,11:29:28,8614,651561,389245,27869760565,2,1,86140
v2205,20220218,20220218,112928500,11:29:29,8615,651580,389233,27870578915,19,-12,818350
v2205,20220218,20220218,112929000,11:29:29,8615,651603,389235,27871569635,23,2,990720
v2205,20220218,20220218,112929500,11:29:29,8614,651605,389235,27871655780,2,0,86145
v2205,20220218,20220218,112930000,11:29:30,8614,651607,389234,27871741920,2,-1,86140
v2205,20220218,20220218,112930500,11:29:31,8615,651609,389236,27871828070,2,2,86150
v2205,20220218,20220218,112931000,11:29:32,8615,651615,389237,27872086510,6,1,258440
v2205,20220218,20220218,112931500,11:29:32,8615,651622,389232,27872388035,7,-5,301525
v2205,20220218,20220218,112932000,11:29:32,8615,651622,389232,27872388035,0,0,0
v2205,20220218,20220218,112932500,11:29:36,8614,651624,389230,27872474175,2,-2,86140
v2205,20220218,20220218,112933000,11:29:37,8613,651733,389145,27877168310,109,-85,4694135
v2205,20220218,20220218,112933500,11:29:38,8613,651740,389147,27877469765,7,2,301455
v2205,20220218,20220218,112936000,11:29:38,8614,651750,389139,27877900435,10,-8,430670
v2205,20220218,20220218,112937500,11:29:38,8614,651779,389148,27879149445,29,9,1249010
v2205,20220218,20220218,112938000,11:29:38,8615,651829,389145,27881303200,50,-3,2153755
v2205,20220218,20220218,112938500,11:29:39,8615,651833,389141,27881475500,4,-4,172300
v2205,20220218,20220218,112939000,11:29:39,8615,651837,389140,27881647800,4,-1,172300
v2205,20220218,20220218,112939500,11:29:40,8615,651842,389136,27881863175,5,-4,215375
v2205,20220218,20220218,112940000,11:29:40,8615,651846,389133,27882035475,4,-3,172300
v2205,20220218,20220218,112940500,11:29:40,8615,651855,389134,27882423150,9,1,387675
v2205,20220218,20220218,112941000,11:29:41,8615,651861,389132,27882681580,6,-2,258430
v2205,20220218,20220218,112941500,11:29:42,8613,651979,389202,27887763825,118,70,5082245
v2205,20220218,20220218,112942000,11:29:42,8613,651988,389199,27888151410,9,-3,387585
v2205,20220218,20220218,112942500,11:29:44,8614,652001,389191,27888711320,13,-8,559910
v2205,20220218,20220218,112943000,11:29:45,8614,652006,389191,27888926665,5,0,215345
v2205,20220218,20220218,112944000,11:29:45,8614,652013,389185,27889228155,7,-6,301490
v2205,20220218,20220218,112944500,11:29:46,8614,652014,389184,27889271225,1,-1,43070
v2205,20220218,20220218,112945000,11:29:46,8614,652024,389186,27889701925,10,2,430700
v2205,20220218,20220218,112945500,11:29:46,8615,652039,389175,27890348030,15,-11,646105
v2205,20220218,20220218,112946000,11:29:46,8615,652064,389150,27891424895,25,-25,1076865
v2205,20220218,20220218,112946500,11:29:47,8615,652150,389119,27895129325,86,-31,3704430
v2205,20220218,20220218,112947000,11:29:47,8616,652151,389119,27895172405,1,0,43080
v2205,20220218,20220218,112947500,11:29:48,8615,652156,389121,27895387780,5,2,215375
v2205,20220218,20220218,112948000,11:29:48,8616,652168,389113,27895904710,12,-8,516930
v2205,20220218,20220218,112948500,11:29:49,8615,652170,389112,27895990860,2,-1,86150
v2205,20220218,20220218,112949000,11:29:50,8614,652247,389048,27899307845,77,-64,3316985
v2205,20220218,20220218,112949500,11:29:50,8615,652255,389047,27899652465,8,-1,344620
v2205,20220218,20220218,112950000,11:29:51,8615,652257,389047,27899738615,2,0,86150
v2205,20220218,20220218,112950500,11:29:51,8616,652260,389045,27899867850,3,-2,129235
v2205,20220218,20220218,112951500,11:29:52,8615,652291,389046,27901203255,31,1,1335405
v2205,20220218,20220218,112952000,11:29:52,8615,652292,389047,27901246330,1,1,43075
v2205,20220218,20220218,112952500,11:29:53,8615,652295,389046,27901375555,3,-1,129225
v2205,20220218,20220218,112953000,11:29:53,8615,652313,389039,27902150850,18,-7,775295
v2205,20220218,20220218,112953500,11:29:54,8616,652328,389032,27902796980,15,-7,646130
v2205,20220218,20220218,112954000,11:29:54,8615,652357,389024,27904045960,29,-8,1248980
v2205,20220218,20220218,112954500,11:29:54,8615,652360,389021,27904175175,3,-3,129215
v2205,20220218,20220218,112955000,11:29:55,8615,652381,389016,27905079600,21,-5,904425
v2205,20220218,20220218,112955500,11:29:56,8615,652387,389012,27905338045,6,-4,258445
v2205,20220218,20220218,112956000,11:29:56,8615,652399,389008,27905854890,12,-4,516845
v2205,20220218,20220218,112956500,11:30:00,8614,652406,389003,27906156380,7,-5,301490
v2205,20220218,20220218,112957000,11:30:00,8614,652414,388999,27906500925,8,-4,344545
v2205,20220218,20220218,112957500,11:30:02,8615,652519,389007,27911024400,105,8,4523475
v2205,20220218,20220218,112959500,11:30:03,8615,652560,388984,27912790550,41,-23,1766150
v2205,20220218,20220218,113000000,11:30:03,8615,652565,388980,27913005935,5,-4,215385
v2205,20220218,20220218,113001000,11:30:03,8615,652636,388938,27916064955,71,-42,3059020
v2205,20220218,20220218,113001500,11:30:03,8616,652639,388937,27916194195,3,-1,129240
v2205,20220218,20220218,133001500,13:30:02,8618,652871,388982,27926192255,232,45,9998060
v2205,20220218,20220218,133002000,13:30:08,8622,654405,389428,27992333685,1534,446,66141430
v2205,20220218,20220218,133002500,13:30:09,8630,654593,389406,28000442050,188,-22,8108365
v2205,20220218,20220218,133008500,13:30:10,8621,656373,388922,28077208485,1780,-484,76766435
v2205,20220218,20220218,133009500,13:30:11,8622,656482,388927,28081907210,109,5,4698725
v2205,20220218,20220218,133010000,13:30:11,8623,656604,388856,28087166885,122,-71,5259675
v2205,20220218,20220218,133010500,13:30:12,8621,656685,388852,28090658395,81,-4,3491510
v2205,20220218,20220218,133011000,13:30:13,8620,656761,388854,28093934015,76,2,3275620
v2205,20220218,20220218,133011500,13:30:13,8620,656791,388867,28095226955,30,13,1292940
v2205,20220218,20220218,133012500,13:30:13,8618,656914,388861,28100527640,123,-6,5300685
v2205,20220218,20220218,133013000,13:30:13,8616,657029,388926,28105482760,115,65,4955120
v2205,20220218,20220218,133013500,13:30:14,8616,657090,388942,28108110850,61,16,2628090
v2205,20220218,20220218,133014000,13:30:16,8618,657107,388938,28108843295,17,-4,732445
v2205,20220218,20220218,133014500,13:30:17,8618,657153,388941,28110825420,46,3,1982125
v2205,20220218,20220218,133015000,13:30:18,8618,657173,388938,28111687270,20,-3,861850
v2205,20220218,20220218,133016500,13:30:18,8621,657207,388937,28113152660,34,-1,1465390
v2205,20220218,20220218,133017000,13:30:18,8620,657228,388940,28114057825,21,3,905165
v2205,20220218,20220218,133017500,13:30:19,8621,657230,388942,28114144030,2,2,86205
v2205,20220218,20220218,133018000,13:30:19,8620,657274,388965,28116040560,44,23,1896530
v2205,20220218,20220218,133018500,13:30:20,8620,657351,388989,28119359220,77,24,3318660
v2205,20220218,20220218,133019000,13:30:20,8618,657380,389003,28120608935,29,14,1249715
v2205,20220218,20220218,133019500,13:30:21,8621,657491,388907,28125393015,111,-96,4784080
v2205,20220218,20220218,133020000,13:30:21,8621,657516,388899,28126470750,25,-8,1077735
v2205,20220218,20220218,133020500,13:30:21,8621,657520,388899,28126643170,4,0,172420
v2205,20220218,20220218,133021000,13:30:21,8621,657530,388895,28127074230,10,-4,431060
v2205,20220218,20220218,133021500,13:30:22,8623,657538,388891,28127419105,8,-4,344875
v2205,20220218,20220218,133022000,13:30:38,8621,657543,388895,28127634670,5,4,215565
v2205,20220218,20220218,133022500,13:30:38,8623,657630,388887,28131385975,87,-8,3751305
v2205,20220218,20220218,133023000,13:30:38,8625,657647,388885,28132119095,17,-2,733120
v2205,20220218,20220218,133038000,13:30:41,8632,659645,388845,28218338280,1998,-40,86219185
v2205,20220218,20220218,133038500,13:30:42,8632,659681,388844,28219891985,36,-1,1553705
v2205,20220218,20220218,133040500,13:30:43,8630,659839,388813,28226710800,158,-31,6818815
v2205,20220218,20220218,133041000,13:30:43,8631,659927,388871,28230508440,88,58,3797640
v2205,20220218,20220218,133042500,13:30:44,8630,660003,388898,28233788365,76,27,3279925
v2205,20220218,20220218,133043000,13:30:44,8631,660028,388920,28234867250,25,22,1078885
v2205,20220218,20220218,133043500,13:30:45,8630,660079,388934,28237067940,51,14,2200690
v2205,20220218,20220218,133044000,13:30:46,8630,660155,388925,28240347160,76,-9,3279220
v2205,20220218,20220218,133044500,13:30:46,8629,660237,388962,28243885065,82,37,3537905
v2205,20220218,20220218,133045000,13:30:46,8629,660368,388984,28249537085,131,22,5652020
v2205,20220218,20220218,133045500,13:30:46,8629,660380,388989,28250054775,12,5,517690
v2205,20220218,20220218,133046000,13:30:47,8628,660413,389001,28251478550,33,12,1423775
v2205,20220218,20220218,133046500,13:30:47,8628,660511,388971,28255706580,98,-30,4228030
v2205,20220218,20220218,133047000,13:30:48,8629,660571,388957,28258295390,60,-14,2588810
v2205,20220218,20220218,133047500,13:30:48,8629,660602,388964,28259633025,31,7,1337635
v2205,20220218,20220218,133048000,13:30:48,8629,660651,388972,28261747230,49,8,2114205
v2205,20220218,20220218,133048500,13:30:49,8631,660672,388971,28262653385,21,-1,906155
v2205,20220218,20220218,133049000,13:30:49,8631,660737,389018,28265458450,65,47,2805065
v2205,20220218,20220218,133049500,13:30:50,8632,660761,389018,28266494260,24,0,1035810
v2205,20220218,20220218,133050000,13:30:51,8632,660778,389015,28267228005,17,-3,733745
v2205,20220218,20220218,133050500,13:30:52,8632,660791,389018,28267789125,13,3,561120
v2205,20220218,20220218,133051000,13:30:52,8633,660833,389047,28269602020,42,29,1812895
v2205,20220218,20220218,133051500,13:30:52,8632,660871,389055,28271242290,38,8,1640270
v2205,20220218,20220218,133052000,13:30:53,8632,660889,389054,28272019185,18,-1,776895
v2205,20220218,20220218,133052500,13:30:54,8632,660912,389056,28273011870,23,2,992685
v2205,20220218,20220218,133053000,13:30:54,8633,660951,389059,28274695300,39,3,1683430
v2205,20220218,20220218,133053500,13:30:54,8633,660957,389065,28274954290,6,6,258990
v2205,20220218,20220218,133054000,13:30:55,8634,660973,389071,28275644935,16,6,690645
v2205,20220218,20220218,133054500,13:30:55,8634,660977,389070,28275817610,4,-1,172675
v2205,20220218,20220218,133055000,13:30:55,8634,661268,389005,28288380715,291,-65,12563105
v2205,20220218,20220218,133055500,13:30:56,8635,661316,389037,28290453120,48,32,2072405
v2205,20220218,20220218,133056000,13:30:57,8635,661333,389033,28291187075,17,-4,733955
v2205,20220218,20220218,133056500,13:30:57,8634,661341,389035,28291532455,8,2,345380
v2205,20220218,20220218,133057000,13:30:58,8634,661351,389035,28291964190,10,0,431735
v2205,20220218,20220218,133057500,13:30:58,8634,661387,389058,28293518325,36,23,1554135
v2205,20220218,20220218,133058000,13:30:58,8634,661420,389062,28294942940,33,4,1424615
v2205,20220218,20220218,133058500,13:30:59,8635,661447,389065,28296108660,27,3,1165720
v2205,20220218,20220218,133059000,13:30:59,8634,661483,389064,28297662830,36,-1,1554170
v2205,20220218,20220218,133059500,13:31:00,8634,661526,389063,28299519110,43,-1,1856280
v2205,20220218,20220218,133100000,13:31:00,8634,661554,389055,28300727915,28,-8,1208805
v2205,20220218,20220218,133100500,13:31:00,8633,661607,389083,28303015855,53,28,2287940
v2205,20220218,20220218,133101000,13:31:01,8635,661724,389157,28308067020,117,74,5051165
v2205,20220218,20220218,133101500,13:31:01,8635,661743,389170,28308887350,19,13,820330
v2205,20220218,20220218,133102000,13:31:02,8637,661850,389191,28313507590,107,21,4620240
v2205,20220218,20220218,133102500,13:31:03,8636,662041,389201,28321755260,191,10,8247670
v2205,20220218,20220218,133103000,13:31:03,8636,662084,389193,28323612090,43,-8,1856830
v2205,20220218,20220218,133103500,13:31:05,8637,662118,389216,28325080305,34,23,1468215
v2205,20220218,20220218,133104000,13:31:06,8636,662183,389215,28327887215,65,-1,2806910
v2205,20220218,20220218,133104500,13:31:07,8637,662206,389218,28328880405,23,3,993190
v2205,20220218,20220218,133105500,13:31:08,8637,662405,389179,28337474145,199,-39,8593740
v2205,20220218,20220218,133106000,13:31:08,8637,662446,389177,28339244740,41,-2,1770595
v2205,20220218,20220218,133107000,13:31:09,8638,662596,389207,28345722805,150,30,6478065
v2205,20220218,20220218,133107500,13:31:09,8639,662694,389217,28349955330,98,10,4232525
v2205,20220218,20220218,133108500,13:31:09,8639,662928,389118,28360062910,234,-99,10107580
v2205,20220218,20220218,133109000,13:31:09,8639,662958,389124,28361358860,30,6,1295950
v2205,20220218,20220218,133109500,13:31:10,8640,662975,389126,28362093190,17,2,734330
v2205,20220218,20220218,133110000,13:31:11,8639,663068,389094,28366110705,93,-32,4017515
v2205,20220218,20220218,133110500,13:31:11,8639,663099,389087,28367449835,31,-7,1339130
v2205,20220218,20220218,133111000,13:31:11,8639,663151,389104,28369695935,52,17,2246100
v2205,20220218,20220218,133111500,13:31:12,8639,663201,389088,28371855560,50,-16,2159625
v2205,20220218,20220218,133112000,13:31:12,8637,663299,389108,28376088160,98,20,4232600
v2205,20220218,20220218,133112500,13:31:13,8638,663354,389092,28378463275,55,-16,2375115
v2205,20220218,20220218,133113000,13:31:13,8637,663440,389141,28382177330,86,49,3714055
v2205,20220218,20220218,133113500,13:31:14,8638,663480,389118,28383904875,40,-23,1727545
v2205,20220218,20220218,133114000,13:31:15,8638,663527,389119,28385934690,47,1,2029815
v2205,20220218,20220218,133114500,13:31:15,8637,663562,389094,28387446295,35,-25,1511605
v2205,20220218,20220218,133115000,13:31:15,8637,663603,389107,28389216965,41,13,1770670
v2205,20220218,20220218,133115500,13:31:16,8638,663610,389108,28389519270,7,1,302305
v2205,20220218,20220218,133116000,13:31:16,8637,663620,389112,28389951155,10,4,431885
v2205,20220218,20220218,133116500,13:31:17,8638,663707,389136,28393708855,87,24,3757700
v2205,20220218,20220218,133117000,13:31:17,8638,663726,389147,28394529490,19,11,820635
v2205,20220218,20220218,133117500,13:31:18,8639,663737,389148,28395004605,11,1,475115
v2205,20220218,20220218,133118000,13:31:19,8637,663791,389125,28397336725,54,-23,2332120
v2205,20220218,20220218,133118500,13:31:19,8638,663817,389128,28398459610,26,3,1122885
v2205,20220218,20220218,133119000,13:31:19,8638,663829,389132,28398977935,12,4,518325
v2205,20220218,20220218,133119500,13:31:20,8638,663834,389133,28399193885,5,1,215950
v2205,20220218,20220218,133120000,13:31:20,8638,663845,389144,28399668975,11,11,475090
v2205,20220218,20220218,133120500,13:31:21,8638,663862,389138,28400403190,17,-6,734215
v2205,20220218,20220218,133121000,13:31:21,8637,663900,389146,28402044285,38,8,1641095
v2205,20220218,20220218,133121500,13:31:22,8637,663902,389148,28402130655,2,2,86370
v2205,20220218,20220218,133122000,13:31:23,8637,663980,389148,28405499315,78,0,3368660
v2205,20220218,20220218,133122500,13:31:23,8637,664003,389149,28406492585,23,1,993270
v2205,20220218,20220218,133123000,13:31:25,8638,664027,389143,28407529075,24,-6,1036490
v2205,20220218,20220218,133123500,13:31:25,8637,664031,389143,28407701825,4,0,172750
v2205,20220218,20220218,133124500,13:31:25,8636,664066,389132,28409213300,35,-11,1511475
v2205,20220218,20220218,133156000,13:31:56,8636,664081,389138,28409861030,15,6,647730
v2205,20220218,20220218,133158500,13:31:58,8637,664123,389156,28411674825,42,18,1813795
v2205,20220218,20220218,133159500,13:32:00,8636,664130,389157,28411977110,7,1,302285
v2205,20220218,20220218,133201000,13:32:01,8634,665909,389122,28488810610,1779,-35,76833500
v2205,20220218,20220218,133201500,13:32:01,8632,666109,389101,28497443265,200,-21,8632655
v2205,20220218,20220218,133202000,13:32:03,8633,666216,389109,28502061730,107,8,4618465
v2205,20220218,20220218,133202500,13:32:03,8635,666349,389113,28507803710,133,4,5741980
v2205,20220218,20220218,133203000,13:32:04,8636,666515,389028,28514971575,166,-85,7167865
v2205,20220218,20220218,133203500,13:32:05,8637,666534,389018,28515792085,19,-10,820510
v2205,20220218,20220218,133204000,13:32:05,8637,666574,389020,28517519480,40,2,1727395
v2205,20220218,20220218,133205000,13:32:06,8634,666820,389059,28528139905,246,39,10620425
v2205,20220218,20220218,133205500,13:32:06,8633,666876,389052,28530557150,56,-7,2417245
v2205,20220218,20220218,133206000,13:32:06,8633,666908,389057,28531938425,32,5,1381275
v2205,20220218,20220218,133206500,13:32:07,8632,666977,389081,28534916355,69,24,2977930
v2205,20220218,20220218,133207000,13:32:07,8632,666997,389085,28535779485,20,4,863130
v2205,20220218,20220218,133207500,13:32:07,8631,667008,389091,28536254225,11,6,474740
v2205,20220218,20220218,133208000,13:32:09,8631,667070,389081,28538930050,62,-10,2675825
v2205,20220218,20220218,133208500,13:32:10,8632,667114,389088,28540828955,44,7,1898905
v2205,20220218,20220218,133209000,13:32:10,8632,667143,389097,28542080515,29,9,1251560
v2205,20220218,20220218,133209500,13:32:10,8630,667225,389111,28545618905,82,14,3538390
v2205,20220218,20220218,133210000,13:32:10,8630,667237,389117,28546136690,12,6,517785
v2205,20220218,20220218,133210500,13:32:13,8630,667329,389154,28550106095,92,37,3969405
v2205,20220218,20220218,133211000,13:32:14,8629,667385,389160,28552522100,56,6,2416005
v2205,20220218,20220218,133213000,13:32:15,8626,667582,389154,28561019120,197,-6,8497020
v2205,20220218,20220218,133214000,13:32:15,8626,667771,389114,28569170910,189,-40,8151790
v2205,20220218,20220218,133214500,13:32:16,8627,667791,389106,28570033590,20,-8,862680
v2205,20220218,20220218,133215000,13:32:16,8626,667825,389101,28571500165,34,-5,1466575
v2205,20220218,20220218,133215500,13:32:16,8627,667867,389102,28573311845,42,1,1811680
v2205,20220218,20220218,133216000,13:32:17,8628,667887,389089,28574174635,20,-13,862790
v2205,20220218,20220218,133216500,13:32:17,8628,667893,389088,28574433475,6,-1,258840
v2205,20220218,20220218,133217000,13:32:17,8631,668223,389116,28588676450,330,28,14242975
v2205,20220218,20220218,133217500,13:32:18,8632,668267,389120,28590575620,44,4,1899170
v2205,20220218,20220218,133218000,13:32:18,8631,668357,389148,28594460045,90,28,3884425
v2205,20220218,20220218,133218500,13:32:19,8630,668448,389166,28598387015,91,18,3926970
v2205,20220218,20220218,133219000,13:32:20,8629,668541,389207,28602399695,93,41,4012680
v2205,20220218,20220218,133219500,13:32:20,8631,668586,389210,28604341600,45,3,1941905
v2205,20220218,20220218,133220000,13:32:21,8631,668597,389208,28604816315,11,-2,474715
v2205,20220218,20220218,133220500,13:32:21,8631,668600,389206,28604945780,3,-2,129465
v2205,20220218,20220218,133221000,13:32:21,8631,668620,389216,28605808890,20,10,863110
v2205,20220218,20220218,133221500,13:32:22,8631,668855,389117,28615951430,235,-99,10142540
v2205,20220218,20220218,133222000,13:32:23,8633,668903,389131,28618023315,48,14,2071885
v2205,20220218,20220218,133222500,13:32:23,8633,668954,389117,28620224955,51,-14,2201640
v2205,20220218,20220218,133223000,13:32:24,8633,668964,389124,28620656605,10,7,431650
v2205,20220218,20220218,133223500,13:32:24,8632,669003,389149,28622340030,39,25,1683425
v2205,20220218,20220218,133224000,13:32:24,8631,669069,389140,28625188505,66,-9,2848475
v2205,20220218,20220218,133224500,13:32:25,8630,669086,389141,28625922115,17,1,733610
v2205,20220218,20220218,133225000,13:32:25,8631,669093,389141,28626224210,7,0,302095
v2205,20220218,20220218,133225500,13:32:26,8632,669097,389145,28626396850,4,4,172640
v2205,20220218,20220218,133226000,13:32:27,8632,669098,389145,28626440010,1,0,43160
v2205,20220218,20220218,133226500,13:32:27,8632,669106,389144,28626785285,8,-1,345275
v2205,20220218,20220218,133227000,13:32:27,8631,669114,389148,28627130530,8,4,345245
v2205,20220218,20220218,133227500,13:32:28,8631,669136,389145,28628079950,22,-3,949420
v2205,20220218,20220218,133228000,13:32:32,8631,669139,389147,28628209420,3,2,129470
v2205,20220218,20220218,133228500,13:32:32,8631,669139,389147,28628209420,0,0,0
v2205,20220218,20220218,133229000,13:32:33,8632,669154,389147,28628856820,15,0,647400
v2205,20220218,20220218,133232000,13:32:35,8630,669293,389146,28634855505,139,-1,5998685
v2205,20220218,20220218,133232500,13:32:35,8630,669299,389150,28635114415,6,4,258910
v2205,20220218,20220218,133234500,13:32:36,8630,669393,389150,28639170520,94,0,4056105
v2205,20220218,20220218,133235000,13:32:36,8628,669453,389158,28641759170,60,8,2588650
v2205,20220218,20220218,133235500,13:32:36,8629,669459,389162,28642018040,6,4,258870
v2205,20220218,20220218,133236000,13:32:36,8629,669459,389162,28642018040,0,0,0
v2205,20220218,20220218,133236500,13:32:37,8629,669469,389160,28642449490,10,-2,431450
v2205,20220218,20220218,133237000,13:32:37,8629,669513,389160,28644347725,44,0,1898235
v2205,20220218,20220218,133237500,13:32:38,8628,669590,389213,28647669505,77,53,3321780
v2205,20220218,20220218,133238000,13:32:38,8628,669618,389221,28648877335,28,8,1207830
v2205,20220218,20220218,133238500,13:32:39,8627,669650,389218,28650257660,32,-3,1380325
v2205,20220218,20220218,133239000,13:32:39,8628,669672,389217,28651206640,22,-1,948980
v2205,20220218,20220218,133239500,13:32:40,8628,669695,389220,28652198800,23,3,992160
v2205,20220218,20220218,133240000,13:32:40,8628,669715,389216,28653061510,20,-4,862710
v2205,20220218,20220218,133240500,13:32:40,8627,669726,389215,28653535995,11,-1,474485
v2205,20220218,20220218,133241000,13:32:41,8627,669735,389220,28653924215,9,5,388220
v2205,20220218,20220218,133241500,13:32:42,8627,669760,389223,28655002670,25,3,1078455
v2205,20220218,20220218,133242000,13:32:42,8627,669791,389245,28656339860,31,22,1337190
v2205,20220218,20220218,133242500,13:32:42,8627,669799,389251,28656684940,8,6,345080
v2205,20220218,20220218,133243000,13:32:43,8627,669823,389253,28657720150,24,2,1035210
v2205,20220218,20220218,133243500,13:32:43,8628,669829,389256,28657978980,6,3,258830
v2205,20220218,20220218,133244000,13:32:44,8628,669835,389257,28658237815,6,1,258835
v2205,20220218,20220218,133244500,13:32:45,8627,669837,389257,28658324090,2,0,86275
v2205,20220218,20220218,133245000,13:32:45,8627,669862,389257,28659402495,25,0,1078405
v2205,20220218,20220218,133245500,13:32:45,8627,669881,389263,28660222060,19,6,819565
v2205,20220218,20220218,133246000,13:32:47,8627,669883,389262,28660308330,2,-1,86270
v2205,20220218,20220218,133246500,13:32:47,8626,669981,389240,28664535070,98,-22,4226740
v2205,20220218,20220218,133247000,13:32:47,8626,670007,389245,28665656350,26,5,1121280
v2205,20220218,20220218,133247500,13:32:48,8625,670185,389358,28673332545,178,113,7676195
v2205,20220218,20220218,133248000,13:32:48,8624,670208,389370,28674324305,23,12,991760
v2205,20220218,20220218,133248500,13:32:49,8623,670232,389379,28675359155,24,9,1034850
v2205,20220218,20220218,133249000,13:32:49,8623,670266,389379,28676825170,34,0,1466015
v2205,20220218,20220218,133249500,13:32:50,8623,670309,389375,28678679170,43,-4,1854000
v2205,20220218,20220218,133250000,13:32:50,8624,670347,389349,28680317610,38,-26,1638440
v2205,20220218,20220218,133250500,13:32:52,8623,670360,389345,28680878150,13,-4,560540
v2205,20220218,20220218,133251000,13:32:52,8623,670411,389302,28683077265,51,-43,2199115
v2205,20220218,20220218,133251500,13:32:53,8624,670495,389262,28686699330,84,-40,3622065
v2205,20220218,20220218,133252500,13:32:53,8624,670637,389289,28692822365,142,27,6123035
v2205,20220218,20220218,133253000,13:32:53,8624,670644,389287,28693124205,7,-2,301840
v2205,20220218,20220218,133253500,13:32:54,8624,670654,389287,28693555405,10,0,431200
v2205,20220218,20220218,133254000,13:32:54,8624,670659,389283,28693771005,5,-4,215600
v2205,20220218,20220218,133254500,13:32:55,8624,670715,389296,28696185740,56,13,2414735
v2205,20220218,20220218,133255000,13:32:55,8624,670721,389292,28696444455,6,-4,258715
v2205,20220218,20220218,133255500,13:32:55,8624,670797,389265,28699721890,76,-27,3277435
v2205,20220218,20220218,133256000,13:32:56,8625,670854,389245,28702180010,57,-20,2458120
v2205,20220218,20220218,133256500,13:32:57,8627,670890,389252,28703732700,36,7,1552690
v2205,20220218,20220218,133257000,13:32:59,8626,670904,389258,28704336520,14,6,603820
v2205,20220218,20220218,133257500,13:33:00,8626,670912,389259,28704681560,8,1,345040
v2205,20220218,20220218,133258000,13:33:00,8626,670923,389260,28705155985,11,1,474425
v2205,20220218,20220218,133258500,13:33:00,8626,670926,389260,28705285375,3,0,129390
v2205,20220218,20220218,133259500,13:33:01,8626,670958,389258,28706665620,32,-2,1380245
v2205,20220218,20220218,133300000,13:33:01,8626,670970,389253,28707183180,12,-5,517560
v2205,20220218,20220218,133300500,13:33:01,8628,670997,389240,28708347940,27,-13,1164760
v2205,20220218,20220218,133301000,13:33:02,8628,671086,389239,28712187730,89,-1,3839790
v2205,20220218,20220218,133301500,13:33:02,8629,671094,389243,28712532895,8,4,345165
v2205,20220218,20220218,133302000,13:33:03,8630,671214,389226,28717710850,120,-17,5177955
v2205,20220218,20220218,133302500,13:33:03,8630,671254,389222,28719436745,40,-4,1725895
v2205,20220218,20220218,133303000,13:33:03,8630,671268,389224,28720040805,14,2,604060
v2205,20220218,20220218,133303500,13:33:04,8629,671411,389208,28726210550,143,-16,6169745
v2205,20220218,20220218,133304000,13:33:04,8631,671538,389274,28731690520,127,66,5479970
v2205,20220218,20220218,133304500,13:33:05,8629,671553,389278,28732337710,15,4,647190
v2205,20220218,20220218,133305000,13:33:05,8630,671574,389278,28733243810,21,0,906100
v2205,20220218,20220218,133305500,13:33:05,8630,671589,389281,28733891000,15,3,647190
v2205,20220218,20220218,133306000,13:33:06,8629,671594,389279,28734106730,5,-2,215730
v2205,20220218,20220218,133306500,13:33:06,8629,671607,389284,28734667560,13,5,560830
v2205,20220218,20220218,133307000,13:33:07,8628,671626,389297,28735487220,19,13,819660
v2205,20220218,20220218,133307500,13:33:08,8627,671643,389288,28736220525,17,-9,733305
v2205,20220218,20220218,133308000,13:33:08,8628,671649,389288,28736479350,6,0,258825
v2205,20220218,20220218,133308500,13:33:09,8628,671680,389304,28737816665,31,16,1337315
v2205,20220218,20220218,133309000,13:33:09,8628,671704,389326,28738852025,24,22,1035360
v2205,20220218,20220218,133309500,13:33:11,8628,671709,389325,28739067725,5,-1,215700
v2205,20220218,20220218,133310000,13:33:11,8628,671711,389323,28739154005,2,-2,86280
v2205,20220218,20220218,133310500,13:33:12,8628,671712,389324,28739197145,1,1,43140
v2205,20220218,20220218,133311000,13:33:14,8628,671725,389329,28739757965,13,5,560820
v2205,20220218,20220218,133311500,13:33:14,8628,671738,389332,28740318840,13,3,560875
v2205,20220218,20220218,133312000,13:33:14,8628,671742,389332,28740491400,4,0,172560
v2205,20220218,20220218,133313500,13:33:15,8629,671744,389331,28740577690,2,-1,86290
v2205,20220218,20220218,133314000,13:33:17,8628,671749,389332,28740793395,5,1,215705
v2205,20220218,20220218,133314500,13:33:17,8629,671773,389331,28741828875,24,-1,1035480
v2205,20220218,20220218,133315000,13:33:18,8629,671773,389331,28741828875,0,0,0
v2205,20220218,20220218,133315500,13:33:18,8629,671773,389331,28741828875,0,0,0
v2205,20220218,20220218,133317000,13:33:19,8631,671885,389329,28746661895,112,-2,4833020
v2205,20220218,20220218,133317500,13:33:19,8631,671889,389328,28746834515,4,-1,172620
v2205,20220218,20220218,133318000,13:33:19,8631,671898,389325,28747222915,9,-3,388400
v2205,20220218,20220218,133318500,13:33:19,8631,671904,389323,28747481840,6,-2,258925
v2205,20220218,20220218,133319000,13:33:20,8631,671917,389325,28748042845,13,2,561005
v2205,20220218,20220218,133319500,13:33:20,8630,671936,389323,28748862695,19,-2,819850
v2205,20220218,20220218,133320000,13:33:21,8630,671939,389321,28748992145,3,-2,129450
v2205,20220218,20220218,133320500,13:33:22,8630,671942,389322,28749121590,3,1,129445
v2205,20220218,20220218,133321000,13:33:22,8631,671945,389322,28749251050,3,0,129460
v2205,20220218,20220218,133321500,13:33:22,8630,671952,389318,28749553110,7,-4,302060
v2205,20220218,20220218,133322000,13:33:22,8631,671984,389312,28750934070,32,-6,1380960
v2205,20220218,20220218,133322500,13:33:22,8631,672007,389313,28751926635,23,1,992565
v2205,20220218,20220218,133323000,13:33:23,8630,672044,389310,28753523200,37,-3,1596565
v2205,20220218,20220218,133323500,13:33:24,8630,672066,389312,28754472500,22,2,949300
v2205,20220218,20220218,133324000,13:33:24,8628,672121,389340,28756845450,55,28,2372950
v2205,20220218,20220218,133324500,13:33:25,8629,672169,389350,28758916230,48,10,2070780
v2205,20220218,20220218,133325000,13:33:26,8629,672171,389350,28759002520,2,0,86290
v2205,20220218,20220218,133325500,13:33:26,8629,672190,389358,28759822230,19,8,819710
v2205,20220218,20220218,133326000,13:33:28,8629,672211,389349,28760728230,21,-9,906000
v2205,20220218,20220218,133326500,13:33:29,8628,672225,389359,28761332245,14,10,604015
v2205,20220218,20220218,133327000,13:33:29,8629,672231,389360,28761591115,6,1,258870
v2205,20220218,20220218,133327500,13:33:30,8630,672236,389360,28761806865,5,0,215750
v2205,20220218,20220218,133328500,13:33:30,8630,672236,389360,28761806865,0,0,0
v2205,20220218,20220218,133329000,13:33:30,8630,672284,389352,28763878065,48,-8,2071200
v2205,20220218,20220218,133329500,13:33:30,8630,672288,389352,28764050665,4,0,172600
v2205,20220218,20220218,133330000,13:33:30,8630,672297,389355,28764439025,9,3,388360
v2205,20220218,20220218,133330500,13:33:31,8631,672300,389356,28764568480,3,1,129455
v2205,20220218,20220218,133331000,13:33:32,8631,672378,389393,28767934260,78,37,3365780
v2205,20220218,20220218,133331500,13:33:32,8630,672387,389392,28768322610,9,-1,388350
v2205,20220218,20220218,133332000,13:33:32,8630,672404,389404,28769056160,17,12,733550
v2205,20220218,20220218,133332500,13:33:32,8629,672406,389406,28769142455,2,2,86295
v2205,20220218,20220218,133333000,13:33:33,8630,672408,389408,28769228755,2,2,86300
v2205,20220218,20220218,133333500,13:33:33,8630,672412,389410,28769401355,4,2,172600
v2205,20220218,20220218,133334000,13:33:34,8629,672441,389411,28770652680,29,1,1251325
v2205,20220218,20220218,133334500,13:33:34,8630,672445,389413,28770825280,4,2,172600
v2205,20220218,20220218,133335000,13:33:35,8630,672461,389404,28771515750,16,-9,690470
v2205,20220218,20220218,133335500,13:33:35,8631,672491,389410,28772810400,30,6,1294650
v2205,20220218,20220218,133336000,13:33:36,8631,672501,389405,28773241950,10,-5,431550
v2205,20220218,20220218,133336500,13:33:36,8630,672508,389410,28773544025,7,5,302075
v2205,20220218,20220218,133337000,13:33:37,8630,672511,389412,28773673475,3,2,129450
v2205,20220218,20220218,133337500,13:33:37,8630,672513,389412,28773759775,2,0,86300
v2205,20220218,20220218,133338000,13:33:38,8630,672533,389407,28774622850,20,-5,863075
v2205,20220218,20220218,133338500,13:33:39,8631,672538,389408,28774838625,5,1,215775
v2205,20220218,20220218,133339000,13:33:39,8631,672546,389407,28775183865,8,-1,345240
v2205,20220218,20220218,133339500,13:33:40,8631,672554,389401,28775529130,8,-6,345265
v2205,20220218,20220218,133340000,13:33:40,8632,672585,389409,28776866940,31,8,1337810
v2205,20220218,20220218,133340500,13:33:41,8632,672688,389418,28781312410,103,9,4445470
v2205,20220218,20220218,133341000,13:33:41,8632,672783,389376,28785412585,95,-42,4100175
v2205,20220218,20220218,133341500,13:33:42,8632,672860,389317,28788736245,77,-59,3323660
v2205,20220218,20220218,133342000,13:33:42,8633,672919,389306,28791283250,59,-11,2547005
v2205,20220218,20220218,133342500,13:33:42,8632,672990,389287,28794348020,71,-19,3064770
v2205,20220218,20220218,133343000,13:33:43,8633,672995,389284,28794563845,5,-3,215825
v2205,20220218,20220218,133343500,13:33:44,8632,673000,389288,28794779665,5,4,215820
v2205,20220218,20220218,133344000,13:33:45,8632,673001,389289,28794822825,1,1,43160
v2205,20220218,20220218,133344500,13:33:45,8633,673002,389289,28794865990,1,0,43165
v2205,20220218,20220218,133345000,13:33:45,8633,673005,389288,28794995485,3,-1,129495
v2205,20220218,20220218,133345500,13:33:46,8632,673016,389284,28795470290,11,-4,474805
v2205,20220218,20220218,133346000,13:33:47,8633,673032,389295,28796160875,16,11,690585
v2205,20220218,20220218,133346500,13:33:48,8632,673047,389299,28796808300,15,4,647425
v2205,20220218,20220218,133347000,13:33:48,8633,673051,389301,28796980945,4,2,172645
v2205,20220218,20220218,133347500,13:33:49,8632,673084,389305,28798405255,33,4,1424310
v2205,20220218,20220218,133348000,13:33:49,8633,673104,389319,28799268545,20,14,863290
v2205,20220218,20220218,133348500,13:33:49,8633,673106,389319,28799354870,2,0,86325
v2205,20220218,20220218,133349000,13:33:50,8632,673111,389319,28799570680,5,0,215810
v2205,20220218,20220218,133349500,13:33:50,8632,673111,389319,28799570680,0,0,0
v2205,20220218,20220218,133350000,13:33:50,8633,673137,389332,28800692965,26,13,1122285
v2205,20220218,20220218,133350500,13:33:50,8633,673150,389339,28801254110,13,7,561145
v2205,20220218,20220218,133351000,13:33:51,8633,673151,389340,28801297275,1,1,43165
v2205,20220218,20220218,133351500,13:33:52,8632,673176,389359,28802376360,25,19,1079085
v2205,20220218,20220218,133352000,13:33:52,8632,673195,389359,28803196455,19,0,820095
v2205,20220218,20220218,133352500,13:33:52,8632,673248,389386,28805483720,53,27,2287265
v2205,20220218,20220218,133353000,13:33:53,8631,673252,389388,28805656345,4,2,172625
v2205,20220218,20220218,133353500,13:33:53,8631,673254,389389,28805742655,2,1,86310
v2205,20220218,20220218,133354000,13:33:54,8631,673281,389410,28806907820,27,21,1165165
v2205,20220218,20220218,133354500,13:33:55,8630,673282,389410,28806950970,1,0,43150
v2205,20220218,20220218,133355000,13:33:56,8631,673362,389423,28810402995,80,13,3452025
v2205,20220218,20220218,133355500,13:33:56,8629,673453,389500,28814329225,91,77,3926230
v2205,20220218,20220218,133356000,13:33:56,8629,673456,389500,28814458660,3,0,129435
v2205,20220218,20220218,133356500,13:33:57,8629,673461,389502,28814674385,5,2,215725
v2205,20220218,20220218,133357000,13:33:58,8628,673468,389505,28814976395,7,3,302010
v2205,20220218,20220218,133357500,13:33:58,8629,673475,389503,28815278410,7,-2,302015
v2205,20220218,20220218,133358000,13:33:58,8630,673497,389488,28816227710,22,-15,949300
v2205,20220218,20220218,133358500,13:33:58,8630,673516,389490,28817047580,19,2,819870
v2205,20220218,20220218,133359000,13:33:59,8630,673520,389494,28817220180,4,4,172600
v2205,20220218,20220218,133359500,13:33:59,8630,673528,389492,28817565385,8,-2,345205
v2205,20220218,20220218,133400000,13:34:00,8630,673531,389495,28817694835,3,3,129450
v2205,20220218,20220218,133400500,13:34:00,8630,673537,389497,28817953750,6,2,258915
v2205,20220218,20220218,133401000,13:34:01,8631,673585,389526,28820025185,48,29,2071435
v2205,20220218,20220218,133401500,13:34:02,8631,673602,389533,28820758805,17,7,733620
v2205,20220218,20220218,133402000,13:34:04,8631,673604,389534,28820845115,2,1,86310
v2205,20220218,20220218,133402500,13:34:10,8631,673606,389535,28820931425,2,1,86310
v2205,20220218,20220218,133403000,13:34:10,8632,673618,389536,28821449315,12,1,517890
v2205,20220218,20220218,133403500,13:34:11,8632,673655,389504,28823046210,37,-32,1596895
v2205,20220218,20220218,133410000,13:34:12,8638,674442,389590,28857025605,787,86,33979395
v2205,20220218,20220218,133410500,13:34:12,8637,674469,389605,28858191730,27,15,1166125
v2205,20220218,20220218,133411500,13:34:12,8637,674515,389600,28860178270,46,-5,1986540
v2205,20220218,20220218,133412000,13:34:12,8637,674613,389629,28864410490,98,29,4232220
v2205,20220218,20220218,133412500,13:34:13,8637,674631,389640,28865187830,18,11,777340
v2205,20220218,20220218,133413000,13:34:13,8637,674652,389656,28866094715,21,16,906885
v2205,20220218,20220218,133413500,13:34:14,8637,674685,389662,28867519820,33,6,1425105
v2205,20220218,20220218,133414000,13:34:14,8637,674747,389669,28870197270,62,7,2677450
v2205,20220218,20220218,133414500,13:34:15,8637,674776,389680,28871449650,29,11,1252380
v2205,20220218,20220218,133415000,13:34:15,8638,674818,389687,28873263615,42,7,1813965
v2205,20220218,20220218,133415500,13:34:16,8638,674835,389692,28873997870,17,5,734255
v2205,20220218,20220218,133416000,13:34:16,8638,674847,389693,28874516150,12,1,518280
v2205,20220218,20220218,133416500,13:34:17,8638,674858,389700,28874991240,11,7,475090
v2205,20220218,20220218,133417000,13:34:17,8639,674898,389702,28876718930,40,2,1727690
v2205,20220218,20220218,133417500,13:34:17,8638,674903,389702,28876934875,5,0,215945
v2205,20220218,20220218,133418000,13:34:18,8638,674921,389708,28877712285,18,6,777410
v2205,20220218,20220218,133418500,13:34:19,8637,674926,389709,28877928235,5,1,215950
v2205,20220218,20220218,133419000,13:34:19,8637,674948,389711,28878878305,22,2,950070
v2205,20220218,20220218,133419500,13:34:20,8638,675009,389737,28881512610,61,26,2634305
v2205,20220218,20220218,133420000,13:34:20,8638,675031,389754,28882462790,22,17,950180
v2205,20220218,20220218,133420500,13:34:23,8638,675039,389748,28882808300,8,-6,345510
v2205,20220218,20220218,133421000,13:34:23,8637,675041,389746,28882894675,2,-2,86375
v2205,20220218,20220218,133421500,13:34:23,8638,675044,389747,28883024240,3,1,129565
v2205,20220218,20220218,133423000,13:34:24,8638,675076,389742,28884406255,32,-5,1382015
