v2206,20220218,20220218,112003000,11:20:08,8575,20349,81962,867436695,20349,1299,867436695
v2206,20220218,20220218,112004500,11:20:10,8575,20349,81962,867436695,0,0,0
v2206,20220218,20220218,112006000,11:20:10,8575,20349,81962,867436695,0,0,0
v2206,20220218,20220218,112006500,11:20:10,8575,20349,81962,867436695,0,0,0
v2206,20220218,20220218,112007000,11:20:10,8575,20349,81962,867436695,0,0,0
v2206,20220218,20220218,112007500,11:20:10,8575,20349,81962,867436695,0,0,0
v2206,20220218,20220218,112008000,11:20:10,8575,20349,81962,867436695,0,0,0
v2206,20220218,20220218,112008500,11:20:10,8575,20349,81962,867436695,0,0,0
v2206,20220218,20220218,112009000,11:20:10,8575,20349,81962,867436695,0,0,0
v2206,20220218,20220218,112013000,11:20:13,8575,20349,81962,867436695,0,0,0
v2206,20220218,20220218,112013500,11:20:13,8575,20349,81962,867436695,0,0,0
v2206,20220218,20220218,112014000,11:20:14,8575,20349,81962,867436695,0,0,0
v2206,20220218,20220218,112017000,11:20:17,8575,20349,81962,867436695,0,0,0
v2206,20220218,20220218,112017500,11:20:17,8575,20349,81962,867436695,0,0,0
v2206,20220218,20220218,112018000,11:20:18,8575,20349,81962,867436695,0,0,0
v2206,20220218,20220218,112018500,11:20:18,8575,20349,81962,867436695,0,0,0
v2206,20220218,20220218,112019000,11:20:19,8575,20349,81962,867436695,0,0,0
v2206,20220218,20220218,112019500,11:20:20,8575,20349,81962,867436695,0,0,0
v2206,20220218,20220218,112020000,11:20:20,8575,20349,81962,867436695,0,0,0
v2206,20220218,20220218,112020500,11:20:21,8575,20349,81962,867436695,0,0,0
v2206,20220218,20220218,112021000,11:20:21,8575,20349,81962,867436695,0,0,0
v2206,20220218,20220218,112021500,11:20:21,8575,20349,81962,867436695,0,0,0
v2206,20220218,20220218,112022000,11:20:22,8575,20349,81962,867436695,0,0,0
v2206,20220218,20220218,112022500,11:20:23,8575,20349,81962,867436695,0,0,0
v2206,20220218,20220218,112023000,11:20:23,8575,20349,81962,867436695,0,0,0
v2206,20220218,20220218,112023500,11:20:23,8575,20349,81962,867436695,0,0,0
v2206,20220218,20220218,112024000,11:20:24,8575,20349,81962,867436695,0,0,0
v2206,20220218,20220218,112024500,11:20:24,8575,20349,81962,867436695,0,0,0
v2206,20220218,20220218,112025500,11:20:25,8575,20349,81962,867436695,0,0,0
v2206,20220218,20220218,112026000,11:20:26,8575,20349,81962,867436695,0,0,0
v2206,20220218,20220218,112026500,11:20:26,8575,20349,81962,867436695,0,0,0
v2206,20220218,20220218,112027000,11:20:27,8575,20349,81962,867436695,0,0,0
v2206,20220218,20220218,112027500,11:20:28,8575,20349,81962,867436695,0,0,0
v2206,20220218,20220218,112028000,11:20:28,8575,20349,81962,867436695,0,0,0
v2206,20220218,20220218,112028500,11:20:28,8575,20349,81962,867436695,0,0,0
v2206,20220218,20220218,112029500,11:20:31,8575,20349,81962,867436695,0,0,0
v2206,20220218,20220218,112030000,11:20:31,8575,20349,81962,867436695,0,0,0
v2206,20220218,20220218,112030500,11:20:31,8577,20356,81956,867736890,7,-6,300195
v2206,20220218,20220218,112031000,11:20:32,8576,20394,81931,869366360,38,-25,1629470
v2206,20220218,20220218,112031500,11:20:32,8576,20407,81933,869923790,13,2,557430
v2206,20220218,20220218,112032000,11:20:32,8577,20412,81931,870138215,5,-2,214425
v2206,20220218,20220218,112032500,11:20:32,8577,20414,81931,870223985,2,0,85770
v2206,20220218,20220218,112033000,11:20:33,8577,20414,81931,870223985,0,0,0
v2206,20220218,20220218,112033500,11:20:33,8577,20414,81931,870223985,0,0,0
v2206,20220218,20220218,112034000,11:20:34,8577,20414,81931,870223985,0,0,0
v2206,20220218,20220218,112034500,11:20:35,8577,20414,81931,870223985,0,0,0
v2206,20220218,20220218,112038500,11:20:38,8577,20414,81931,870223985,0,0,0
v2206,20220218,20220218,112039000,11:20:39,8577,20414,81931,870223985,0,0,0
v2206,20220218,20220218,112039500,11:20:40,8577,20414,81931,870223985,0,0,0
v2206,20220218,20220218,112040000,11:20:40,8577,20414,81931,870223985,0,0,0
v2206,20220218,20220218,112040500,11:20:41,8577,20414,81931,870223985,0,0,0
v2206,20220218,20220218,112042000,11:20:42,8577,20414,81931,870223985,0,0,0
v2206,20220218,20220218,112042500,11:20:42,8577,20414,81931,870223985,0,0,0
v2206,20220218,20220218,112043500,11:20:44,8577,20414,81931,870223985,0,0,0
v2206,20220218,20220218,112044000,11:20:44,8577,20414,81931,870223985,0,0,0
v2206,20220218,20220218,112045000,11:20:45,8577,20414,81931,870223985,0,0,0
v2206,20220218,20220218,112045500,11:20:46,8577,20414,81931,870223985,0,0,0
v2206,20220218,20220218,112046000,11:20:46,8577,20414,81931,870223985,0,0,0
v2206,20220218,20220218,112047000,11:20:48,8577,20414,81931,870223985,0,0,0
v2206,20220218,20220218,112048000,11:20:48,8577,20414,81931,870223985,0,0,0
v2206,20220218,20220218,112049000,11:20:50,8577,20414,81931,870223985,0,0,0
v2206,20220218,20220218,112050500,11:20:51,8577,20414,81931,870223985,0,0,0
v2206,20220218,20220218,112051000,11:20:51,8577,20414,81931,870223985,0,0,0
v2206,20220218,20220218,112051500,11:20:51,8577,20414,81931,870223985,0,0,0
v2206,20220218,20220218,112052000,11:20:53,8577,20414,81931,870223985,0,0,0
v2206,20220218,20220218,112052500,11:20:53,8577,20414,81931,870223985,0,0,0
v2206,20220218,20220218,112053000,11:20:53,8577,20414,81931,870223985,0,0,0
v2206,20220218,20220218,112054000,11:20:54,8577,20414,81931,870223985,0,0,0
v2206,20220218,20220218,112054500,11:20:55,8577,20414,81931,870223985,0,0,0
v2206,20220218,20220218,112055000,11:20:55,8577,20414,81931,870223985,0,0,0
v2206,20220218,20220218,112055500,11:20:56,8577,20414,81931,870223985,0,0,0
v2206,20220218,20220218,112056000,11:20:56,8577,20414,81931,870223985,0,0,0
v2206,20220218,20220218,112056500,11:20:57,8577,20414,81931,870223985,0,0,0
v2206,20220218,20220218,112057000,11:20:58,8577,20414,81931,870223985,0,0,0
v2206,20220218,20220218,112057500,11:20:58,8577,20414,81931,870223985,0,0,0
v2206,20220218,20220218,112058000,11:20:59,8577,20414,81931,870223985,0,0,0
v2206,20220218,20220218,112058500,11:20:59,8577,20414,81931,870223985,0,0,0
v2206,20220218,20220218,112059000,11:20:59,8577,20414,81931,870223985,0,0,0
v2206,20220218,20220218,112059500,11:21:00,8577,20414,81931,870223985,0,0,0
v2206,20220218,20220218,112102500,11:21:03,8577,20414,81931,870223985,0,0,0
v2206,20220218,20220218,112103000,11:21:03,8577,20414,81931,870223985,0,0,0
v2206,20220218,20220218,112103500,11:21:04,8577,20414,81931,870223985,0,0,0
v2206,20220218,20220218,112104000,11:21:04,8577,20414,81931,870223985,0,0,0
v2206,20220218,20220218,112104500,11:21:05,8577,20414,81931,870223985,0,0,0
v2206,20220218,20220218,112105500,11:21:07,8577,20414,81931,870223985,0,0,0
v2206,20220218,20220218,112106000,11:21:07,8577,20414,81931,870223985,0,0,0
v2206,20220218,20220218,112106500,11:21:07,8577,20414,81931,870223985,0,0,0
v2206,20220218,20220218,112107000,11:21:09,8577,20414,81931,870223985,0,0,0
v2206,20220218,20220218,112107500,11:21:10,8577,20414,81931,870223985,0,0,0
v2206,20220218,20220218,112108000,11:21:10,8577,20414,81931,870223985,0,0,0
v2206,20220218,20220218,112108500,11:21:10,8577,20414,81931,870223985,0,0,0
v2206,20220218,20220218,112110000,11:21:11,8577,20414,81931,870223985,0,0,0
v2206,20220218,20220218,112110500,11:21:11,8577,20414,81931,870223985,0,0,0
v2206,20220218,20220218,112111000,11:21:11,8577,20414,81931,870223985,0,0,0
v2206,20220218,20220218,112111500,11:21:12,8577,20414,81931,870223985,0,0,0
v2206,20220218,20220218,112112000,11:21:12,8577,20414,81931,870223985,0,0,0
v2206,20220218,20220218,112114500,11:21:15,8577,20414,81931,870223985,0,0,0
v2206,20220218,20220218,112115000,11:21:15,8577,20414,81931,870223985,0,0,0
v2206,20220218,20220218,112115500,11:21:15,8577,20414,81931,870223985,0,0,0
v2206,20220218,20220218,112116000,11:21:16,8577,20414,81931,870223985,0,0,0
v2206,20220218,20220218,112116500,11:21:17,8577,20414,81931,870223985,0,0,0
v2206,20220218,20220218,112117000,11:21:17,8577,20414,81931,870223985,0,0,0
v2206,20220218,20220218,112117500,11:21:18,8577,20426,81938,870738605,12,7,514620
v2206,20220218,20220218,112118000,11:21:18,8575,20456,81942,872024970,30,4,1286365
v2206,20220218,20220218,112118500,11:21:18,8576,20460,81940,872196490,4,-2,171520
v2206,20220218,20220218,112119000,11:21:19,8576,20460,81940,872196490,0,0,0
v2206,20220218,20220218,112119500,11:21:19,8577,20464,81936,872368030,4,-4,171540
v2206,20220218,20220218,112120000,11:21:20,8577,20464,81936,872368030,0,0,0
v2206,20220218,20220218,112120500,11:21:22,8577,20464,81936,872368030,0,0,0
v2206,20220218,20220218,112121000,11:21:22,8577,20464,81936,872368030,0,0,0
v2206,20220218,20220218,112121500,11:21:22,8577,20464,81936,872368030,0,0,0
v2206,20220218,20220218,112122000,11:21:22,8577,20464,81936,872368030,0,0,0
v2206,20220218,20220218,112124500,11:21:25,8577,20464,81936,872368030,0,0,0
v2206,20220218,20220218,112125000,11:22:28,8577,20464,81936,872368030,0,0,0
v2206,20220218,20220218,112125500,11:23:32,8577,20464,81936,872368030,0,0,0
v2206,20220218,20220218,112126000,11:23:33,8577,20464,81936,872368030,0,0,0
v2206,20220218,20220218,112332500,11:23:33,8576,20546,81950,875884405,82,14,3516375
v2206,20220218,20220218,112333500,11:23:33,8576,20546,81950,875884405,0,0,0
v2206,20220218,20220218,112334000,11:23:34,8576,20546,81950,875884405,0,0,0
v2206,20220218,20220218,112335000,11:23:35,8576,20546,81950,875884405,0,0,0
v2206,20220218,20220218,112335500,11:23:35,8576,20546,81950,875884405,0,0,0
v2206,20220218,20220218,112336000,11:23:36,8576,20548,81951,875970165,2,1,85760
v2206,20220218,20220218,112336500,11:23:38,8576,20548,81951,875970165,0,0,0
v2206,20220218,20220218,112337500,11:23:38,8576,20548,81951,875970165,0,0,0
v2206,20220218,20220218,112338000,11:23:38,8576,20548,81951,875970165,0,0,0
v2206,20220218,20220218,112339000,11:23:39,8576,20548,81951,875970165,0,0,0
v2206,20220218,20220218,112339500,11:23:39,8576,20548,81951,875970165,0,0,0
v2206,20220218,20220218,112340500,11:23:40,8576,20548,81951,875970165,0,0,0
v2206,20220218,20220218,112341000,11:23:41,8578,20550,81951,876055945,2,0,85780
v2206,20220218,20220218,112341500,11:23:42,8578,20550,81951,876055945,0,0,0
v2206,20220218,20220218,112342000,11:23:42,8578,20550,81951,876055945,0,0,0
v2206,20220218,20220218,112342500,11:23:43,8578,20550,81951,876055945,0,0,0
v2206,20220218,20220218,112343000,11:23:43,8578,20550,81951,876055945,0,0,0
v2206,20220218,20220218,112343500,11:23:43,8578,20550,81951,876055945,0,0,0
v2206,20220218,20220218,112344000,11:23:48,8578,20550,81951,876055945,0,0,0
v2206,20220218,20220218,112348500,11:23:49,8578,20550,81951,876055945,0,0,0
v2206,20220218,20220218,112349000,11:23:49,8578,20550,81951,876055945,0,0,0
v2206,20220218,20220218,112349500,11:23:50,8578,20550,81951,876055945,0,0,0
v2206,20220218,20220218,112350000,11:23:50,8578,20550,81951,876055945,0,0,0
v2206,20220218,20220218,112350500,11:23:50,8578,20550,81951,876055945,0,0,0
v2206,20220218,20220218,112351500,11:23:51,8578,20550,81951,876055945,0,0,0
v2206,20220218,20220218,112352000,11:23:52,8578,20550,81951,876055945,0,0,0
v2206,20220218,20220218,112352500,11:23:52,8578,20550,81951,876055945,0,0,0
v2206,20220218,20220218,112353500,11:23:53,8578,20550,81951,876055945,0,0,0
v2206,20220218,20220218,112354000,11:23:54,8578,20550,81951,876055945,0,0,0
v2206,20220218,20220218,112354500,11:23:55,8578,20550,81951,876055945,0,0,0
v2206,20220218,20220218,112355000,11:23:55,8578,20550,81951,876055945,0,0,0
v2206,20220218,20220218,112355500,11:23:55,8578,20550,81951,876055945,0,0,0
v2206,20220218,20220218,112356000,11:23:56,8578,20550,81951,876055945,0,0,0
v2206,20220218,20220218,112356500,11:23:56,8578,20550,81951,876055945,0,0,0
v2206,20220218,20220218,112357500,11:23:57,8578,20550,81951,876055945,0,0,0
v2206,20220218,20220218,112358000,11:23:58,8578,20550,81951,876055945,0,0,0
v2206,20220218,20220218,112358500,11:23:58,8578,20550,81951,876055945,0,0,0
v2206,20220218,20220218,112359000,11:23:59,8578,20550,81951,876055945,0,0,0
v2206,20220218,20220218,112359500,11:23:59,8578,20550,81951,876055945,0,0,0
v2206,20220218,20220218,112400500,11:24:00,8578,20550,81951,876055945,0,0,0
v2206,20220218,20220218,112401000,11:24:01,8578,20550,81951,876055945,0,0,0
v2206,20220218,20220218,112402500,11:24:02,8578,20550,81951,876055945,0,0,0
v2206,20220218,20220218,112403000,11:24:03,8578,20550,81951,876055945,0,0,0
v2206,20220218,20220218,112403500,11:24:04,8578,20550,81951,876055945,0,0,0
v2206,20220218,20220218,112404000,11:24:04,8578,20550,81951,876055945,0,0,0
v2206,20220218,20220218,112405000,11:24:05,8578,20550,81951,876055945,0,0,0
v2206,20220218,20220218,112406000,11:24:06,8578,20550,81951,876055945,0,0,0
v2206,20220218,20220218,112406500,11:24:06,8578,20550,81951,876055945,0,0,0
v2206,20220218,20220218,112407000,11:24:07,8578,20550,81951,876055945,0,0,0
v2206,20220218,20220218,112407500,11:24:08,8580,20551,81951,876098845,1,0,42900
v2206,20220218,20220218,112408000,11:24:08,8580,20551,81951,876098845,0,0,0
v2206,20220218,20220218,112408500,11:24:08,8580,20551,81951,876098845,0,0,0
v2206,20220218,20220218,112409000,11:24:09,8580,20551,81951,876098845,0,0,0
v2206,20220218,20220218,112409500,11:24:11,8580,20551,81951,876098845,0,0,0
v2206,20220218,20220218,112410500,11:24:12,8580,20551,81951,876098845,0,0,0
v2206,20220218,20220218,112412000,11:24:12,8580,20551,81951,876098845,0,0,0
v2206,20220218,20220218,112412500,11:24:13,8580,20551,81951,876098845,0,0,0
v2206,20220218,20220218,112413000,11:24:13,8580,20551,81951,876098845,0,0,0
v2206,20220218,20220218,112413500,11:24:14,8580,20551,81951,876098845,0,0,0
v2206,20220218,20220218,112414000,11:24:14,8580,20551,81951,876098845,0,0,0
v2206,20220218,20220218,112414500,11:24:15,8580,20551,81951,876098845,0,0,0
v2206,20220218,20220218,112416000,11:24:16,8580,20551,81951,876098845,0,0,0
v2206,20220218,20220218,112416500,11:24:17,8580,20551,81951,876098845,0,0,0
v2206,20220218,20220218,112417000,11:24:17,8580,20551,81951,876098845,0,0,0
v2206,20220218,20220218,112418500,11:24:19,8580,20551,81951,876098845,0,0,0
v2206,20220218,20220218,112419000,11:24:19,8580,20551,81951,876098845,0,0,0
v2206,20220218,20220218,112419500,11:24:20,8580,20551,81951,876098845,0,0,0
v2206,20220218,20220218,112420000,11:24:20,8580,20551,81951,876098845,0,0,0
v2206,20220218,20220218,112420500,11:24:20,8580,20551,81951,876098845,0,0,0
v2206,20220218,20220218,112421500,11:24:22,8580,20551,81951,876098845,0,0,0
v2206,20220218,20220218,112422000,11:24:22,8580,20551,81951,876098845,0,0,0
v2206,20220218,20220218,112423000,11:24:23,8580,20551,81951,876098845,0,0,0
v2206,20220218,20220218,112423500,11:24:23,8580,20551,81951,876098845,0,0,0
v2206,20220218,20220218,112424000,11:24:24,8580,20551,81951,876098845,0,0,0
v2206,20220218,20220218,112424500,11:24:24,8580,20551,81951,876098845,0,0,0
v2206,20220218,20220218,112425000,11:24:25,8580,20551,81951,876098845,0,0,0
v2206,20220218,20220218,112425500,11:24:25,8580,20551,81951,876098845,0,0,0
v2206,20220218,20220218,112426000,11:24:26,8580,20551,81951,876098845,0,0,0
v2206,20220218,20220218,112426500,11:24:26,8580,20551,81951,876098845,0,0,0
v2206,20220218,20220218,112444000,11:24:44,8577,20552,81951,876141730,1,0,42885
v2206,20220218,20220218,112446000,11:24:46,8578,20558,81951,876399070,6,0,257340
v2206,20220218,20220218,112446500,11:24:46,8578,20558,81951,876399070,0,0,0
v2206,20220218,20220218,112447000,11:24:47,8578,20558,81951,876399070,0,0,0
v2206,20220218,20220218,112447500,11:24:47,8577,20560,81951,876484840,2,0,85770
v2206,20220218,20220218,112448000,11:24:48,8577,20560,81951,876484840,0,0,0
v2206,20220218,20220218,112449000,11:24:49,8577,20560,81951,876484840,0,0,0
v2206,20220218,20220218,112449500,11:24:49,8577,20560,81951,876484840,0,0,0
v2206,20220218,20220218,112450000,11:24:50,8577,20560,81951,876484840,0,0,0
v2206,20220218,20220218,112451000,11:24:51,8577,20560,81951,876484840,0,0,0
v2206,20220218,20220218,112451500,11:24:52,8577,20560,81951,876484840,0,0,0
v2206,20220218,20220218,112452000,11:24:52,8577,20560,81951,876484840,0,0,0
v2206,20220218,20220218,112452500,11:24:52,8578,20566,81957,876742180,6,6,257340
v2206,20220218,20220218,112453000,11:24:53,8578,20566,81957,876742180,0,0,0
v2206,20220218,20220218,112453500,11:24:53,8578,20566,81957,876742180,0,0,0
v2206,20220218,20220218,112454000,11:24:54,8578,20566,81957,876742180,0,0,0
v2206,20220218,20220218,112454500,11:24:54,8578,20566,81957,876742180,0,0,0
v2206,20220218,20220218,112455000,11:24:55,8578,20566,81957,876742180,0,0,0
v2206,20220218,20220218,112455500,11:24:56,8578,20566,81957,876742180,0,0,0
v2206,20220218,20220218,112456000,11:24:56,8578,20566,81957,876742180,0,0,0
v2206,20220218,20220218,112456500,11:24:56,8578,20566,81957,876742180,0,0,0
v2206,20220218,20220218,112457000,11:24:57,8578,20566,81957,876742180,0,0,0
v2206,20220218,20220218,112457500,11:24:57,8578,20566,81957,876742180,0,0,0
v2206,20220218,20220218,112458000,11:24:58,8578,20566,81957,876742180,0,0,0
v2206,20220218,20220218,112458500,11:24:58,8578,20566,81957,876742180,0,0,0
v2206,20220218,20220218,112459500,11:24:59,8578,20566,81957,876742180,0,0,0
v2206,20220218,20220218,112500000,11:25:00,8578,20566,81957,876742180,0,0,0
v2206,20220218,20220218,112501500,11:25:04,8578,20566,81957,876742180,0,0,0
v2206,20220218,20220218,112502000,11:25:05,8578,20566,81957,876742180,0,0,0
v2206,20220218,20220218,112502500,11:25:06,8578,20566,81957,876742180,0,0,0
v2206,20220218,20220218,112504500,11:25:06,8578,20566,81957,876742180,0,0,0
v2206,20220218,20220218,112505000,11:25:06,8578,20566,81957,876742180,0,0,0
v2206,20220218,20220218,112505500,11:25:06,8578,20566,81957,876742180,0,0,0
v2206,20220218,20220218,112506000,11:25:06,8578,20566,81957,876742180,0,0,0
v2206,20220218,20220218,112506500,11:25:07,8578,20566,81957,876742180,0,0,0
v2206,20220218,20220218,112507000,11:25:07,8578,20566,81957,876742180,0,0,0
v2206,20220218,20220218,112507500,11:25:07,8578,20566,81957,876742180,0,0,0
v2206,20220218,20220218,112508000,11:25:08,8578,20566,81957,876742180,0,0,0
v2206,20220218,20220218,112508500,11:25:08,8578,20566,81957,876742180,0,0,0
v2206,20220218,20220218,112509000,11:25:09,8578,20566,81957,876742180,0,0,0
v2206,20220218,20220218,112509500,11:25:09,8578,20566,81957,876742180,0,0,0
v2206,20220218,20220218,112510000,11:25:10,8578,20566,81957,876742180,0,0,0
v2206,20220218,20220218,112510500,11:25:10,8578,20566,81957,876742180,0,0,0
v2206,20220218,20220218,112511000,11:25:11,8578,20566,81957,876742180,0,0,0
v2206,20220218,20220218,112511500,11:25:11,8578,20566,81957,876742180,0,0,0
v2206,20220218,20220218,112512000,11:25:12,8578,20566,81957,876742180,0,0,0
v2206,20220218,20220218,112512500,11:25:12,8578,20566,81957,876742180,0,0,0
v2206,20220218,20220218,112513000,11:25:13,8578,20566,81957,876742180,0,0,0
v2206,20220218,20220218,112514500,11:25:15,8578,20566,81957,876742180,0,0,0
v2206,20220218,20220218,112515000,11:25:16,8578,20566,81957,876742180,0,0,0
v2206,20220218,20220218,112515500,11:25:16,8578,20566,81957,876742180,0,0,0
v2206,20220218,20220218,112516000,11:25:16,8578,20566,81957,876742180,0,0,0
v2206,20220218,20220218,112516500,11:25:16,8578,20566,81957,876742180,0,0,0
v2206,20220218,20220218,112518000,11:25:19,8578,20566,81957,876742180,0,0,0
v2206,20220218,20220218,112518500,11:25:19,8578,20566,81957,876742180,0,0,0
v2206,20220218,20220218,112519000,11:25:19,8578,20566,81957,876742180,0,0,0
v2206,20220218,20220218,112519500,11:25:20,8578,20566,81957,876742180,0,0,0
v2206,20220218,20220218,112520000,11:25:20,8578,20566,81957,876742180,0,0,0
v2206,20220218,20220218,112520500,11:25:21,8578,20566,81957,876742180,0,0,0
v2206,20220218,20220218,112521000,11:25:21,8578,20566,81957,876742180,0,0,0
v2206,20220218,20220218,112521500,11:25:22,8578,20566,81957,876742180,0,0,0
v2206,20220218,20220218,112523000,11:25:23,8584,20568,81956,876828000,2,-1,85820
v2206,20220218,20220218,112523500,11:25:24,8584,20568,81956,876828000,0,0,0
v2206,20220218,20220218,112524000,11:25:25,8584,20568,81956,876828000,0,0,0
v2206,20220218,20220218,112524500,11:25:25,8584,20568,81956,876828000,0,0,0
v2206,20220218,20220218,112525000,11:25:25,8584,20568,81956,876828000,0,0,0
v2206,20220218,20220218,112525500,11:25:26,8584,20568,81956,876828000,0,0,0
v2206,20220218,20220218,112526000,11:25:26,8584,20568,81956,876828000,0,0,0
v2206,20220218,20220218,112526500,11:25:27,8584,20568,81956,876828000,0,0,0
v2206,20220218,20220218,112527000,11:25:28,8584,20568,81956,876828000,0,0,0
v2206,20220218,20220218,112527500,11:25:28,8584,20568,81956,876828000,0,0,0
v2206,20220218,20220218,112528000,11:25:28,8584,20568,81956,876828000,0,0,0
v2206,20220218,20220218,112528500,11:25:28,8584,20568,81956,876828000,0,0,0
v2206,20220218,20220218,112529000,11:25:29,8584,20568,81956,876828000,0,0,0
v2206,20220218,20220218,112529500,11:25:30,8584,20568,81956,876828000,0,0,0
v2206,20220218,20220218,112530000,11:25:31,8580,20583,81956,877471495,15,0,643495
v2206,20220218,20220218,112530500,11:25:31,8578,20587,81955,877643055,4,-1,171560
v2206,20220218,20220218,112531000,11:25:31,8578,20587,81955,877643055,0,0,0
v2206,20220218,20220218,112531500,11:25:32,8578,20587,81955,877643055,0,0,0
v2206,20220218,20220218,112532000,11:25:32,8578,20589,81955,877728835,2,0,85780
v2206,20220218,20220218,112532500,11:25:33,8578,20591,81954,877814615,2,-1,85780
v2206,20220218,20220218,112533000,11:25:33,8578,20591,81954,877814615,0,0,0
v2206,20220218,20220218,112533500,11:25:33,8578,20591,81954,877814615,0,0,0
v2206,20220218,20220218,112534000,11:25:34,8578,20591,81954,877814615,0,0,0
v2206,20220218,20220218,112534500,11:25:36,8578,20591,81954,877814615,0,0,0
v2206,20220218,20220218,112535000,11:25:36,8578,20591,81954,877814615,0,0,0
v2206,20220218,20220218,112535500,11:25:37,8578,20591,81954,877814615,0,0,0
v2206,20220218,20220218,112536500,11:25:37,8578,20591,81954,877814615,0,0,0
v2206,20220218,20220218,112537000,11:25:38,8578,20591,81954,877814615,0,0,0
v2206,20220218,20220218,112537500,11:25:38,8578,20591,81954,877814615,0,0,0
v2206,20220218,20220218,112538000,11:25:38,8578,20591,81954,877814615,0,0,0
v2206,20220218,20220218,112538500,11:25:39,8578,20591,81954,877814615,0,0,0
v2206,20220218,20220218,112539000,11:25:39,8578,20591,81954,877814615,0,0,0
v2206,20220218,20220218,112539500,11:25:40,8578,20591,81954,877814615,0,0,0
v2206,20220218,20220218,112540000,11:25:40,8578,20591,81954,877814615,0,0,0
v2206,20220218,20220218,112540500,11:25:41,8578,20591,81954,877814615,0,0,0
v2206,20220218,20220218,112541000,11:25:41,8578,20591,81954,877814615,0,0,0
v2206,20220218,20220218,112541500,11:25:41,8578,20591,81954,877814615,0,0,0
v2206,20220218,20220218,112542000,11:25:42,8578,20591,81954,877814615,0,0,0
v2206,20220218,20220218,112542500,11:25:43,8578,20591,81954,877814615,0,0,0
v2206,20220218,20220218,112543000,11:25:43,8578,20591,81954,877814615,0,0,0
v2206,20220218,20220218,112543500,11:25:43,8578,20591,81954,877814615,0,0,0
v2206,20220218,20220218,112544000,11:25:44,8578,20591,81954,877814615,0,0,0
v2206,20220218,20220218,112544500,11:25:44,8578,20591,81954,877814615,0,0,0
v2206,20220218,20220218,112545000,11:25:45,8578,20591,81954,877814615,0,0,0
v2206,20220218,20220218,112545500,11:25:46,8578,20591,81954,877814615,0,0,0
v2206,20220218,20220218,112546000,11:25:47,8578,20591,81954,877814615,0,0,0
v2206,20220218,20220218,112546500,11:25:47,8578,20591,81954,877814615,0,0,0
v2206,20220218,20220218,112547000,11:25:48,8578,20591,81954,877814615,0,0,0
v2206,20220218,20220218,112547500,11:25:48,8578,20591,81954,877814615,0,0,0
v2206,20220218,20220218,112548000,11:25:48,8578,20591,81954,877814615,0,0,0
v2206,20220218,20220218,112548500,11:25:48,8578,20591,81954,877814615,0,0,0
v2206,20220218,20220218,112549000,11:25:49,8578,20591,81954,877814615,0,0,0
v2206,20220218,20220218,112549500,11:25:49,8578,20591,81954,877814615,0,0,0
v2206,20220218,20220218,112550000,11:25:50,8578,20591,81954,877814615,0,0,0
v2206,20220218,20220218,112550500,11:25:51,8578,20591,81954,877814615,0,0,0
v2206,20220218,20220218,112551000,11:25:51,8578,20591,81954,877814615,0,0,0
v2206,20220218,20220218,112551500,11:25:51,8578,20591,81954,877814615,0,0,0
v2206,20220218,20220218,112552000,11:25:52,8578,20591,81954,877814615,0,0,0
v2206,20220218,20220218,112552500,11:25:52,8578,20591,81954,877814615,0,0,0
v2206,20220218,20220218,112553000,11:25:53,8578,20591,81954,877814615,0,0,0
v2206,20220218,20220218,112553500,11:25:54,8578,20591,81954,877814615,0,0,0
v2206,20220218,20220218,112554000,11:25:54,8578,20591,81954,877814615,0,0,0
v2206,20220218,20220218,112554500,11:25:55,8578,20591,81954,877814615,0,0,0
v2206,20220218,20220218,112555000,11:25:55,8578,20591,81954,877814615,0,0,0
v2206,20220218,20220218,112555500,11:25:57,8578,20591,81954,877814615,0,0,0
v2206,20220218,20220218,112556000,11:25:57,8578,20591,81954,877814615,0,0,0
v2206,20220218,20220218,112556500,11:25:57,8578,20591,81954,877814615,0,0,0
v2206,20220218,20220218,112557000,11:25:57,8578,20591,81954,877814615,0,0,0
v2206,20220218,20220218,112557500,11:25:57,8578,20591,81954,877814615,0,0,0
v2206,20220218,20220218,112558000,11:25:59,8578,20591,81954,877814615,0,0,0
v2206,20220218,20220218,112558500,11:25:59,8578,20591,81954,877814615,0,0,0
v2206,20220218,20220218,112559000,11:26:00,8578,20591,81954,877814615,0,0,0
v2206,20220218,20220218,112559500,11:26:00,8578,20591,81954,877814615,0,0,0
v2206,20220218,20220218,112600000,11:26:00,8578,20591,81954,877814615,0,0,0
v2206,20220218,20220218,112600500,11:26:01,8578,20591,81954,877814615,0,0,0
v2206,20220218,20220218,112601000,11:26:01,8578,20591,81954,877814615,0,0,0
v2206,20220218,20220218,112601500,11:26:03,8578,20591,81954,877814615,0,0,0
v2206,20220218,20220218,112602000,11:26:03,8578,20591,81954,877814615,0,0,0
v2206,20220218,20220218,112602500,11:26:03,8578,20591,81954,877814615,0,0,0
v2206,20220218,20220218,112603000,11:26:03,8578,20591,81954,877814615,0,0,0
v2206,20220218,20220218,112603500,11:26:03,8578,20591,81954,877814615,0,0,0
v2206,20220218,20220218,112604000,11:26:05,8578,20593,81954,877900395,2,0,85780
v2206,20220218,20220218,112604500,11:26:05,8578,20593,81954,877900395,0,0,0
v2206,20220218,20220218,112605000,11:26:05,8578,20593,81954,877900395,0,0,0
v2206,20220218,20220218,112605500,11:26:06,8578,20593,81954,877900395,0,0,0
v2206,20220218,20220218,112606000,11:26:06,8578,20593,81954,877900395,0,0,0
v2206,20220218,20220218,112606500,11:26:07,8578,20593,81954,877900395,0,0,0
v2206,20220218,20220218,112607000,11:26:09,8578,20593,81954,877900395,0,0,0
v2206,20220218,20220218,112607500,11:26:09,8578,20593,81954,877900395,0,0,0
v2206,20220218,20220218,112609000,11:26:10,8578,20593,81954,877900395,0,0,0
v2206,20220218,20220218,112609500,11:26:10,8578,20593,81954,877900395,0,0,0
v2206,20220218,20220218,112610000,11:26:10,8578,20593,81954,877900395,0,0,0
v2206,20220218,20220218,112610500,11:26:11,8578,20593,81954,877900395,0,0,0
v2206,20220218,20220218,112611000,11:26:11,8578,20593,81954,877900395,0,0,0
v2206,20220218,20220218,112611500,11:26:13,8578,20593,81954,877900395,0,0,0
v2206,20220218,20220218,112612000,11:26:14,8578,20593,81954,877900395,0,0,0
v2206,20220218,20220218,112612500,11:26:15,8578,20593,81954,877900395,0,0,0
v2206,20220218,20220218,112613000,11:26:15,8578,20593,81954,877900395,0,0,0
v2206,20220218,20220218,112613500,11:26:15,8578,20593,81954,877900395,0,0,0
v2206,20220218,20220218,112614000,11:26:15,8578,20593,81954,877900395,0,0,0
v2206,20220218,20220218,112614500,11:26:16,8578,20593,81954,877900395,0,0,0
v2206,20220218,20220218,112615000,11:26:16,8578,20593,81954,877900395,0,0,0
v2206,20220218,20220218,112615500,11:26:16,8578,20593,81954,877900395,0,0,0
v2206,20220218,20220218,112616000,11:26:16,8578,20593,81954,877900395,0,0,0
v2206,20220218,20220218,112616500,11:26:17,8578,20593,81954,877900395,0,0,0
v2206,20220218,20220218,112617000,11:26:17,8578,20593,81954,877900395,0,0,0
v2206,20220218,20220218,112617500,11:26:17,8578,20593,81954,877900395,0,0,0
v2206,20220218,20220218,112618000,11:26:18,8578,20593,81954,877900395,0,0,0
v2206,20220218,20220218,112618500,11:26:18,8578,20593,81954,877900395,0,0,0
v2206,20220218,20220218,112619000,11:26:19,8578,20593,81954,877900395,0,0,0
v2206,20220218,20220218,112619500,11:26:20,8578,20593,81954,877900395,0,0,0
v2206,20220218,20220218,112620000,11:26:20,8578,20593,81954,877900395,0,0,0
v2206,20220218,20220218,112620500,11:26:20,8578,20593,81954,877900395,0,0,0
v2206,20220218,20220218,112621000,11:26:21,8578,20593,81954,877900395,0,0,0
v2206,20220218,20220218,112621500,11:26:21,8578,20593,81954,877900395,0,0,0
v2206,20220218,20220218,112622000,11:26:22,8578,20593,81954,877900395,0,0,0
v2206,20220218,20220218,112622500,11:26:23,8578,20593,81954,877900395,0,0,0
v2206,20220218,20220218,112623000,11:26:23,8578,20593,81954,877900395,0,0,0
v2206,20220218,20220218,112623500,11:26:23,8578,20593,81954,877900395,0,0,0
v2206,20220218,20220218,112624000,11:26:24,8578,20593,81954,877900395,0,0,0
v2206,20220218,20220218,112624500,11:26:24,8578,20593,81954,877900395,0,0,0
v2206,20220218,20220218,112625000,11:26:25,8578,20593,81954,877900395,0,0,0
v2206,20220218,20220218,112626500,11:26:27,8578,20593,81954,877900395,0,0,0
v2206,20220218,20220218,112627000,11:26:27,8578,20593,81954,877900395,0,0,0
v2206,20220218,20220218,112627500,11:26:27,8578,20593,81954,877900395,0,0,0
v2206,20220218,20220218,112628000,11:26:28,8578,20593,81954,877900395,0,0,0
v2206,20220218,20220218,112628500,11:26:28,8578,20593,81954,877900395,0,0,0
v2206,20220218,20220218,112629000,11:26:30,8578,20593,81954,877900395,0,0,0
v2206,20220218,20220218,112629500,11:26:31,8578,20593,81954,877900395,0,0,0
v2206,20220218,20220218,112630000,11:26:31,8578,20593,81954,877900395,0,0,0
v2206,20220218,20220218,112630500,11:26:31,8578,20593,81954,877900395,0,0,0
v2206,20220218,20220218,112631000,11:26:31,8578,20593,81954,877900395,0,0,0
v2206,20220218,20220218,112631500,11:26:32,8578,20593,81954,877900395,0,0,0
v2206,20220218,20220218,112633000,11:26:33,8578,20593,81954,877900395,0,0,0
v2206,20220218,20220218,112633500,11:26:34,8578,20593,81954,877900395,0,0,0
v2206,20220218,20220218,112634500,11:26:37,8578,20593,81954,877900395,0,0,0
v2206,20220218,20220218,112635000,11:26:37,8578,20593,81954,877900395,0,0,0
v2206,20220218,20220218,112637000,11:26:54,8578,20593,81954,877900395,0,0,0
v2206,20220218,20220218,112637500,11:26:54,8578,20593,81954,877900395,0,0,0
v2206,20220218,20220218,112638000,11:27:10,8578,20593,81954,877900395,0,0,0
v2206,20220218,20220218,112638500,11:27:10,8578,20593,81954,877900395,0,0,0
v2206,20220218,20220218,112653500,11:27:12,8578,20593,81954,877900395,0,0,0
v2206,20220218,20220218,112710000,11:27:12,8578,20593,81954,877900395,0,0,0
v2206,20220218,20220218,112710500,11:27:12,8578,20593,81954,877900395,0,0,0
v2206,20220218,20220218,112712000,11:27:13,8578,20593,81954,877900395,0,0,0
v2206,20220218,20220218,112712500,11:27:13,8578,20593,81954,877900395,0,0,0
v2206,20220218,20220218,112713000,11:27:14,8578,20593,81954,877900395,0,0,0
v2206,20220218,20220218,112715500,11:27:16,8578,20593,81954,877900395,0,0,0
v2206,20220218,20220218,112716000,11:27:17,8578,20593,81954,877900395,0,0,0
v2206,20220218,20220218,112716500,11:27:17,8580,20603,81951,878329250,10,-3,428855
v2206,20220218,20220218,112717000,11:27:17,8580,20603,81951,878329250,0,0,0
v2206,20220218,20220218,112717500,11:27:17,8580,20603,81951,878329250,0,0,0
v2206,20220218,20220218,112718000,11:27:18,8580,20603,81951,878329250,0,0,0
v2206,20220218,20220218,112718500,11:27:19,8580,20603,81951,878329250,0,0,0
v2206,20220218,20220218,112719000,11:27:19,8580,20603,81951,878329250,0,0,0
v2206,20220218,20220218,112719500,11:27:20,8580,20603,81951,878329250,0,0,0
v2206,20220218,20220218,112720000,11:27:20,8580,20603,81951,878329250,0,0,0
v2206,20220218,20220218,112720500,11:27:21,8580,20603,81951,878329250,0,0,0
v2206,20220218,20220218,112722500,11:27:22,8580,20603,81951,878329250,0,0,0
v2206,20220218,20220218,112723000,11:27:26,8580,20603,81951,878329250,0,0,0
v2206,20220218,20220218,112723500,11:27:27,8580,20603,81951,878329250,0,0,0
v2206,20220218,20220218,112724000,11:27:27,8580,20603,81951,878329250,0,0,0
v2206,20220218,20220218,112726500,11:27:27,8580,20603,81951,878329250,0,0,0
v2206,20220218,20220218,112727000,11:27:27,8580,20603,81951,878329250,0,0,0
v2206,20220218,20220218,112727500,11:27:27,8580,20603,81951,878329250,0,0,0
v2206,20220218,20220218,112728000,11:27:28,8580,20603,81951,878329250,0,0,0
v2206,20220218,20220218,112728500,11:27:28,8580,20603,81951,878329250,0,0,0
v2206,20220218,20220218,112729000,11:27:29,8580,20603,81951,878329250,0,0,0
v2206,20220218,20220218,112729500,11:27:29,8580,20603,81951,878329250,0,0,0
v2206,20220218,20220218,112730000,11:27:30,8580,20603,81951,878329250,0,0,0
v2206,20220218,20220218,112730500,11:27:31,8580,20603,81951,878329250,0,0,0
v2206,20220218,20220218,112731000,11:27:33,8580,20603,81951,878329250,0,0,0
v2206,20220218,20220218,112731500,11:27:35,8580,20603,81951,878329250,0,0,0
v2206,20220218,20220218,112735500,11:27:36,8580,20603,81951,878329250,0,0,0
v2206,20220218,20220218,112736000,11:27:37,8580,20603,81951,878329250,0,0,0
v2206,20220218,20220218,112736500,11:27:38,8580,20603,81951,878329250,0,0,0
v2206,20220218,20220218,112737000,11:27:38,8580,20603,81951,878329250,0,0,0
v2206,20220218,20220218,112737500,11:27:38,8580,20603,81951,878329250,0,0,0
v2206,20220218,20220218,112738000,11:27:39,8580,20603,81951,878329250,0,0,0
v2206,20220218,20220218,112738500,11:27:39,8580,20603,81951,878329250,0,0,0
v2206,20220218,20220218,112739500,11:27:39,8580,20603,81951,878329250,0,0,0
v2206,20220218,20220218,112740000,11:27:40,8580,20603,81951,878329250,0,0,0
v2206,20220218,20220218,112740500,11:27:40,8580,20603,81951,878329250,0,0,0
v2206,20220218,20220218,112741000,11:27:41,8580,20603,81951,878329250,0,0,0
v2206,20220218,20220218,112741500,11:27:42,8580,20603,81951,878329250,0,0,0
v2206,20220218,20220218,112742000,11:27:42,8580,20603,81951,878329250,0,0,0
v2206,20220218,20220218,112743000,11:27:43,8580,20603,81951,878329250,0,0,0
v2206,20220218,20220218,112743500,11:27:43,8580,20603,81951,878329250,0,0,0
v2206,20220218,20220218,112744000,11:27:44,8580,20603,81951,878329250,0,0,0
v2206,20220218,20220218,112744500,11:27:45,8580,20603,81951,878329250,0,0,0
v2206,20220218,20220218,112745000,11:27:45,8580,20603,81951,878329250,0,0,0
v2206,20220218,20220218,112745500,11:27:46,8580,20603,81951,878329250,0,0,0
v2206,20220218,20220218,112746000,11:27:46,8580,20603,81951,878329250,0,0,0
v2206,20220218,20220218,112746500,11:27:47,8580,20603,81951,878329250,0,0,0
v2206,20220218,20220218,112747000,11:27:47,8580,20603,81951,878329250,0,0,0
v2206,20220218,20220218,112747500,11:27:48,8580,20603,81951,878329250,0,0,0
v2206,20220218,20220218,112748000,11:27:53,8580,20603,81951,878329250,0,0,0
v2206,20220218,20220218,112749000,11:27:54,8580,20603,81951,878329250,0,0,0
v2206,20220218,20220218,112749500,11:27:54,8580,20603,81951,878329250,0,0,0
v2206,20220218,20220218,112754000,11:27:54,8580,20603,81951,878329250,0,0,0
v2206,20220218,20220218,112754500,11:27:54,8580,20603,81951,878329250,0,0,0
v2206,20220218,20220218,112755000,11:27:55,8580,20603,81951,878329250,0,0,0
v2206,20220218,20220218,112755500,11:27:55,8580,20603,81951,878329250,0,0,0
v2206,20220218,20220218,112756000,11:27:56,8580,20603,81951,878329250,0,0,0
v2206,20220218,20220218,112756500,11:27:56,8580,20603,81951,878329250,0,0,0
v2206,20220218,20220218,112757000,11:27:57,8580,20603,81951,878329250,0,0,0
v2206,20220218,20220218,112758500,11:27:59,8580,20603,81951,878329250,0,0,0
v2206,20220218,20220218,112759500,11:27:59,8580,20603,81951,878329250,0,0,0
v2206,20220218,20220218,112800000,11:28:00,8580,20603,81951,878329250,0,0,0
v2206,20220218,20220218,112800500,11:28:01,8580,20603,81951,878329250,0,0,0
v2206,20220218,20220218,112801000,11:28:01,8580,20603,81951,878329250,0,0,0
v2206,20220218,20220218,112801500,11:28:02,8580,20603,81951,878329250,0,0,0
v2206,20220218,20220218,112802000,11:28:03,8580,20603,81951,878329250,0,0,0
v2206,20220218,20220218,112802500,11:28:03,8580,20603,81951,878329250,0,0,0
v2206,20220218,20220218,112803000,11:28:04,8580,20603,81951,878329250,0,0,0
v2206,20220218,20220218,112803500,11:28:04,8580,20603,81951,878329250,0,0,0
v2206,20220218,20220218,112804000,11:28:04,8580,20603,81951,878329250,0,0,0
v2206,20220218,20220218,112804500,11:28:05,8578,20610,81957,878629490,7,6,300240
v2206,20220218,20220218,112805000,11:28:06,8578,20610,81957,878629490,0,0,0
v2206,20220218,20220218,112805500,11:28:06,8578,20610,81957,878629490,0,0,0
v2206,20220218,20220218,112806000,11:28:10,8578,20610,81957,878629490,0,0,0
v2206,20220218,20220218,112806500,11:28:10,8578,20610,81957,878629490,0,0,0
v2206,20220218,20220218,112807000,11:28:10,8578,20610,81957,878629490,0,0,0
v2206,20220218,20220218,112807500,11:28:11,8578,20610,81957,878629490,0,0,0
v2206,20220218,20220218,112810000,11:28:11,8578,20610,81957,878629490,0,0,0
v2206,20220218,20220218,112810500,11:28:12,8578,20610,81957,878629490,0,0,0
v2206,20220218,20220218,112811000,11:28:12,8578,20610,81957,878629490,0,0,0
v2206,20220218,20220218,112811500,11:28:12,8578,20610,81957,878629490,0,0,0
v2206,20220218,20220218,112812000,11:28:13,8578,20610,81957,878629490,0,0,0
v2206,20220218,20220218,112812500,11:28:13,8578,20610,81957,878629490,0,0,0
v2206,20220218,20220218,112813000,11:28:13,8578,20610,81957,878629490,0,0,0
v2206,20220218,20220218,112813500,11:28:14,8578,20610,81957,878629490,0,0,0
v2206,20220218,20220218,112814000,11:28:14,8578,20610,81957,878629490,0,0,0
v2206,20220218,20220218,112814500,11:28:14,8578,20610,81957,878629490,0,0,0
v2206,20220218,20220218,112815500,11:28:15,8578,20610,81957,878629490,0,0,0
v2206,20220218,20220218,112816000,11:28:16,8578,20610,81957,878629490,0,0,0
v2206,20220218,20220218,112816500,11:28:16,8578,20610,81957,878629490,0,0,0
v2206,20220218,20220218,112817000,11:28:17,8578,20610,81957,878629490,0,0,0
v2206,20220218,20220218,112817500,11:28:17,8578,20610,81957,878629490,0,0,0
v2206,20220218,20220218,112818000,11:28:18,8580,20616,81957,878886890,6,0,257400
v2206,20220218,20220218,112818500,11:28:18,8580,20616,81957,878886890,0,0,0
v2206,20220218,20220218,112819000,11:28:19,8580,20616,81957,878886890,0,0,0
v2206,20220218,20220218,112819500,11:28:19,8580,20616,81957,878886890,0,0,0
v2206,20220218,20220218,112820000,11:28:20,8580,20616,81957,878886890,0,0,0
v2206,20220218,20220218,112820500,11:28:20,8580,20616,81957,878886890,0,0,0
v2206,20220218,20220218,112821000,11:28:21,8580,20616,81957,878886890,0,0,0
v2206,20220218,20220218,112821500,11:28:22,8580,20616,81957,878886890,0,0,0
v2206,20220218,20220218,112822000,11:28:22,8580,20616,81957,878886890,0,0,0
v2206,20220218,20220218,112822500,11:28:22,8580,20616,81957,878886890,0,0,0
v2206,20220218,20220218,112823000,11:28:23,8580,20616,81957,878886890,0,0,0
v2206,20220218,20220218,112823500,11:28:24,8580,20616,81957,878886890,0,0,0
v2206,20220218,20220218,112824000,11:28:24,8580,20616,81957,878886890,0,0,0
v2206,20220218,20220218,112824500,11:28:25,8580,20616,81957,878886890,0,0,0
v2206,20220218,20220218,112825000,11:28:25,8580,20616,81957,878886890,0,0,0
v2206,20220218,20220218,112825500,11:28:25,8580,20616,81957,878886890,0,0,0
v2206,20220218,20220218,112826000,11:28:26,8580,20616,81957,878886890,0,0,0
v2206,20220218,20220218,112826500,11:28:27,8580,20616,81957,878886890,0,0,0
v2206,20220218,20220218,112827000,11:28:27,8580,20616,81957,878886890,0,0,0
v2206,20220218,20220218,112827500,11:28:27,8580,20616,81957,878886890,0,0,0
v2206,20220218,20220218,112828000,11:28:28,8580,20616,81957,878886890,0,0,0
v2206,20220218,20220218,112828500,11:28:28,8580,20616,81957,878886890,0,0,0
v2206,20220218,20220218,112829000,11:28:29,8580,20616,81957,878886890,0,0,0
v2206,20220218,20220218,112829500,11:28:30,8580,20616,81957,878886890,0,0,0
v2206,20220218,20220218,112830000,11:28:30,8580,20616,81957,878886890,0,0,0
v2206,20220218,20220218,112830500,11:28:31,8580,20616,81957,878886890,0,0,0
v2206,20220218,20220218,112831000,11:28:31,8580,20616,81957,878886890,0,0,0
v2206,20220218,20220218,112839000,11:28:40,8580,20616,81957,878886890,0,0,0
v2206,20220218,20220218,112839500,11:28:40,8580,20616,81957,878886890,0,0,0
v2206,20220218,20220218,112840000,11:28:40,8580,20616,81957,878886890,0,0,0
v2206,20220218,20220218,112840500,11:28:40,8580,20616,81957,878886890,0,0,0
v2206,20220218,20220218,112841000,11:28:41,8580,20616,81957,878886890,0,0,0
v2206,20220218,20220218,112841500,11:28:41,8580,20616,81957,878886890,0,0,0
v2206,20220218,20220218,112842000,11:28:42,8580,20616,81957,878886890,0,0,0
v2206,20220218,20220218,112842500,11:28:43,8580,20616,81957,878886890,0,0,0
v2206,20220218,20220218,112843000,11:28:43,8580,20616,81957,878886890,0,0,0
v2206,20220218,20220218,112843500,11:28:44,8580,20616,81957,878886890,0,0,0
v2206,20220218,20220218,112844000,11:28:44,8580,20616,81957,878886890,0,0,0
v2206,20220218,20220218,112844500,11:28:44,8580,20616,81957,878886890,0,0,0
v2206,20220218,20220218,112845000,11:28:45,8580,20616,81957,878886890,0,0,0
v2206,20220218,20220218,112845500,11:28:45,8580,20616,81957,878886890,0,0,0
v2206,20220218,20220218,112846000,11:28:46,8580,20616,81957,878886890,0,0,0
v2206,20220218,20220218,112846500,11:28:46,8580,20616,81957,878886890,0,0,0
v2206,20220218,20220218,112847000,11:28:47,8580,20616,81957,878886890,0,0,0
v2206,20220218,20220218,112847500,11:28:48,8580,20616,81957,878886890,0,0,0
v2206,20220218,20220218,112848000,11:28:48,8580,20616,81957,878886890,0,0,0
v2206,20220218,20220218,112848500,11:28:48,8580,20616,81957,878886890,0,0,0
v2206,20220218,20220218,112849000,11:28:49,8580,20616,81957,878886890,0,0,0
v2206,20220218,20220218,112850500,11:28:50,8580,20616,81957,878886890,0,0,0
v2206,20220218,20220218,112851000,11:28:51,8580,20616,81957,878886890,0,0,0
v2206,20220218,20220218,112851500,11:28:52,8580,20616,81957,878886890,0,0,0
v2206,20220218,20220218,112855500,11:28:56,8580,20616,81957,878886890,0,0,0
v2206,20220218,20220218,112856000,11:28:56,8580,20616,81957,878886890,0,0,0
v2206,20220218,20220218,112856500,11:28:56,8580,20616,81957,878886890,0,0,0
v2206,20220218,20220218,112857000,11:28:57,8580,20616,81957,878886890,0,0,0
v2206,20220218,20220218,112857500,11:28:58,8580,20616,81957,878886890,0,0,0
v2206,20220218,20220218,112858000,11:28:58,8580,20616,81957,878886890,0,0,0
v2206,20220218,20220218,112858500,11:28:59,8580,20616,81957,878886890,0,0,0
v2206,20220218,20220218,112900000,11:29:00,8580,20616,81957,878886890,0,0,0
v2206,20220218,20220218,112900500,11:29:01,8580,20616,81957,878886890,0,0,0
v2206,20220218,20220218,112901000,11:29:01,8580,20616,81957,878886890,0,0,0
v2206,20220218,20220218,112901500,11:29:01,8580,20616,81957,878886890,0,0,0
v2206,20220218,20220218,112902000,11:29:02,8580,20616,81957,878886890,0,0,0
v2206,20220218,20220218,112902500,11:29:03,8580,20616,81957,878886890,0,0,0
v2206,20220218,20220218,112903000,11:29:03,8582,20618,81957,878972710,2,0,85820
v2206,20220218,20220218,112903500,11:29:04,8582,20618,81957,878972710,0,0,0
v2206,20220218,20220218,112904000,11:29:04,8582,20618,81957,878972710,0,0,0
v2206,20220218,20220218,112904500,11:29:04,8582,20618,81957,878972710,0,0,0
v2206,20220218,20220218,112905000,11:29:05,8582,20618,81957,878972710,0,0,0
v2206,20220218,20220218,112905500,11:29:06,8582,20618,81957,878972710,0,0,0
v2206,20220218,20220218,112906000,11:29:06,8582,20618,81957,878972710,0,0,0
v2206,20220218,20220218,112907000,11:29:08,8582,20618,81957,878972710,0,0,0
v2206,20220218,20220218,112908000,11:29:08,8582,20618,81957,878972710,0,0,0
v2206,20220218,20220218,112909500,11:29:09,8582,20618,81957,878972710,0,0,0
v2206,20220218,20220218,112910000,11:29:10,8582,20618,81957,878972710,0,0,0
v2206,20220218,20220218,112910500,11:29:11,8582,20618,81957,878972710,0,0,0
v2206,20220218,20220218,112911000,11:29:11,8582,20618,81957,878972710,0,0,0
v2206,20220218,20220218,112914000,11:29:14,8582,20618,81957,878972710,0,0,0
v2206,20220218,20220218,112914500,11:29:15,8582,20618,81957,878972710,0,0,0
v2206,20220218,20220218,112915000,11:29:15,8582,20618,81957,878972710,0,0,0
v2206,20220218,20220218,112915500,11:29:16,8582,20618,81957,878972710,0,0,0
v2206,20220218,20220218,112916000,11:29:16,8582,20618,81957,878972710,0,0,0
v2206,20220218,20220218,112916500,11:29:20,8582,20618,81957,878972710,0,0,0
v2206,20220218,20220218,112917000,11:29:20,8582,20618,81957,878972710,0,0,0
v2206,20220218,20220218,112917500,11:29:21,8582,20618,81957,878972710,0,0,0
v2206,20220218,20220218,112918000,11:29:21,8582,20618,81957,878972710,0,0,0
v2206,20220218,20220218,112920500,11:29:22,8582,20618,81957,878972710,0,0,0
v2206,20220218,20220218,112921000,11:29:22,8582,20618,81957,878972710,0,0,0
v2206,20220218,20220218,112929000,11:29:29,8582,20618,81957,878972710,0,0,0
v2206,20220218,20220218,112930000,11:29:30,8582,20618,81957,878972710,0,0,0
v2206,20220218,20220218,112932000,11:29:32,8582,20618,81957,878972710,0,0,0
v2206,20220218,20220218,112936500,11:29:38,8582,20618,81957,878972710,0,0,0
v2206,20220218,20220218,112937500,11:29:38,8582,20618,81957,878972710,0,0,0
v2206,20220218,20220218,112938000,11:29:38,8582,20618,81957,878972710,0,0,0
v2206,20220218,20220218,112938500,11:29:39,8582,20618,81957,878972710,0,0,0
v2206,20220218,20220218,112939000,11:29:39,8582,20618,81957,878972710,0,0,0
v2206,20220218,20220218,112941500,11:29:42,8582,20618,81957,878972710,0,0,0
v2206,20220218,20220218,112942000,11:29:44,8580,20620,81957,879058510,2,0,85800
v2206,20220218,20220218,112942500,11:29:44,8580,20620,81957,879058510,0,0,0
v2206,20220218,20220218,112943000,11:29:45,8580,20620,81957,879058510,0,0,0
v2206,20220218,20220218,112943500,11:29:45,8580,20620,81957,879058510,0,0,0
v2206,20220218,20220218,112944000,11:29:45,8580,20620,81957,879058510,0,0,0
v2206,20220218,20220218,112944500,11:29:46,8580,20620,81957,879058510,0,0,0
v2206,20220218,20220218,112945000,11:29:46,8580,20620,81957,879058510,0,0,0
v2206,20220218,20220218,112950500,11:29:52,8580,20620,81957,879058510,0,0,0
v2206,20220218,20220218,112951500,11:29:52,8580,20620,81957,879058510,0,0,0
v2206,20220218,20220218,112952000,11:29:53,8585,20621,81956,879101435,1,-1,42925
v2206,20220218,20220218,112952500,11:29:53,8585,20621,81956,879101435,0,0,0
v2206,20220218,20220218,112953000,11:29:53,8585,20621,81956,879101435,0,0,0
v2206,20220218,20220218,112953500,11:29:54,8585,20621,81956,879101435,0,0,0
v2206,20220218,20220218,113001000,11:30:03,8585,20621,81956,879101435,0,0,0
v2206,20220218,20220218,133002000,13:30:08,8592,20623,81955,879187320,2,-1,85885
v2206,20220218,20220218,133002500,13:30:09,8592,20623,81955,879187320,0,0,0
v2206,20220218,20220218,133008000,13:30:10,8592,20623,81955,879187320,0,0,0
v2206,20220218,20220218,133009500,13:30:11,8592,20623,81955,879187320,0,0,0
v2206,20220218,20220218,133010000,13:30:11,8592,20623,81955,879187320,0,0,0
v2206,20220218,20220218,133010500,13:30:12,8592,20623,81955,879187320,0,0,0
v2206,20220218,20220218,133011000,13:30:13,8592,20623,81955,879187320,0,0,0
v2206,20220218,20220218,133011500,13:30:13,8592,20623,81955,879187320,0,0,0
v2206,20220218,20220218,133012500,13:30:13,8592,20623,81955,879187320,0,0,0
v2206,20220218,20220218,133013000,13:30:14,8592,20623,81955,879187320,0,0,0
v2206,20220218,20220218,133013500,13:30:14,8592,20623,81955,879187320,0,0,0
v2206,20220218,20220218,133014000,13:30:16,8592,20623,81955,879187320,0,0,0
v2206,20220218,20220218,133014500,13:30:17,8592,20623,81955,879187320,0,0,0
v2206,20220218,20220218,133015000,13:30:18,8592,20623,81955,879187320,0,0,0
v2206,20220218,20220218,133016500,13:30:18,8592,20623,81955,879187320,0,0,0
v2206,20220218,20220218,133018500,13:30:20,8592,20623,81955,879187320,0,0,0
v2206,20220218,20220218,133019500,13:30:21,8592,20623,81955,879187320,0,0,0
v2206,20220218,20220218,133020000,13:30:21,8592,20623,81955,879187320,0,0,0
v2206,20220218,20220218,133021500,13:30:22,8592,20623,81955,879187320,0,0,0
v2206,20220218,20220218,133022000,13:30:38,8592,20623,81955,879187320,0,0,0
v2206,20220218,20220218,133022500,13:30:38,8589,20649,81961,880304125,26,6,1116805
v2206,20220218,20220218,133023000,13:30:38,8589,20649,81961,880304125,0,0,0
v2206,20220218,20220218,133037500,13:30:41,8589,20649,81961,880304125,0,0,0
v2206,20220218,20220218,133040000,13:30:43,8589,20649,81961,880304125,0,0,0
v2206,20220218,20220218,133041500,13:30:44,8589,20649,81961,880304125,0,0,0
v2206,20220218,20220218,133044000,13:30:46,8589,20649,81961,880304125,0,0,0
v2206,20220218,20220218,133044500,13:30:46,8589,20649,81961,880304125,0,0,0
v2206,20220218,20220218,133045000,13:30:46,8589,20649,81961,880304125,0,0,0
v2206,20220218,20220218,133046500,13:30:47,8589,20649,81961,880304125,0,0,0
v2206,20220218,20220218,133047000,13:30:48,8596,20653,81964,880476035,4,3,171910
v2206,20220218,20220218,133049500,13:30:50,8596,20653,81964,880476035,0,0,0
v2206,20220218,20220218,133050000,13:30:51,8596,20653,81964,880476035,0,0,0
v2206,20220218,20220218,133051000,13:30:52,8596,20653,81964,880476035,0,0,0
v2206,20220218,20220218,133051500,13:30:52,8596,20653,81964,880476035,0,0,0
v2206,20220218,20220218,133052000,13:30:53,8596,20653,81964,880476035,0,0,0
v2206,20220218,20220218,133052500,13:30:54,8596,20653,81964,880476035,0,0,0
v2206,20220218,20220218,133053500,13:30:54,8596,20653,81964,880476035,0,0,0
v2206,20220218,20220218,133054000,13:30:55,8596,20653,81964,880476035,0,0,0
v2206,20220218,20220218,133054500,13:30:55,8596,20653,81964,880476035,0,0,0
v2206,20220218,20220218,133055000,13:30:56,8600,20655,81962,880562035,2,-2,86000
v2206,20220218,20220218,133055500,13:30:56,8600,20655,81962,880562035,0,0,0
v2206,20220218,20220218,133056000,13:30:57,8600,20655,81962,880562035,0,0,0
v2206,20220218,20220218,133059000,13:30:59,8600,20655,81962,880562035,0,0,0
v2206,20220218,20220218,133059500,13:31:00,8600,20655,81962,880562035,0,0,0
v2206,20220218,20220218,133100000,13:31:00,8600,20655,81962,880562035,0,0,0
v2206,20220218,20220218,133100500,13:31:00,8600,20655,81962,880562035,0,0,0
v2206,20220218,20220218,133101000,13:31:01,8600,20655,81962,880562035,0,0,0
v2206,20220218,20220218,133101500,13:31:01,8600,20655,81962,880562035,0,0,0
v2206,20220218,20220218,133102000,13:31:02,8600,20655,81962,880562035,0,0,0
v2206,20220218,20220218,133102500,13:31:03,8600,20655,81962,880562035,0,0,0
v2206,20220218,20220218,133103000,13:31:03,8600,20655,81962,880562035,0,0,0
v2206,20220218,20220218,133103500,13:31:05,8600,20655,81962,880562035,0,0,0
v2206,20220218,20220218,133104500,13:31:07,8600,20655,81962,880562035,0,0,0
v2206,20220218,20220218,133105500,13:31:08,8600,20655,81962,880562035,0,0,0
v2206,20220218,20220218,133106000,13:31:08,8600,20655,81962,880562035,0,0,0
v2206,20220218,20220218,133107000,13:31:09,8600,20655,81962,880562035,0,0,0
v2206,20220218,20220218,133107500,13:31:09,8600,20655,81962,880562035,0,0,0
v2206,20220218,20220218,133108500,13:31:09,8600,20655,81962,880562035,0,0,0
v2206,20220218,20220218,133109000,13:31:09,8604,20656,81962,880605055,1,0,43020
v2206,20220218,20220218,133109500,13:31:10,8604,20656,81962,880605055,0,0,0
v2206,20220218,20220218,133110000,13:31:11,8605,20661,81962,880820180,5,0,215125
v2206,20220218,20220218,133110500,13:31:11,8605,20661,81962,880820180,0,0,0
v2206,20220218,20220218,133111000,13:31:12,8602,20671,81968,881250280,10,6,430100
v2206,20220218,20220218,133111500,13:31:12,8602,20671,81968,881250280,0,0,0
v2206,20220218,20220218,133112000,13:31:12,8602,20671,81968,881250280,0,0,0
v2206,20220218,20220218,133112500,13:31:13,8602,20671,81968,881250280,0,0,0
v2206,20220218,20220218,133113000,13:31:13,8602,20671,81968,881250280,0,0,0
v2206,20220218,20220218,133113500,13:31:15,8602,20671,81968,881250280,0,0,0
v2206,20220218,20220218,133114000,13:31:15,8602,20671,81968,881250280,0,0,0
v2206,20220218,20220218,133114500,13:31:15,8602,20671,81968,881250280,0,0,0
v2206,20220218,20220218,133115000,13:31:15,8602,20671,81968,881250280,0,0,0
v2206,20220218,20220218,133115500,13:31:16,8602,20671,81968,881250280,0,0,0
v2206,20220218,20220218,133116000,13:31:16,8602,20671,81968,881250280,0,0,0
v2206,20220218,20220218,133116500,13:31:17,8602,20671,81968,881250280,0,0,0
v2206,20220218,20220218,133117000,13:31:18,8602,20671,81968,881250280,0,0,0
v2206,20220218,20220218,133117500,13:31:18,8602,20671,81968,881250280,0,0,0
v2206,20220218,20220218,133118000,13:31:19,8602,20671,81968,881250280,0,0,0
v2206,20220218,20220218,133118500,13:31:19,8602,20671,81968,881250280,0,0,0
v2206,20220218,20220218,133119000,13:31:20,8602,20671,81968,881250280,0,0,0
v2206,20220218,20220218,133120500,13:31:21,8602,20671,81968,881250280,0,0,0
v2206,20220218,20220218,133121000,13:31:21,8602,20671,81968,881250280,0,0,0
v2206,20220218,20220218,133121500,13:31:22,8602,20671,81968,881250280,0,0,0
v2206,20220218,20220218,133122000,13:31:23,8602,20671,81968,881250280,0,0,0
v2206,20220218,20220218,133122500,13:31:23,8602,20671,81968,881250280,0,0,0
v2206,20220218,20220218,133123500,13:31:25,8602,20671,81968,881250280,0,0,0
v2206,20220218,20220218,133124500,13:31:25,8602,20671,81968,881250280,0,0,0
v2206,20220218,20220218,133156000,13:31:56,8602,20671,81968,881250280,0,0,0
v2206,20220218,20220218,133158500,13:31:58,8602,20671,81968,881250280,0,0,0
v2206,20220218,20220218,133159500,13:32:00,8602,20671,81968,881250280,0,0,0
v2206,20220218,20220218,133201000,13:32:01,8602,20671,81968,881250280,0,0,0
v2206,20220218,20220218,133201500,13:32:01,8598,20691,81976,882110420,20,8,860140
v2206,20220218,20220218,133202000,13:32:03,8598,20718,81994,883271010,27,18,1160590
v2206,20220218,20220218,133202500,13:32:04,8601,20739,81988,884173940,21,-6,902930
v2206,20220218,20220218,133203000,13:32:04,8601,20747,81994,884517980,8,6,344040
v2206,20220218,20220218,133203500,13:32:05,8601,20747,81994,884517980,0,0,0
v2206,20220218,20220218,133205000,13:32:06,8598,20791,82008,886409900,44,14,1891920
v2206,20220218,20220218,133205500,13:32:06,8597,20813,81993,887355575,22,-15,945675
v2206,20220218,20220218,133206000,13:32:07,8597,20813,81993,887355575,0,0,0
v2206,20220218,20220218,133206500,13:32:07,8597,20813,81993,887355575,0,0,0
v2206,20220218,20220218,133207000,13:32:07,8597,20813,81993,887355575,0,0,0
v2206,20220218,20220218,133207500,13:32:07,8597,20813,81993,887355575,0,0,0
v2206,20220218,20220218,133208000,13:32:09,8596,20819,81992,887613455,6,-1,257880
v2206,20220218,20220218,133208500,13:32:10,8596,20819,81992,887613455,0,0,0
v2206,20220218,20220218,133209000,13:32:10,8596,20819,81992,887613455,0,0,0
v2206,20220218,20220218,133209500,13:32:10,8596,20819,81992,887613455,0,0,0
v2206,20220218,20220218,133210000,13:32:11,8596,20819,81992,887613455,0,0,0
v2206,20220218,20220218,133210500,13:32:13,8596,20819,81992,887613455,0,0,0
v2206,20220218,20220218,133211000,13:32:14,8596,20819,81992,887613455,0,0,0
v2206,20220218,20220218,133213000,13:32:15,8596,20819,81992,887613455,0,0,0
v2206,20220218,20220218,133214000,13:32:15,8596,20819,81992,887613455,0,0,0
v2206,20220218,20220218,133215000,13:32:16,8596,20819,81992,887613455,0,0,0
v2206,20220218,20220218,133215500,13:32:16,8596,20819,81992,887613455,0,0,0
v2206,20220218,20220218,133216000,13:32:17,8596,20819,81992,887613455,0,0,0
v2206,20220218,20220218,133216500,13:32:17,8596,20819,81992,887613455,0,0,0
v2206,20220218,20220218,133217000,13:32:18,8595,20848,81990,888859435,29,-2,1245980
v2206,20220218,20220218,133217500,13:32:18,8597,20888,82008,890578475,40,18,1719040
v2206,20220218,20220218,133218000,13:32:18,8597,20908,82007,891438195,20,-1,859720
v2206,20220218,20220218,133218500,13:32:19,8595,20912,82007,891610095,4,0,171900
v2206,20220218,20220218,133219000,13:32:20,8594,20916,82003,891781975,4,-4,171880
v2206,20220218,20220218,133219500,13:32:20,8594,20916,82003,891781975,0,0,0
v2206,20220218,20220218,133220000,13:32:21,8594,20916,82003,891781975,0,0,0
v2206,20220218,20220218,133220500,13:32:21,8594,20916,82003,891781975,0,0,0
v2206,20220218,20220218,133221000,13:32:21,8594,20916,82003,891781975,0,0,0
v2206,20220218,20220218,133221500,13:32:22,8594,20916,82003,891781975,0,0,0
v2206,20220218,20220218,133222000,13:32:23,8597,20920,82004,891953915,4,1,171940
v2206,20220218,20220218,133222500,13:32:23,8597,20920,82004,891953915,0,0,0
v2206,20220218,20220218,133223000,13:32:24,8597,20920,82004,891953915,0,0,0
v2206,20220218,20220218,133223500,13:32:24,8597,20920,82004,891953915,0,0,0
v2206,20220218,20220218,133224000,13:32:24,8596,20924,82000,892125835,4,-4,171920
v2206,20220218,20220218,133224500,13:32:25,8596,20924,82000,892125835,0,0,0
v2206,20220218,20220218,133225000,13:32:25,8596,20924,82000,892125835,0,0,0
v2206,20220218,20220218,133226000,13:32:27,8596,20924,82000,892125835,0,0,0
v2206,20220218,20220218,133226500,13:32:27,8596,20924,82000,892125835,0,0,0
v2206,20220218,20220218,133227000,13:32:27,8596,20924,82000,892125835,0,0,0
v2206,20220218,20220218,133227500,13:32:32,8596,20924,82000,892125835,0,0,0
v2206,20220218,20220218,133232000,13:32:35,8596,20924,82000,892125835,0,0,0
v2206,20220218,20220218,133233000,13:32:36,8596,20924,82000,892125835,0,0,0
v2206,20220218,20220218,133235000,13:32:36,8596,20924,82000,892125835,0,0,0
v2206,20220218,20220218,133235500,13:32:36,8596,20924,82000,892125835,0,0,0
v2206,20220218,20220218,133236000,13:32:37,8596,20924,82000,892125835,0,0,0
v2206,20220218,20220218,133236500,13:32:37,8596,20924,82000,892125835,0,0,0
v2206,20220218,20220218,133237000,13:32:37,8596,20924,82000,892125835,0,0,0
v2206,20220218,20220218,133237500,13:32:38,8593,20925,82000,892168800,1,0,42965
v2206,20220218,20220218,133238000,13:32:38,8593,20925,82000,892168800,0,0,0
v2206,20220218,20220218,133238500,13:32:39,8593,20925,82000,892168800,0,0,0
v2206,20220218,20220218,133239000,13:32:39,8593,20925,82000,892168800,0,0,0
v2206,20220218,20220218,133239500,13:32:40,8593,20925,82000,892168800,0,0,0
v2206,20220218,20220218,133240000,13:32:40,8593,20925,82000,892168800,0,0,0
v2206,20220218,20220218,133240500,13:32:41,8593,20925,82000,892168800,0,0,0
v2206,20220218,20220218,133241000,13:32:41,8593,20925,82000,892168800,0,0,0
v2206,20220218,20220218,133241500,13:32:42,8593,20925,82000,892168800,0,0,0
v2206,20220218,20220218,133242000,13:32:42,8593,20925,82000,892168800,0,0,0
v2206,20220218,20220218,133242500,13:32:42,8593,20925,82000,892168800,0,0,0
v2206,20220218,20220218,133243000,13:32:43,8593,20925,82000,892168800,0,0,0
v2206,20220218,20220218,133243500,13:32:43,8593,20925,82000,892168800,0,0,0
v2206,20220218,20220218,133244000,13:32:44,8593,20925,82000,892168800,0,0,0
v2206,20220218,20220218,133244500,13:32:45,8593,20925,82000,892168800,0,0,0
v2206,20220218,20220218,133245000,13:32:45,8593,20925,82000,892168800,0,0,0
v2206,20220218,20220218,133245500,13:32:45,8593,20925,82000,892168800,0,0,0
v2206,20220218,20220218,133246000,13:32:47,8593,20925,82000,892168800,0,0,0
v2206,20220218,20220218,133246500,13:32:47,8593,20925,82000,892168800,0,0,0
v2206,20220218,20220218,133247000,13:32:47,8593,20925,82000,892168800,0,0,0
v2206,20220218,20220218,133247500,13:32:48,8593,20925,82000,892168800,0,0,0
v2206,20220218,20220218,133248000,13:32:49,8593,20925,82000,892168800,0,0,0
v2206,20220218,20220218,133248500,13:32:49,8593,20925,82000,892168800,0,0,0
v2206,20220218,20220218,133249000,13:32:49,8593,20925,82000,892168800,0,0,0
v2206,20220218,20220218,133249500,13:32:50,8593,20925,82000,892168800,0,0,0
v2206,20220218,20220218,133250000,13:32:50,8593,20925,82000,892168800,0,0,0
v2206,20220218,20220218,133250500,13:32:52,8593,20925,82000,892168800,0,0,0
v2206,20220218,20220218,133251000,13:32:53,8593,20925,82000,892168800,0,0,0
v2206,20220218,20220218,133251500,13:32:53,8593,20925,82000,892168800,0,0,0
v2206,20220218,20220218,133252500,13:32:53,8593,20925,82000,892168800,0,0,0
v2206,20220218,20220218,133253000,13:32:53,8593,20925,82000,892168800,0,0,0
v2206,20220218,20220218,133253500,13:32:54,8593,20925,82000,892168800,0,0,0
v2206,20220218,20220218,133254000,13:32:54,8593,20925,82000,892168800,0,0,0
v2206,20220218,20220218,133254500,13:32:55,8593,20925,82000,892168800,0,0,0
v2206,20220218,20220218,133255000,13:32:55,8593,20925,82000,892168800,0,0,0
v2206,20220218,20220218,133255500,13:32:55,8593,20925,82000,892168800,0,0,0
v2206,20220218,20220218,133256000,13:32:56,8593,20925,82000,892168800,0,0,0
v2206,20220218,20220218,133256500,13:32:57,8593,20925,82000,892168800,0,0,0
v2206,20220218,20220218,133257000,13:32:59,8593,20925,82000,892168800,0,0,0
v2206,20220218,20220218,133257500,13:33:00,8593,20925,82000,892168800,0,0,0
v2206,20220218,20220218,133258000,13:33:00,8593,20925,82000,892168800,0,0,0
v2206,20220218,20220218,133259500,13:33:01,8593,20925,82000,892168800,0,0,0
v2206,20220218,20220218,133300000,13:33:01,8593,20925,82000,892168800,0,0,0
v2206,20220218,20220218,133300500,13:33:01,8593,20925,82000,892168800,0,0,0
v2206,20220218,20220218,133301000,13:33:02,8592,20930,82000,892383600,5,0,214800
v2206,20220218,20220218,133301500,13:33:02,8592,20930,82000,892383600,0,0,0
v2206,20220218,20220218,133302000,13:33:03,8592,20930,82000,892383600,0,0,0
v2206,20220218,20220218,133302500,13:33:03,8592,20930,82000,892383600,0,0,0
v2206,20220218,20220218,133303000,13:33:04,8592,20930,82000,892383600,0,0,0
v2206,20220218,20220218,133303500,13:33:04,8592,20930,82000,892383600,0,0,0
v2206,20220218,20220218,133304000,13:33:04,8592,20930,82000,892383600,0,0,0
v2206,20220218,20220218,133304500,13:33:05,8592,20930,82000,892383600,0,0,0
v2206,20220218,20220218,133305000,13:33:05,8592,20930,82000,892383600,0,0,0
v2206,20220218,20220218,133305500,13:33:06,8592,20930,82000,892383600,0,0,0
v2206,20220218,20220218,133306000,13:33:06,8592,20930,82000,892383600,0,0,0
v2206,20220218,20220218,133306500,13:33:06,8592,20930,82000,892383600,0,0,0
v2206,20220218,20220218,133307000,13:33:07,8592,20930,82000,892383600,0,0,0
v2206,20220218,20220218,133307500,13:33:08,8592,20930,82000,892383600,0,0,0
v2206,20220218,20220218,133308000,13:33:08,8592,20930,82000,892383600,0,0,0
v2206,20220218,20220218,133308500,13:33:09,8592,20930,82000,892383600,0,0,0
v2206,20220218,20220218,133309000,13:33:09,8592,20930,82000,892383600,0,0,0
v2206,20220218,20220218,133309500,13:33:11,8592,20930,82000,892383600,0,0,0
v2206,20220218,20220218,133310000,13:33:11,8592,20930,82000,892383600,0,0,0
v2206,20220218,20220218,133310500,13:33:12,8592,20930,82000,892383600,0,0,0
v2206,20220218,20220218,133311000,13:33:14,8592,20930,82000,892383600,0,0,0
v2206,20220218,20220218,133311500,13:33:14,8592,20930,82000,892383600,0,0,0
v2206,20220218,20220218,133312000,13:33:14,8592,20930,82000,892383600,0,0,0
v2206,20220218,20220218,133313000,13:33:15,8592,20930,82000,892383600,0,0,0
v2206,20220218,20220218,133314500,13:33:17,8592,20930,82000,892383600,0,0,0
v2206,20220218,20220218,133315000,13:33:18,8592,20930,82000,892383600,0,0,0
v2206,20220218,20220218,133317000,13:33:19,8592,20930,82000,892383600,0,0,0
v2206,20220218,20220218,133318000,13:33:19,8592,20930,82000,892383600,0,0,0
v2206,20220218,20220218,133318500,13:33:19,8592,20930,82000,892383600,0,0,0
v2206,20220218,20220218,133319000,13:33:20,8592,20930,82000,892383600,0,0,0
v2206,20220218,20220218,133319500,13:33:20,8592,20930,82000,892383600,0,0,0
v2206,20220218,20220218,133320000,13:33:21,8592,20930,82000,892383600,0,0,0
v2206,20220218,20220218,133320500,13:33:22,8592,20930,82000,892383600,0,0,0
v2206,20220218,20220218,133322500,13:33:22,8592,20930,82000,892383600,0,0,0
v2206,20220218,20220218,133323000,13:33:23,8592,20930,82000,892383600,0,0,0
v2206,20220218,20220218,133323500,13:33:24,8592,20930,82000,892383600,0,0,0
v2206,20220218,20220218,133324000,13:33:24,8592,20930,82000,892383600,0,0,0
v2206,20220218,20220218,133324500,13:33:25,8592,20930,82000,892383600,0,0,0
v2206,20220218,20220218,133325000,13:33:26,8592,20930,82000,892383600,0,0,0
v2206,20220218,20220218,133325500,13:33:26,8592,20930,82000,892383600,0,0,0
v2206,20220218,20220218,133326000,13:33:28,8592,20930,82000,892383600,0,0,0
v2206,20220218,20220218,133326500,13:33:29,8592,20930,82000,892383600,0,0,0
v2206,20220218,20220218,133327000,13:33:29,8592,20930,82000,892383600,0,0,0
v2206,20220218,20220218,133328500,13:33:30,8592,20930,82000,892383600,0,0,0
v2206,20220218,20220218,133329000,13:33:30,8592,20930,82000,892383600,0,0,0
v2206,20220218,20220218,133330000,13:33:30,8592,20930,82000,892383600,0,0,0
v2206,20220218,20220218,133330500,13:33:31,8592,20930,82000,892383600,0,0,0
v2206,20220218,20220218,133331000,13:33:32,8592,20930,82000,892383600,0,0,0
v2206,20220218,20220218,133331500,13:33:32,8592,20930,82000,892383600,0,0,0
v2206,20220218,20220218,133332000,13:33:32,8592,20930,82000,892383600,0,0,0
v2206,20220218,20220218,133332500,13:33:33,8592,20930,82000,892383600,0,0,0
v2206,20220218,20220218,133334500,13:33:34,8592,20930,82000,892383600,0,0,0
v2206,20220218,20220218,133335000,13:33:35,8592,20930,82000,892383600,0,0,0
v2206,20220218,20220218,133336000,13:33:36,8592,20930,82000,892383600,0,0,0
v2206,20220218,20220218,133336500,13:33:36,8592,20930,82000,892383600,0,0,0
v2206,20220218,20220218,133337000,13:33:37,8592,20930,82000,892383600,0,0,0
v2206,20220218,20220218,133338500,13:33:39,8592,20930,82000,892383600,0,0,0
v2206,20220218,20220218,133340500,13:33:41,8592,20930,82000,892383600,0,0,0
v2206,20220218,20220218,133341000,13:33:41,8592,20930,82000,892383600,0,0,0
v2206,20220218,20220218,133341500,13:33:42,8592,20930,82000,892383600,0,0,0
v2206,20220218,20220218,133342000,13:33:42,8592,20930,82000,892383600,0,0,0
v2206,20220218,20220218,133342500,13:33:42,8592,20930,82000,892383600,0,0,0
v2206,20220218,20220218,133343000,13:33:43,8595,20939,82000,892770335,9,0,386735
v2206,20220218,20220218,133343500,13:33:44,8595,20939,82000,892770335,0,0,0
v2206,20220218,20220218,133344000,13:33:45,8595,20939,82000,892770335,0,0,0
v2206,20220218,20220218,133346000,13:33:47,8595,20939,82000,892770335,0,0,0
v2206,20220218,20220218,133346500,13:33:48,8595,20939,82000,892770335,0,0,0
v2206,20220218,20220218,133347000,13:33:48,8595,20939,82000,892770335,0,0,0
v2206,20220218,20220218,133347500,13:33:49,8595,20939,82000,892770335,0,0,0
v2206,20220218,20220218,133348000,13:33:49,8595,20939,82000,892770335,0,0,0
v2206,20220218,20220218,133349000,13:33:50,8595,20939,82000,892770335,0,0,0
v2206,20220218,20220218,133349500,13:33:50,8595,20939,82000,892770335,0,0,0
v2206,20220218,20220218,133350000,13:33:50,8595,20939,82000,892770335,0,0,0
v2206,20220218,20220218,133350500,13:33:50,8595,20939,82000,892770335,0,0,0
v2206,20220218,20220218,133351000,13:33:51,8595,20939,82000,892770335,0,0,0
v2206,20220218,20220218,133352000,13:33:52,8595,20939,82000,892770335,0,0,0
v2206,20220218,20220218,133352500,13:33:52,8595,20939,82000,892770335,0,0,0
v2206,20220218,20220218,133353000,13:33:53,8593,20947,82000,893114055,8,0,343720
v2206,20220218,20220218,133353500,13:33:53,8593,20947,82000,893114055,0,0,0
v2206,20220218,20220218,133354000,13:33:54,8593,20947,82000,893114055,0,0,0
v2206,20220218,20220218,133354500,13:33:55,8593,20947,82000,893114055,0,0,0
v2206,20220218,20220218,133355000,13:33:56,8593,20947,82000,893114055,0,0,0
v2206,20220218,20220218,133355500,13:33:56,8593,20947,82000,893114055,0,0,0
v2206,20220218,20220218,133356000,13:33:57,8593,20947,82000,893114055,0,0,0
v2206,20220218,20220218,133356500,13:33:57,8593,20947,82000,893114055,0,0,0
v2206,20220218,20220218,133357000,13:33:58,8593,20947,82000,893114055,0,0,0
v2206,20220218,20220218,133357500,13:33:58,8593,20947,82000,893114055,0,0,0
v2206,20220218,20220218,133358000,13:33:58,8593,20947,82000,893114055,0,0,0
v2206,20220218,20220218,133358500,13:33:58,8593,20947,82000,893114055,0,0,0
v2206,20220218,20220218,133359000,13:33:59,8593,20947,82000,893114055,0,0,0
v2206,20220218,20220218,133359500,13:33:59,8593,20947,82000,893114055,0,0,0
v2206,20220218,20220218,133400000,13:34:00,8593,20947,82000,893114055,0,0,0
v2206,20220218,20220218,133400500,13:34:00,8593,20947,82000,893114055,0,0,0
v2206,20220218,20220218,133401000,13:34:01,8593,20947,82000,893114055,0,0,0
v2206,20220218,20220218,133401500,13:34:02,8593,20947,82000,893114055,0,0,0
v2206,20220218,20220218,133402000,13:34:10,8593,20947,82000,893114055,0,0,0
v2206,20220218,20220218,133402500,13:34:10,8593,20947,82000,893114055,0,0,0
v2206,20220218,20220218,133403000,13:34:10,8593,20947,82000,893114055,0,0,0
v2206,20220218,20220218,133403500,13:34:11,8593,20947,82000,893114055,0,0,0
v2206,20220218,20220218,133410000,13:34:12,8603,21023,81984,896381235,76,-16,3267180
v2206,20220218,20220218,133410500,13:34:12,8603,21023,81984,896381235,0,0,0
v2206,20220218,20220218,133411500,13:34:12,8601,21027,81980,896553255,4,-4,172020
v2206,20220218,20220218,133412000,13:34:13,8601,21027,81980,896553255,0,0,0
v2206,20220218,20220218,133412500,13:34:13,8601,21027,81980,896553255,0,0,0
v2206,20220218,20220218,133413000,13:34:13,8601,21027,81980,896553255,0,0,0
v2206,20220218,20220218,133414000,13:34:14,8601,21031,81980,896725275,4,0,172020
v2206,20220218,20220218,133414500,13:34:15,8601,21031,81980,896725275,0,0,0
v2206,20220218,20220218,133415000,13:34:15,8601,21031,81980,896725275,0,0,0
v2206,20220218,20220218,133415500,13:34:16,8601,21031,81980,896725275,0,0,0
v2206,20220218,20220218,133416000,13:34:16,8601,21031,81980,896725275,0,0,0
v2206,20220218,20220218,133416500,13:34:17,8601,21031,81980,896725275,0,0,0
v2206,20220218,20220218,133417000,13:34:17,8601,21031,81980,896725275,0,0,0
v2206,20220218,20220218,133417500,13:34:17,8601,21031,81980,896725275,0,0,0
v2206,20220218,20220218,133418000,13:34:18,8601,21031,81980,896725275,0,0,0
v2206,20220218,20220218,133418500,13:34:19,8601,21031,81980,896725275,0,0,0
v2206,20220218,20220218,133419000,13:34:19,8601,21031,81980,896725275,0,0,0
v2206,20220218,20220218,133419500,13:34:20,8601,21031,81980,896725275,0,0,0
v2206,20220218,20220218,133420000,13:34:20,8601,21031,81980,896725275,0,0,0
v2206,20220218,20220218,133420500,13:34:23,8601,21031,81980,896725275,0,0,0
v2206,20220218,20220218,133421000,13:34:23,8601,21031,81980,896725275,0,0,0
v2206,20220218,20220218,133421500,13:34:23,8601,21031,81980,896725275,0,0,0
v2206,20220218,20220218,133423000,13:34:24,8601,21031,81980,896725275,0,0,0
v2206,20220218,20220218,133423500,13:34:24,8601,21031,81980,896725275,0,0,0
v2206,20220218,20220218,133424000,13:34:24,8601,21031,81980,896725275,0,0,0
v2206,20220218,20220218,133424500,13:34:24,8601,21031,81980,896725275,0,0,0
v2206,20220218,20220218,133425000,13:34:25,8601,21031,81980,896725275,0,0,0
v2206,20220218,20220218,133425500,13:34:26,8601,21031,81980,896725275,0,0,0
v2206,20220218,20220218,133426000,13:34:26,8601,21031,81980,896725275,0,0,0
v2206,20220218,20220218,133426500,13:34:26,8601,21031,81980,896725275,0,0,0
v2206,20220218,20220218,133427000,13:34:27,8601,21031,81980,896725275,0,0,0
v2206,20220218,20220218,133427500,13:34:27,8601,21031,81980,896725275,0,0,0
v2206,20220218,20220218,133428000,13:34:28,8601,21031,81980,896725275,0,0,0
v2206,20220218,20220218,133429500,13:34:29,8601,21031,81980,896725275,0,0,0
v2206,20220218,20220218,133430000,13:34:30,8601,21031,81980,896725275,0,0,0
v2206,20220218,20220218,133430500,13:34:30,8601,21031,81980,896725275,0,0,0
v2206,20220218,20220218,133431000,13:34:31,8601,21031,81980,896725275,0,0,0
v2206,20220218,20220218,133431500,13:34:31,8601,21031,81980,896725275,0,0,0
v2206,20220218,20220218,133432000,13:34:32,8601,21031,81980,896725275,0,0,0
v2206,20220218,20220218,133432500,13:34:32,8601,21031,81980,896725275,0,0,0
v2206,20220218,20220218,133433000,13:34:33,8601,21031,81980,896725275,0,0,0
v2206,20220218,20220218,133433500,13:34:34,8601,21031,81980,896725275,0,0,0
v2206,20220218,20220218,133434000,13:34:34,8601,21031,81980,896725275,0,0,0
v2206,20220218,20220218,133434500,13:34:35,8601,21031,81980,896725275,0,0,0
v2206,20220218,20220218,133435000,13:34:35,8601,21031,81980,896725275,0,0,0
v2206,20220218,20220218,133435500,13:34:36,8601,21031,81980,896725275,0,0,0
v2206,20220218,20220218,133436500,13:34:36,8601,21031,81980,896725275,0,0,0
v2206,20220218,20220218,133437000,13:34:37,8601,21031,81980,896725275,0,0,0
v2206,20220218,20220218,133437500,13:34:38,8601,21031,81980,896725275,0,0,0
v2206,20220218,20220218,133438000,13:34:38,8601,21031,81980,896725275,0,0,0
v2206,20220218,20220218,133438500,13:34:39,8602,21032,81980,896768285,1,0,43010
v2206,20220218,20220218,133439000,13:34:39,8602,21032,81980,896768285,0,0,0
v2206,20220218,20220218,133439500,13:34:40,8602,21032,81980,896768285,0,0,0
v2206,20220218,20220218,133440000,13:34:40,8602,21032,81980,896768285,0,0,0
v2206,20220218,20220218,133440500,13:34:41,8602,21032,81980,896768285,0,0,0
v2206,20220218,20220218,133441000,13:34:41,8602,21032,81980,896768285,0,0,0
v2206,20220218,20220218,133441500,13:34:43,8602,21032,81980,896768285,0,0,0
v2206,20220218,20220218,133442000,13:34:44,8602,21032,81980,896768285,0,0,0
v2206,20220218,20220218,133442500,13:34:44,8602,21032,81980,896768285,0,0,0
v2206,20220218,20220218,133443000,13:34:45,8602,21032,81980,896768285,0,0,0
v2206,20220218,20220218,133443500,13:34:45,8602,21032,81980,896768285,0,0,0
v2206,20220218,20220218,133444000,13:34:45,8602,21032,81980,896768285,0,0,0
v2206,20220218,20220218,133444500,13:34:46,8602,21032,81980,896768285,0,0,0
v2206,20220218,20220218,133445000,13:34:46,8602,21032,81980,896768285,0,0,0
v2206,20220218,20220218,133445500,13:34:46,8602,21032,81980,896768285,0,0,0
v2206,20220218,20220218,133446000,13:34:46,8602,21032,81980,896768285,0,0,0
v2206,20220218,20220218,133446500,13:34:47,8602,21032,81980,896768285,0,0,0
v2206,20220218,20220218,133447000,13:34:47,8602,21032,81980,896768285,0,0,0
v2206,20220218,20220218,133447500,13:34:47,8602,21032,81980,896768285,0,0,0
v2206,20220218,20220218,133448000,13:34:48,8602,21032,81980,896768285,0,0,0
v2206,20220218,20220218,133448500,13:34:49,8602,21032,81980,896768285,0,0,0
v2206,20220218,20220218,133449000,13:34:49,8602,21032,81980,896768285,0,0,0
v2206,20220218,20220218,133449500,13:34:49,8602,21032,81980,896768285,0,0,0
v2206,20220218,20220218,133450000,13:34:51,8602,21032,81980,896768285,0,0,0
v2206,20220218,20220218,133451500,13:34:52,8602,21032,81980,896768285,0,0,0
v2206,20220218,20220218,133452000,13:34:52,8602,21032,81980,896768285,0,0,0
v2206,20220218,20220218,133452500,13:34:53,8602,21032,81980,896768285,0,0,0
v2206,20220218,20220218,133453000,13:34:53,8602,21032,81980,896768285,0,0,0
v2206,20220218,20220218,133453500,13:34:56,8602,21032,81980,896768285,0,0,0
v2206,20220218,20220218,133454000,13:34:56,8602,21032,81980,896768285,0,0,0
v2206,20220218,20220218,133454500,13:34:56,8602,21032,81980,896768285,0,0,0
v2206,20220218,20220218,133455500,13:34:56,8602,21032,81980,896768285,0,0,0
v2206,20220218,20220218,133456000,13:34:57,8602,21032,81980,896768285,0,0,0
v2206,20220218,20220218,133456500,13:34:57,8602,21032,81980,896768285,0,0,0
v2206,20220218,20220218,133458500,13:34:59,8602,21032,81980,896768285,0,0,0
v2206,20220218,20220218,133459000,13:34:59,8602,21032,81980,896768285,0,0,0
v2206,20220218,20220218,133459500,13:35:00,8602,21032,81980,896768285,0,0,0
v2206,20220218,20220218,133500000,13:35:00,8602,21032,81980,896768285,0,0,0
v2206,20220218,20220218,133500500,13:35:00,8602,21032,81980,896768285,0,0,0
v2206,20220218,20220218,133501000,13:35:04,8602,21032,81980,896768285,0,0,0
v2206,20220218,20220218,133501500,13:35:05,8602,21032,81980,896768285,0,0,0
v2206,20220218,20220218,133502000,13:35:10,8602,21032,81980,896768285,0,0,0
v2206,20220218,20220218,133504500,13:35:10,8606,21084,81971,899004875,52,-9,2236590
v2206,20220218,20220218,133510000,13:35:11,8606,21084,81971,899004875,0,0,0
v2206,20220218,20220218,133510500,13:35:11,8606,21084,81971,899004875,0,0,0
v2206,20220218,20220218,133511000,13:35:11,8606,21084,81971,899004875,0,0,0
v2206,20220218,20220218,133511500,13:35:12,8606,21084,81971,899004875,0,0,0
v2206,20220218,20220218,133512000,13:35:13,8606,21084,81971,899004875,0,0,0
v2206,20220218,20220218,133512500,13:35:13,8606,21084,81971,899004875,0,0,0
v2206,20220218,20220218,133513000,13:35:13,8602,21108,81969,900037225,24,-2,1032350
v2206,20220218,20220218,133513500,13:35:14,8601,21126,81965,900811325,18,-4,774100
v2206,20220218,20220218,133514000,13:35:14,8601,21126,81965,900811325,0,0,0
v2206,20220218,20220218,133514500,13:35:15,8601,21126,81965,900811325,0,0,0
v2206,20220218,20220218,133515000,13:35:15,8601,21126,81965,900811325,0,0,0
v2206,20220218,20220218,133515500,13:35:16,8601,21126,81965,900811325,0,0,0
v2206,20220218,20220218,133516000,13:35:16,8601,21126,81965,900811325,0,0,0
v2206,20220218,20220218,133516500,13:35:17,8601,21126,81965,900811325,0,0,0
v2206,20220218,20220218,133517000,13:35:17,8606,21158,81973,902188285,32,8,1376960
v2206,20220218,20220218,133517500,13:35:18,8606,21166,81978,902532525,8,5,344240
v2206,20220218,20220218,133518000,13:35:19,8606,21166,81978,902532525,0,0,0
v2206,20220218,20220218,133518500,13:35:19,8606,21166,81978,902532525,0,0,0
v2206,20220218,20220218,133519000,13:35:19,8606,21166,81978,902532525,0,0,0
v2206,20220218,20220218,133519500,13:35:20,8606,21166,81978,902532525,0,0,0
v2206,20220218,20220218,133520000,13:35:20,8606,21166,81978,902532525,0,0,0
v2206,20220218,20220218,133520500,13:35:21,8606,21166,81978,902532525,0,0,0
v2206,20220218,20220218,133522000,13:35:22,8606,21166,81978,902532525,0,0,0
v2206,20220218,20220218,133522500,13:35:23,8606,21166,81978,902532525,0,0,0
v2206,20220218,20220218,133523000,13:35:23,8606,21166,81978,902532525,0,0,0
v2206,20220218,20220218,133523500,13:35:23,8606,21166,81978,902532525,0,0,0
v2206,20220218,20220218,133525000,13:35:26,8606,21166,81978,902532525,0,0,0
v2206,20220218,20220218,133525500,13:35:26,8606,21166,81978,902532525,0,0,0
v2206,20220218,20220218,133526000,13:35:26,8606,21166,81978,902532525,0,0,0
v2206,20220218,20220218,133526500,13:35:27,8606,21166,81978,902532525,0,0,0
v2206,20220218,20220218,133527500,13:35:31,8606,21166,81978,902532525,0,0,0
v2206,20220218,20220218,133528000,13:35:32,8606,21166,81978,902532525,0,0,0
v2206,20220218,20220218,133528500,13:35:32,8603,21170,81974,902704585,4,-4,172060
v2206,20220218,20220218,133531000,13:35:35,8603,21170,81974,902704585,0,0,0
v2206,20220218,20220218,133531500,13:35:42,8603,21170,81974,902704585,0,0,0
v2206,20220218,20220218,133532000,13:35:42,8603,21170,81974,902704585,0,0,0
v2206,20220218,20220218,133540500,13:35:43,8603,21170,81974,902704585,0,0,0
v2206,20220218,20220218,133542000,13:35:44,8603,21170,81974,902704585,0,0,0
v2206,20220218,20220218,133542500,13:35:44,8603,21170,81974,902704585,0,0,0
v2206,20220218,20220218,133543500,13:35:44,8603,21170,81974,902704585,0,0,0
v2206,20220218,20220218,133544000,13:35:44,8603,21170,81974,902704585,0,0,0
v2206,20220218,20220218,133544500,13:35:45,8603,21170,81974,902704585,0,0,0
v2206,20220218,20220218,133545000,13:35:46,8603,21170,81974,902704585,0,0,0
v2206,20220218,20220218,133545500,13:35:46,8603,21170,81974,902704585,0,0,0
v2206,20220218,20220218,133546000,13:35:46,8603,21170,81974,902704585,0,0,0
v2206,20220218,20220218,133546500,13:35:46,8603,21170,81974,902704585,0,0,0
v2206,20220218,20220218,133547000,13:35:47,8603,21170,81974,902704585,0,0,0
v2206,20220218,20220218,133547500,13:35:48,8603,21170,81974,902704585,0,0,0
v2206,20220218,20220218,133548000,13:35:48,8603,21170,81974,902704585,0,0,0
v2206,20220218,20220218,133548500,13:35:48,8603,21170,81974,902704585,0,0,0
v2206,20220218,20220218,133549000,13:35:49,8603,21170,81974,902704585,0,0,0
v2206,20220218,20220218,133549500,13:35:49,8603,21170,81974,902704585,0,0,0
v2206,20220218,20220218,133550000,13:35:50,8603,21170,81974,902704585,0,0,0
v2206,20220218,20220218,133550500,13:35:50,8603,21170,81974,902704585,0,0,0
v2206,20220218,20220218,133551000,13:35:51,8603,21170,81974,902704585,0,0,0
v2206,20220218,20220218,133551500,13:35:52,8603,21170,81974,902704585,0,0,0
v2206,20220218,20220218,133552000,13:35:52,8603,21170,81974,902704585,0,0,0
v2206,20220218,20220218,133552500,13:35:53,8603,21170,81974,902704585,0,0,0
v2206,20220218,20220218,133553000,13:35:53,8603,21170,81974,902704585,0,0,0
v2206,20220218,20220218,133553500,13:35:55,8603,21170,81974,902704585,0,0,0
v2206,20220218,20220218,133554000,13:35:55,8603,21170,81974,902704585,0,0,0
v2206,20220218,20220218,133554500,13:35:56,8603,21170,81974,902704585,0,0,0
v2206,20220218,20220218,133555000,13:35:56,8603,21170,81974,902704585,0,0,0
v2206,20220218,20220218,133555500,13:35:56,8603,21170,81974,902704585,0,0,0
v2206,20220218,20220218,133556000,13:35:56,8603,21170,81974,902704585,0,0,0
v2206,20220218,20220218,133556500,13:35:57,8603,21170,81974,902704585,0,0,0
v2206,20220218,20220218,133557000,13:35:59,8603,21170,81974,902704585,0,0,0
v2206,20220218,20220218,133557500,13:35:59,8603,21170,81974,902704585,0,0,0
v2206,20220218,20220218,133558000,13:36:01,8603,21170,81974,902704585,0,0,0
v2206,20220218,20220218,133558500,13:36:03,8603,21170,81974,902704585,0,0,0
v2206,20220218,20220218,133559500,13:36:03,8603,21170,81974,902704585,0,0,0
v2206,20220218,20220218,133600000,13:36:03,8603,21170,81974,902704585,0,0,0
v2206,20220218,20220218,133601500,13:36:03,8603,21170,81974,902704585,0,0,0
v2206,20220218,20220218,133602500,13:36:04,8603,21170,81974,902704585,0,0,0
v2206,20220218,20220218,133603000,13:36:05,8603,21170,81974,902704585,0,0,0
v2206,20220218,20220218,133603500,13:36:05,8603,21170,81974,902704585,0,0,0
v2206,20220218,20220218,133604000,13:36:06,8603,21170,81974,902704585,0,0,0
v2206,20220218,20220218,133605000,13:36:06,8603,21170,81974,902704585,0,0,0
v2206,20220218,20220218,133605500,13:36:07,8603,21170,81974,902704585,0,0,0
v2206,20220218,20220218,133606000,13:36:07,8603,21170,81974,902704585,0,0,0
v2206,20220218,20220218,133606500,13:36:07,8603,21170,81974,902704585,0,0,0
v2206,20220218,20220218,133607000,13:36:08,8603,21170,81974,902704585,0,0,0
v2206,20220218,20220218,133607500,13:36:08,8603,21170,81974,902704585,0,0,0
v2206,20220218,20220218,133608500,13:36:09,8603,21170,81974,902704585,0,0,0
v2206,20220218,20220218,133609000,13:36:09,8603,21170,81974,902704585,0,0,0
v2206,20220218,20220218,133609500,13:36:10,8603,21170,81974,902704585,0,0,0
v2206,20220218,20220218,133610000,13:36:11,8603,21170,81974,902704585,0,0,0
v2206,20220218,20220218,133610500,13:36:11,8603,21170,81974,902704585,0,0,0
v2206,20220218,20220218,133611000,13:36:11,8603,21202,81954,904080740,32,-20,1376155
v2206,20220218,20220218,133611500,13:36:12,8603,21202,81954,904080740,0,0,0
v2206,20220218,20220218,133612000,13:36:12,8603,21202,81954,904080740,0,0,0
v2206,20220218,20220218,133612500,13:36:12,8603,21202,81954,904080740,0,0,0
v2206,20220218,20220218,133613000,13:36:13,8603,21202,81954,904080740,0,0,0
v2206,20220218,20220218,133613500,13:36:14,8603,21202,81954,904080740,0,0,0
v2206,20220218,20220218,133614000,13:36:14,8603,21202,81954,904080740,0,0,0
v2206,20220218,20220218,133614500,13:36:14,8603,21202,81954,904080740,0,0,0
v2206,20220218,20220218,133615000,13:36:15,8603,21202,81954,904080740,0,0,0
v2206,20220218,20220218,133615500,13:36:15,8603,21202,81954,904080740,0,0,0
v2206,20220218,20220218,133616000,13:36:16,8603,21202,81954,904080740,0,0,0
v2206,20220218,20220218,133616500,13:36:17,8603,21202,81954,904080740,0,0,0
v2206,20220218,20220218,133617000,13:36:19,8603,21202,81954,904080740,0,0,0
v2206,20220218,20220218,133619000,13:36:19,8603,21202,81954,904080740,0,0,0
v2206,20220218,20220218,133619500,13:36:19,8603,21202,81954,904080740,0,0,0
v2206,20220218,20220218,133620000,13:36:20,8603,21202,81954,904080740,0,0,0
v2206,20220218,20220218,133620500,13:36:20,8603,21202,81954,904080740,0,0,0
v2206,20220218,20220218,133621000,13:36:21,8603,21202,81954,904080740,0,0,0
v2206,20220218,20220218,133622500,13:36:22,8603,21202,81954,904080740,0,0,0
v2206,20220218,20220218,133623000,13:36:23,8603,21202,81954,904080740,0,0,0
v2206,20220218,20220218,133623500,13:36:23,8603,21202,81954,904080740,0,0,0
v2206,20220218,20220218,133624000,13:36:24,8603,21202,81954,904080740,0,0,0
v2206,20220218,20220218,133624500,13:36:24,8603,21202,81954,904080740,0,0,0
v2206,20220218,20220218,133625000,13:36:25,8603,21202,81954,904080740,0,0,0
v2206,20220218,20220218,133625500,13:36:26,8603,21202,81954,904080740,0,0,0
v2206,20220218,20220218,133626000,13:36:26,8603,21202,81954,904080740,0,0,0
v2206,20220218,20220218,133626500,13:36:27,8603,21202,81954,904080740,0,0,0
v2206,20220218,20220218,133628500,13:36:29,8603,21202,81954,904080740,0,0,0
v2206,20220218,20220218,133629000,13:36:30,8603,21202,81954,904080740,0,0,0
v2206,20220218,20220218,133629500,13:36:30,8603,21202,81954,904080740,0,0,0
v2206,20220218,20220218,133630000,13:36:30,8603,21202,81954,904080740,0,0,0
v2206,20220218,20220218,133630500,13:36:31,8603,21202,81954,904080740,0,0,0
v2206,20220218,20220218,133631000,13:36:31,8603,21202,81954,904080740,0,0,0
v2206,20220218,20220218,133631500,13:36:31,8603,21202,81954,904080740,0,0,0
v2206,20220218,20220218,133633000,13:36:33,8603,21202,81954,904080740,0,0,0
v2206,20220218,20220218,133633500,13:36:34,8603,21202,81954,904080740,0,0,0
v2206,20220218,20220218,133634000,13:36:34,8603,21202,81954,904080740,0,0,0
v2206,20220218,20220218,133634500,13:36:35,8603,21202,81954,904080740,0,0,0
v2206,20220218,20220218,133635000,13:36:36,8603,21202,81954,904080740,0,0,0
v2206,20220218,20220218,133635500,13:36:36,8603,21202,81954,904080740,0,0,0
v2206,20220218,20220218,133636000,13:36:36,8603,21202,81954,904080740,0,0,0
v2206,20220218,20220218,133637000,13:36:38,8603,21202,81954,904080740,0,0,0
v2206,20220218,20220218,133639500,13:36:39,8603,21202,81954,904080740,0,0,0
v2206,20220218,20220218,133640000,13:36:40,8603,21202,81954,904080740,0,0,0
v2206,20220218,20220218,133640500,13:36:40,8601,21205,81957,904209755,3,3,129015
v2206,20220218,20220218,133641000,13:36:41,8601,21205,81957,904209755,0,0,0
v2206,20220218,20220218,133643000,13:36:43,8601,21205,81957,904209755,0,0,0
v2206,20220218,20220218,133643500,13:36:44,8601,21205,81957,904209755,0,0,0
v2206,20220218,20220218,133644000,13:36:44,8601,21205,81957,904209755,0,0,0
v2206,20220218,20220218,133645000,13:36:45,8601,21205,81957,904209755,0,0,0
v2206,20220218,20220218,133645500,13:36:46,8601,21217,81955,904725775,12,-2,516020
v2206,20220218,20220218,133646000,13:36:46,8601,21217,81955,904725775,0,0,0
v2206,20220218,20220218,133646500,13:36:46,8601,21217,81955,904725775,0,0,0
v2206,20220218,20220218,133647000,13:36:47,8601,21217,81955,904725775,0,0,0
v2206,20220218,20220218,133647500,13:36:48,8601,21217,81955,904725775,0,0,0
v2206,20220218,20220218,133648000,13:36:48,8601,21217,81955,904725775,0,0,0
v2206,20220218,20220218,133649000,13:36:49,8601,21217,81955,904725775,0,0,0
v2206,20220218,20220218,133651000,13:36:51,8601,21217,81955,904725775,0,0,0
v2206,20220218,20220218,133651500,13:36:51,8601,21217,81955,904725775,0,0,0
v2206,20220218,20220218,133652000,13:36:52,8601,21217,81955,904725775,0,0,0
v2206,20220218,20220218,133652500,13:36:53,8601,21217,81955,904725775,0,0,0
v2206,20220218,20220218,133653000,13:36:53,8601,21217,81955,904725775,0,0,0
v2206,20220218,20220218,133653500,13:36:54,8601,21217,81955,904725775,0,0,0
v2206,20220218,20220218,133654000,13:36:54,8601,21217,81955,904725775,0,0,0
v2206,20220218,20220218,133654500,13:36:54,8601,21217,81955,904725775,0,0,0
v2206,20220218,20220218,133655000,13:36:55,8601,21217,81955,904725775,0,0,0
v2206,20220218,20220218,133655500,13:36:56,8601,21217,81955,904725775,0,0,0
v2206,20220218,20220218,133656000,13:36:56,8601,21217,81955,904725775,0,0,0
v2206,20220218,20220218,133656500,13:36:57,8601,21217,81955,904725775,0,0,0
v2206,20220218,20220218,133657000,13:36:58,8601,21217,81955,904725775,0,0,0
v2206,20220218,20220218,133657500,13:36:58,8603,21218,81956,904768790,1,1,43015
v2206,20220218,20220218,133658000,13:36:58,8603,21220,81957,904854820,2,1,86030
v2206,20220218,20220218,133658500,13:36:59,8603,21220,81957,904854820,0,0,0
v2206,20220218,20220218,133659000,13:36:59,8603,21220,81957,904854820,0,0,0
v2206,20220218,20220218,133659500,13:37:00,8603,21220,81957,904854820,0,0,0
v2206,20220218,20220218,133700500,13:37:00,8604,21221,81958,904897840,1,1,43020
v2206,20220218,20220218,133701000,13:37:01,8604,21222,81959,904940860,1,1,43020
v2206,20220218,20220218,133701500,13:37:02,8604,21223,81960,904983880,1,1,43020
v2206,20220218,20220218,133702000,13:37:02,8604,21228,81961,905198960,5,1,215080
v2206,20220218,20220218,133702500,13:37:03,8604,21228,81961,905198960,0,0,0
v2206,20220218,20220218,133703000,13:37:03,8604,21229,81962,905241980,1,1,43020
v2206,20220218,20220218,133703500,13:37:03,8604,21230,81963,905285000,1,1,43020
v2206,20220218,20220218,133704000,13:37:04,8606,21240,81962,905715280,10,-1,430280
v2206,20220218,20220218,133704500,13:37:05,8606,21241,81961,905758310,1,-1,43030
v2206,20220218,20220218,133705000,13:37:05,8607,21242,81962,905801345,1,1,43035
v2206,20220218,20220218,133705500,13:37:08,8607,21242,81962,905801345,0,0,0
v2206,20220218,20220218,133706000,13:37:08,8607,21242,81962,905801345,0,0,0
v2206,20220218,20220218,133706500,13:37:08,8607,21242,81962,905801345,0,0,0
v2206,20220218,20220218,133707500,13:37:08,8607,21242,81962,905801345,0,0,0
v2206,20220218,20220218,133708000,13:37:08,8607,21242,81962,905801345,0,0,0
v2206,20220218,20220218,133708500,13:37:08,8607,21242,81962,905801345,0,0,0
v2206,20220218,20220218,133709000,13:37:09,8607,21242,81962,905801345,0,0,0
v2206,20220218,20220218,133709500,13:37:11,8606,21251,81962,906188635,9,0,387290
v2206,20220218,20220218,133710000,13:37:11,8605,21265,81960,906790985,14,-2,602350
v2206,20220218,20220218,133710500,13:37:11,8605,21265,81960,906790985,0,0,0
v2206,20220218,20220218,133711000,13:37:12,8605,21265,81960,906790985,0,0,0
v2206,20220218,20220218,133711500,13:37:13,8605,21265,81960,906790985,0,0,0
v2206,20220218,20220218,133712000,13:37:13,8605,21265,81960,906790985,0,0,0
v2206,20220218,20220218,133712500,13:37:13,8605,21265,81960,906790985,0,0,0
v2206,20220218,20220218,133713500,13:37:14,8605,21265,81960,906790985,0,0,0
v2206,20220218,20220218,133714000,13:37:14,8607,21268,81961,906920090,3,1,129105
v2206,20220218,20220218,133714500,13:37:15,8607,21268,81961,906920090,0,0,0
v2206,20220218,20220218,133715000,13:37:15,8607,21268,81961,906920090,0,0,0
v2206,20220218,20220218,133715500,13:37:16,8607,21268,81961,906920090,0,0,0
v2206,20220218,20220218,133716000,13:37:16,8607,21268,81961,906920090,0,0,0
v2206,20220218,20220218,133716500,13:37:17,8607,21268,81961,906920090,0,0,0
v2206,20220218,20220218,133717000,13:37:18,8607,21268,81961,906920090,0,0,0
v2206,20220218,20220218,133718500,13:37:19,8607,21268,81961,906920090,0,0,0
v2206,20220218,20220218,133719000,13:37:19,8607,21268,81961,906920090,0,0,0
v2206,20220218,20220218,133719500,13:37:20,8607,21268,81961,906920090,0,0,0
v2206,20220218,20220218,133720000,13:37:21,8607,21268,81961,906920090,0,0,0
v2206,20220218,20220218,133720500,13:37:21,8607,21268,81961,906920090,0,0,0
v2206,20220218,20220218,133721000,13:37:21,8607,21268,81961,906920090,0,0,0
v2206,20220218,20220218,133721500,13:37:21,8607,21268,81961,906920090,0,0,0
v2206,20220218,20220218,133722500,13:37:22,8607,21268,81961,906920090,0,0,0
v2206,20220218,20220218,133723000,13:37:23,8607,21268,81961,906920090,0,0,0
v2206,20220218,20220218,133723500,13:37:23,8607,21268,81961,906920090,0,0,0
v2206,20220218,20220218,133724000,13:37:24,8607,21268,81961,906920090,0,0,0
v2206,20220218,20220218,133725000,13:37:25,8607,21268,81961,906920090,0,0,0
v2206,20220218,20220218,133725500,13:37:26,8607,21268,81961,906920090,0,0,0
v2206,20220218,20220218,133726000,13:37:26,8607,21268,81961,906920090,0,0,0
v2206,20220218,20220218,133726500,13:37:27,8607,21268,81961,906920090,0,0,0
v2206,20220218,20220218,133727000,13:37:27,8607,21268,81961,906920090,0,0,0
v2206,20220218,20220218,133727500,13:37:27,8607,21268,81961,906920090,0,0,0
v2206,20220218,20220218,133728000,13:37:28,8607,21268,81961,906920090,0,0,0
v2206,20220218,20220218,133728500,13:37:29,8607,21268,81961,906920090,0,0,0
v2206,20220218,20220218,133729000,13:37:29,8607,21268,81961,906920090,0,0,0
v2206,20220218,20220218,133729500,13:37:30,8607,21268,81961,906920090,0,0,0
v2206,20220218,20220218,133730000,13:37:30,8607,21268,81961,906920090,0,0,0
v2206,20220218,20220218,133730500,13:37:31,8607,21268,81961,906920090,0,0,0
v2206,20220218,20220218,133731000,13:37:31,8607,21268,81961,906920090,0,0,0
v2206,20220218,20220218,133732500,13:37:33,8607,21268,81961,906920090,0,0,0
v2206,20220218,20220218,133733000,13:37:33,8607,21268,81961,906920090,0,0,0
v2206,20220218,20220218,133734000,13:37:34,8607,21268,81961,906920090,0,0,0
v2206,20220218,20220218,133734500,13:37:34,8607,21268,81961,906920090,0,0,0
v2206,20220218,20220218,133735000,13:37:35,8607,21268,81961,906920090,0,0,0
v2206,20220218,20220218,133735500,13:37:36,8607,21268,81961,906920090,0,0,0
v2206,20220218,20220218,133736000,13:37:36,8607,21268,81961,906920090,0,0,0
v2206,20220218,20220218,133736500,13:37:37,8607,21268,81961,906920090,0,0,0
v2206,20220218,20220218,133737000,13:37:37,8607,21268,81961,906920090,0,0,0
v2206,20220218,20220218,133737500,13:37:37,8607,21268,81961,906920090,0,0,0
v2206,20220218,20220218,133738000,13:37:38,8607,21268,81961,906920090,0,0,0
v2206,20220218,20220218,133738500,13:37:39,8607,21268,81961,906920090,0,0,0
v2206,20220218,20220218,133739000,13:37:39,8607,21268,81961,906920090,0,0,0
v2206,20220218,20220218,133739500,13:37:39,8607,21268,81961,906920090,0,0,0
v2206,20220218,20220218,133740000,13:37:40,8607,21268,81961,906920090,0,0,0
v2206,20220218,20220218,133740500,13:37:40,8607,21268,81961,906920090,0,0,0
v2206,20220218,20220218,133741000,13:37:41,8607,21268,81961,906920090,0,0,0
v2206,20220218,20220218,133741500,13:37:42,8607,21268,81961,906920090,0,0,0
v2206,20220218,20220218,133742000,13:37:42,8607,21268,81961,906920090,0,0,0
v2206,20220218,20220218,133743000,13:37:44,8607,21268,81961,906920090,0,0,0
v2206,20220218,20220218,133743500,13:37:44,8607,21268,81961,906920090,0,0,0
v2206,20220218,20220218,133744000,13:37:45,8607,21268,81961,906920090,0,0,0
v2206,20220218,20220218,133744500,13:37:45,8607,21268,81961,906920090,0,0,0
v2206,20220218,20220218,133745000,13:37:45,8607,21268,81961,906920090,0,0,0
v2206,20220218,20220218,133745500,13:37:45,8607,21268,81961,906920090,0,0,0
v2206,20220218,20220218,133746000,13:37:46,8607,21268,81961,906920090,0,0,0
v2206,20220218,20220218,133746500,13:37:47,8607,21268,81961,906920090,0,0,0
v2206,20220218,20220218,133747000,13:37:47,8607,21268,81961,906920090,0,0,0
v2206,20220218,20220218,133747500,13:37:48,8607,21268,81961,906920090,0,0,0
v2206,20220218,20220218,133748000,13:37:48,8607,21268,81961,906920090,0,0,0
v2206,20220218,20220218,133748500,13:37:48,8607,21268,81961,906920090,0,0,0
v2206,20220218,20220218,133749000,13:37:49,8607,21268,81961,906920090,0,0,0
v2206,20220218,20220218,133749500,13:37:49,8607,21268,81961,906920090,0,0,0
v2206,20220218,20220218,133750000,13:37:50,8607,21268,81961,906920090,0,0,0
v2206,20220218,20220218,133750500,13:37:51,8607,21268,81961,906920090,0,0,0
v2206,20220218,20220218,133751000,13:37:51,8607,21268,81961,906920090,0,0,0
v2206,20220218,20220218,133751500,13:37:53,8607,21268,81961,906920090,0,0,0
v2206,20220218,20220218,133752000,13:37:53,8607,21268,81961,906920090,0,0,0
v2206,20220218,20220218,133752500,13:37:54,8607,21268,81961,906920090,0,0,0
v2206,20220218,20220218,133754000,13:37:55,8607,21268,81961,906920090,0,0,0
v2206,20220218,20220218,133754500,13:37:55,8607,21268,81961,906920090,0,0,0
v2206,20220218,20220218,133755000,13:37:55,8607,21268,81961,906920090,0,0,0
v2206,20220218,20220218,133756000,13:37:56,8607,21268,81961,906920090,0,0,0
v2206,20220218,20220218,133756500,13:37:57,8607,21268,81961,906920090,0,0,0
v2206,20220218,20220218,133757000,13:37:57,8607,21268,81961,906920090,0,0,0
v2206,20220218,20220218,133757500,13:37:58,8607,21268,81961,906920090,0,0,0
v2206,20220218,20220218,133758000,13:37:58,8607,21268,81961,906920090,0,0,0
v2206,20220218,20220218,133758500,13:37:59,8607,21268,81961,906920090,0,0,0
v2206,20220218,20220218,133759000,13:38:00,8607,21268,81961,906920090,0,0,0
v2206,20220218,20220218,133759500,13:38:00,8607,21268,81961,906920090,0,0,0
v2206,20220218,20220218,133800000,13:38:02,8607,21268,81961,906920090,0,0,0
v2206,20220218,20220218,133800500,13:38:02,8607,21268,81961,906920090,0,0,0
v2206,20220218,20220218,133802000,13:38:05,8608,21271,81962,907049210,3,1,129120
v2206,20220218,20220218,133802500,13:38:05,8607,21277,81963,907307430,6,1,258220
v2206,20220218,20220218,133803000,13:38:06,8607,21278,81962,907350465,1,-1,43035
v2206,20220218,20220218,133805000,13:38:07,8607,21278,81962,907350465,0,0,0
v2206,20220218,20220218,133806000,13:38:09,8607,21278,81962,907350465,0,0,0
v2206,20220218,20220218,133806500,13:38:09,8607,21278,81962,907350465,0,0,0
v2206,20220218,20220218,133809000,13:38:09,8607,21278,81962,907350465,0,0,0
v2206,20220218,20220218,133809500,13:38:10,8607,21278,81962,907350465,0,0,0
v2206,20220218,20220218,133810000,13:38:10,8607,21278,81962,907350465,0,0,0
v2206,20220218,20220218,133811000,13:38:14,8607,21278,81962,907350465,0,0,0
v2206,20220218,20220218,133811500,13:38:14,8607,21278,81962,907350465,0,0,0
v2206,20220218,20220218,133812000,13:38:14,8607,21278,81962,907350465,0,0,0
v2206,20220218,20220218,133812500,13:38:14,8607,21278,81962,907350465,0,0,0
v2206,20220218,20220218,133813500,13:38:15,8607,21278,81962,907350465,0,0,0
v2206,20220218,20220218,133814000,13:38:17,8607,21278,81962,907350465,0,0,0
v2206,20220218,20220218,133814500,13:38:17,8607,21278,81962,907350465,0,0,0
v2206,20220218,20220218,133815000,13:38:17,8607,21278,81962,907350465,0,0,0
v2206,20220218,20220218,133817000,13:38:18,8607,21278,81962,907350465,0,0,0
v2206,20220218,20220218,133817500,13:38:18,8607,21278,81962,907350465,0,0,0
v2206,20220218,20220218,133818000,13:38:18,8607,21278,81962,907350465,0,0,0
v2206,20220218,20220218,133818500,13:38:19,8607,21278,81962,907350465,0,0,0
v2206,20220218,20220218,133819500,13:38:19,8607,21278,81962,907350465,0,0,0
v2206,20220218,20220218,133820000,13:38:20,8607,21278,81962,907350465,0,0,0
v2206,20220218,20220218,133820500,13:38:22,8607,21278,81962,907350465,0,0,0
v2206,20220218,20220218,133821000,13:38:22,8607,21278,81962,907350465,0,0,0
v2206,20220218,20220218,133821500,13:38:23,8607,21278,81962,907350465,0,0,0
v2206,20220218,20220218,133822000,13:38:23,8607,21278,81962,907350465,0,0,0
v2206,20220218,20220218,133822500,13:38:23,8607,21278,81962,907350465,0,0,0
v2206,20220218,20220218,133823000,13:38:24,8607,21278,81962,907350465,0,0,0
v2206,20220218,20220218,133823500,13:38:24,8607,21278,81962,907350465,0,0,0
v2206,20220218,20220218,133824000,13:38:24,8609,21296,81957,908125240,18,-5,774775
v2206,20220218,20220218,133824500,13:38:41,8609,21296,81957,908125240,0,0,0
v2206,20220218,20220218,133825000,13:38:41,8609,21296,81957,908125240,0,0,0
v2206,20220218,20220218,133840500,13:38:43,8609,21296,81957,908125240,0,0,0
v2206,20220218,20220218,133841000,13:38:43,8609,21296,81957,908125240,0,0,0
v2206,20220218,20220218,133841500,13:38:43,8609,21296,81957,908125240,0,0,0
v2206,20220218,20220218,133843000,13:38:43,8609,21296,81957,908125240,0,0,0
v2206,20220218,20220218,133843500,13:38:44,8609,21296,81957,908125240,0,0,0
v2206,20220218,20220218,133844000,13:38:44,8609,21296,81957,908125240,0,0,0
v2206,20220218,20220218,133845500,13:38:45,8609,21296,81957,908125240,0,0,0
v2206,20220218,20220218,133847000,13:38:47,8609,21296,81957,908125240,0,0,0
v2206,20220218,20220218,133847500,13:38:47,8609,21296,81957,908125240,0,0,0
v2206,20220218,20220218,133849500,13:38:49,8609,21296,81957,908125240,0,0,0
v2206,20220218,20220218,133851000,13:38:51,8609,21296,81957,908125240,0,0,0
v2206,20220218,20220218,133853000,13:38:53,8609,21296,81957,908125240,0,0,0
v2206,20220218,20220218,133856000,13:38:56,8609,21296,81957,908125240,0,0,0
v2206,20220218,20220218,133856500,13:38:56,8609,21296,81957,908125240,0,0,0
v2206,20220218,20220218,133858000,13:38:58,8609,21296,81957,908125240,0,0,0
v2206,20220218,20220218,133900500,13:39:01,8609,21296,81957,908125240,0,0,0
v2206,20220218,20220218,133901500,13:39:01,8609,21296,81957,908125240,0,0,0
v2206,20220218,20220218,133902000,13:39:02,8609,21296,81957,908125240,0,0,0
v2206,20220218,20220218,133903500,13:39:03,8609,21296,81957,908125240,0,0,0
v2206,20220218,20220218,133907000,13:39:07,8609,21296,81957,908125240,0,0,0
v2206,20220218,20220218,133908500,13:39:08,8609,21296,81957,908125240,0,0,0
