v2202,20220218,20220218,111933000,11:20:05,8480,0,8165,0,0,0,0
v2202,20220218,20220218,112004000,11:20:10,8480,0,8165,0,0,0,0
v2202,20220218,20220218,112012500,11:20:12,8480,0,8165,0,0,0,0
v2202,20220218,20220218,112028500,11:20:28,8480,0,8165,0,0,0,0
v2202,20220218,20220218,112031000,11:20:32,8480,0,8165,0,0,0,0
v2202,20220218,20220218,112033000,11:20:33,8480,0,8165,0,0,0,0
v2202,20220218,20220218,112033500,11:20:33,8480,0,8165,0,0,0,0
v2202,20220218,20220218,112043500,11:20:44,8480,0,8165,0,0,0,0
v2202,20220218,20220218,112045000,11:20:45,8480,0,8165,0,0,0,0
v2202,20220218,20220218,112052000,11:20:53,8480,0,8165,0,0,0,0
v2202,20220218,20220218,112054000,11:20:54,8480,0,8165,0,0,0,0
v2202,20220218,20220218,112055500,11:20:56,8480,0,8165,0,0,0,0
v2202,20220218,20220218,112056500,11:20:56,8480,0,8165,0,0,0,0
v2202,20220218,20220218,112103500,11:21:03,8480,0,8165,0,0,0,0
v2202,20220218,20220218,112105500,11:21:06,8480,0,8165,0,0,0,0
v2202,20220218,20220218,112106000,11:21:07,8480,0,8165,0,0,0,0
v2202,20220218,20220218,112107000,11:21:09,8480,0,8165,0,0,0,0
v2202,20220218,20220218,112108000,11:21:10,8480,0,8165,0,0,0,0
v2202,20220218,20220218,112110000,11:21:11,8480,0,8165,0,0,0,0
v2202,20220218,20220218,112110500,11:21:11,8480,0,8165,0,0,0,0
v2202,20220218,20220218,112118000,11:21:18,8480,0,8165,0,0,0,0
v2202,20220218,20220218,112119500,11:21:19,8480,0,8165,0,0,0,0
v2202,20220218,20220218,112120000,11:21:20,8480,0,8165,0,0,0,0
v2202,20220218,20220218,112121500,11:21:22,8480,0,8165,0,0,0,0
v2202,20220218,20220218,112122000,11:21:22,8480,0,8165,0,0,0,0
v2202,20220218,20220218,112124500,11:21:24,8480,0,8165,0,0,0,0
v2202,20220218,20220218,112326500,11:23:33,8480,0,8165,0,0,0,0
v2202,20220218,20220218,112339000,11:23:39,8480,0,8165,0,0,0,0
v2202,20220218,20220218,112342000,11:23:42,8480,0,8165,0,0,0,0
v2202,20220218,20220218,112342500,11:23:42,8480,0,8165,0,0,0,0
v2202,20220218,20220218,112350000,11:23:50,8480,0,8165,0,0,0,0
v2202,20220218,20220218,112352000,11:23:52,8480,0,8165,0,0,0,0
v2202,20220218,20220218,112352500,11:23:52,8480,0,8165,0,0,0,0
v2202,20220218,20220218,112353500,11:23:53,8480,0,8165,0,0,0,0
v2202,20220218,20220218,112406500,11:24:06,8480,0,8165,0,0,0,0
v2202,20220218,20220218,112407000,11:24:07,8480,0,8165,0,0,0,0
v2202,20220218,20220218,112407500,11:24:08,8480,0,8165,0,0,0,0
v2202,20220218,20220218,112408000,11:24:08,8480,0,8165,0,0,0,0
v2202,20220218,20220218,112409000,11:24:09,8480,0,8165,0,0,0,0
v2202,20220218,20220218,112412500,11:24:12,8480,0,8165,0,0,0,0
v2202,20220218,20220218,112413000,11:24:13,8480,0,8165,0,0,0,0
v2202,20220218,20220218,112413500,11:24:14,8480,0,8165,0,0,0,0
v2202,20220218,20220218,112414000,11:24:14,8480,0,8165,0,0,0,0
v2202,20220218,20220218,112423000,11:24:23,8480,0,8165,0,0,0,0
v2202,20220218,20220218,112426000,11:24:26,8480,0,8165,0,0,0,0
v2202,20220218,20220218,112427500,11:24:28,8480,0,8165,0,0,0,0
v2202,20220218,20220218,112435000,11:24:35,8480,0,8165,0,0,0,0
v2202,20220218,20220218,112438000,11:24:39,8480,0,8165,0,0,0,0
v2202,20220218,20220218,112441500,11:24:41,8480,0,8165,0,0,0,0
v2202,20220218,20220218,112442500,11:24:42,8480,0,8165,0,0,0,0
v2202,20220218,20220218,112445000,11:24:45,8480,0,8165,0,0,0,0
v2202,20220218,20220218,112447500,11:24:47,8480,0,8165,0,0,0,0
v2202,20220218,20220218,112449000,11:24:49,8480,0,8165,0,0,0,0
v2202,20220218,20220218,112452500,11:24:52,8480,0,8165,0,0,0,0
v2202,20220218,20220218,112501500,11:25:03,8480,0,8165,0,0,0,0
v2202,20220218,20220218,112502000,11:25:05,8480,0,8165,0,0,0,0
v2202,20220218,20220218,112505500,11:25:06,8480,0,8165,0,0,0,0
v2202,20220218,20220218,112506000,11:25:06,8480,0,8165,0,0,0,0
v2202,20220218,20220218,112506500,11:25:07,8480,0,8165,0,0,0,0
v2202,20220218,20220218,112508000,11:25:08,8480,0,8165,0,0,0,0
v2202,20220218,20220218,112509000,11:25:09,8480,0,8165,0,0,0,0
v2202,20220218,20220218,112512500,11:25:12,8480,0,8165,0,0,0,0
v2202,20220218,20220218,112514500,11:25:15,8480,0,8165,0,0,0,0
v2202,20220218,20220218,112515500,11:25:16,8480,0,8165,0,0,0,0
v2202,20220218,20220218,112516000,11:25:16,8480,0,8165,0,0,0,0
v2202,20220218,20220218,112518500,11:25:19,8480,0,8165,0,0,0,0
v2202,20220218,20220218,112519000,11:25:19,8480,0,8165,0,0,0,0
v2202,20220218,20220218,112519500,11:25:19,8480,0,8165,0,0,0,0
v2202,20220218,20220218,112520000,11:25:20,8480,0,8165,0,0,0,0
v2202,20220218,20220218,112523000,11:25:23,8480,0,8165,0,0,0,0
v2202,20220218,20220218,112529000,11:25:29,8480,0,8165,0,0,0,0
v2202,20220218,20220218,112529500,11:25:30,8480,0,8165,0,0,0,0
v2202,20220218,20220218,112530500,11:25:31,8480,0,8165,0,0,0,0
v2202,20220218,20220218,112531000,11:25:31,8480,0,8165,0,0,0,0
v2202,20220218,20220218,112531500,11:25:31,8480,0,8165,0,0,0,0
v2202,20220218,20220218,112539500,11:25:40,8480,0,8165,0,0,0,0
v2202,20220218,20220218,112543500,11:25:43,8480,0,8165,0,0,0,0
v2202,20220218,20220218,112549000,11:25:49,8480,0,8165,0,0,0,0
v2202,20220218,20220218,112550000,11:25:50,8480,0,8165,0,0,0,0
v2202,20220218,20220218,112552500,11:25:52,8480,0,8165,0,0,0,0
v2202,20220218,20220218,112553500,11:25:54,8480,0,8165,0,0,0,0
v2202,20220218,20220218,112554500,11:25:54,8480,0,8165,0,0,0,0
v2202,20220218,20220218,112558500,11:25:59,8480,0,8165,0,0,0,0
v2202,20220218,20220218,112600000,11:26:00,8480,0,8165,0,0,0,0
v2202,20220218,20220218,112603500,11:26:03,8480,0,8165,0,0,0,0
v2202,20220218,20220218,112616000,11:26:16,8480,0,8165,0,0,0,0
v2202,20220218,20220218,112617000,11:26:17,8480,0,8165,0,0,0,0
v2202,20220218,20220218,112617500,11:26:17,8480,0,8165,0,0,0,0
v2202,20220218,20220218,112619500,11:26:20,8480,0,8165,0,0,0,0
v2202,20220218,20220218,112623000,11:26:23,8480,0,8165,0,0,0,0
v2202,20220218,20220218,112623500,11:26:23,8480,0,8165,0,0,0,0
v2202,20220218,20220218,112631500,11:26:32,8480,0,8165,0,0,0,0
v2202,20220218,20220218,112704000,11:27:12,8480,0,8165,0,0,0,0
v2202,20220218,20220218,112716000,11:27:16,8480,0,8165,0,0,0,0
v2202,20220218,20220218,112716500,11:27:17,8480,0,8165,0,0,0,0
v2202,20220218,20220218,112717500,11:27:17,8480,0,8165,0,0,0,0
v2202,20220218,20220218,112718000,11:27:18,8480,0,8165,0,0,0,0
v2202,20220218,20220218,112718500,11:27:19,8480,0,8165,0,0,0,0
v2202,20220218,20220218,112719000,11:27:19,8480,0,8165,0,0,0,0
v2202,20220218,20220218,112720000,11:27:20,8480,0,8165,0,0,0,0
v2202,20220218,20220218,112720500,11:27:21,8480,0,8165,0,0,0,0
v2202,20220218,20220218,112723000,11:27:26,8480,0,8165,0,0,0,0
v2202,20220218,20220218,112730500,11:27:31,8480,0,8165,0,0,0,0
v2202,20220218,20220218,112735500,11:27:36,8480,0,8165,0,0,0,0
v2202,20220218,20220218,112759500,11:27:59,8480,0,8165,0,0,0,0
v2202,20220218,20220218,112800500,11:28:01,8480,0,8165,0,0,0,0
v2202,20220218,20220218,112801000,11:28:01,8480,0,8165,0,0,0,0
v2202,20220218,20220218,112803500,11:28:04,8480,0,8165,0,0,0,0
v2202,20220218,20220218,112804000,11:28:04,8480,0,8165,0,0,0,0
v2202,20220218,20220218,112805500,11:28:06,8480,0,8165,0,0,0,0
v2202,20220218,20220218,112806000,11:28:10,8480,0,8165,0,0,0,0
v2202,20220218,20220218,112809500,11:28:11,8480,0,8165,0,0,0,0
v2202,20220218,20220218,112811000,11:28:12,8480,0,8165,0,0,0,0
v2202,20220218,20220218,112811500,11:28:12,8480,0,8165,0,0,0,0
v2202,20220218,20220218,112812000,11:28:12,8480,0,8165,0,0,0,0
v2202,20220218,20220218,112812500,11:28:13,8480,0,8165,0,0,0,0
v2202,20220218,20220218,112813500,11:28:14,8480,0,8165,0,0,0,0
v2202,20220218,20220218,112814000,11:28:14,8480,0,8165,0,0,0,0
v2202,20220218,20220218,112814500,11:28:14,8480,0,8165,0,0,0,0
v2202,20220218,20220218,112815500,11:28:15,8480,0,8165,0,0,0,0
v2202,20220218,20220218,112817000,11:28:17,8480,0,8165,0,0,0,0
v2202,20220218,20220218,112817500,11:28:17,8480,0,8165,0,0,0,0
v2202,20220218,20220218,112820500,11:28:20,8480,0,8165,0,0,0,0
v2202,20220218,20220218,112821000,11:28:21,8480,0,8165,0,0,0,0
v2202,20220218,20220218,112821500,11:28:22,8480,0,8165,0,0,0,0
v2202,20220218,20220218,112822000,11:28:22,8480,0,8165,0,0,0,0
v2202,20220218,20220218,112822500,11:28:22,8480,0,8165,0,0,0,0
v2202,20220218,20220218,112823000,11:28:23,8480,0,8165,0,0,0,0
v2202,20220218,20220218,112824000,11:28:24,8480,0,8165,0,0,0,0
v2202,20220218,20220218,112824500,11:28:24,8480,0,8165,0,0,0,0
v2202,20220218,20220218,112825000,11:28:25,8480,0,8165,0,0,0,0
v2202,20220218,20220218,112825500,11:28:25,8480,0,8165,0,0,0,0
v2202,20220218,20220218,112826000,11:28:26,8480,0,8165,0,0,0,0
v2202,20220218,20220218,112826500,11:28:27,8480,0,8165,0,0,0,0
v2202,20220218,20220218,112827000,11:28:27,8480,0,8165,0,0,0,0
v2202,20220218,20220218,112827500,11:28:27,8480,0,8165,0,0,0,0
v2202,20220218,20220218,112828000,11:28:28,8480,0,8165,0,0,0,0
v2202,20220218,20220218,112828500,11:28:28,8480,0,8165,0,0,0,0
v2202,20220218,20220218,112829000,11:28:29,8480,0,8165,0,0,0,0
v2202,20220218,20220218,112830000,11:28:30,8480,0,8165,0,0,0,0
v2202,20220218,20220218,112830500,11:28:31,8480,0,8165,0,0,0,0
v2202,20220218,20220218,112839000,11:28:39,8480,0,8165,0,0,0,0
v2202,20220218,20220218,112839500,11:28:40,8480,0,8165,0,0,0,0
v2202,20220218,20220218,112840000,11:28:40,8480,0,8165,0,0,0,0
v2202,20220218,20220218,112841000,11:28:41,8480,0,8165,0,0,0,0
v2202,20220218,20220218,112843500,11:28:44,8480,0,8165,0,0,0,0
v2202,20220218,20220218,112844000,11:28:44,8480,0,8165,0,0,0,0
v2202,20220218,20220218,112903000,11:29:03,8480,0,8165,0,0,0,0
v2202,20220218,20220218,112903500,11:29:04,8480,0,8165,0,0,0,0
v2202,20220218,20220218,112904500,11:29:04,8480,0,8165,0,0,0,0
v2202,20220218,20220218,112905500,11:29:06,8480,0,8165,0,0,0,0
v2202,20220218,20220218,112915000,11:29:15,8480,0,8165,0,0,0,0
v2202,20220218,20220218,112938000,11:29:38,8480,0,8165,0,0,0,0
v2202,20220218,20220218,112941500,11:29:42,8480,0,8165,0,0,0,0
v2202,20220218,20220218,112945500,11:29:46,8480,0,8165,0,0,0,0
v2202,20220218,20220218,112951500,11:29:52,8480,0,8165,0,0,0,0
v2202,20220218,20220218,112952500,11:29:53,8480,0,8165,0,0,0,0
v2202,20220218,20220218,112953000,11:29:53,8480,0,8165,0,0,0,0
v2202,20220218,20220218,112953500,11:29:54,8480,0,8165,0,0,0,0
v2202,20220218,20220218,112954000,11:29:54,8480,0,8165,0,0,0,0
v2202,20220218,20220218,113001500,11:30:03,8480,0,8165,0,0,0,0
v2202,20220218,20220218,133001500,13:30:02,8480,0,8165,0,0,0,0
v2202,20220218,20220218,133002500,13:30:09,8480,0,8165,0,0,0,0
v2202,20220218,20220218,133008500,13:30:10,8480,0,8165,0,0,0,0
v2202,20220218,20220218,133009500,13:30:11,8480,0,8165,0,0,0,0
v2202,20220218,20220218,133011000,13:30:12,8480,0,8165,0,0,0,0
v2202,20220218,20220218,133011500,13:30:13,8480,0,8165,0,0,0,0
v2202,20220218,20220218,133012500,13:30:13,8480,0,8165,0,0,0,0
v2202,20220218,20220218,133013000,13:30:13,8480,0,8165,0,0,0,0
v2202,20220218,20220218,133014500,13:30:17,8480,0,8165,0,0,0,0
v2202,20220218,20220218,133015000,13:30:17,8480,0,8165,0,0,0,0
v2202,20220218,20220218,133016500,13:30:18,8480,0,8165,0,0,0,0
v2202,20220218,20220218,133019500,13:30:20,8480,0,8165,0,0,0,0
v2202,20220218,20220218,133020000,13:30:21,8480,0,8165,0,0,0,0
v2202,20220218,20220218,133022500,13:30:38,8480,0,8165,0,0,0,0
v2202,20220218,20220218,133023000,13:30:38,8480,0,8165,0,0,0,0
v2202,20220218,20220218,133036500,13:30:41,8480,0,8165,0,0,0,0
v2202,20220218,20220218,133039500,13:30:43,8480,0,8165,0,0,0,0
v2202,20220218,20220218,133042000,13:30:44,8480,0,8165,0,0,0,0
v2202,20220218,20220218,133044000,13:30:46,8480,0,8165,0,0,0,0
v2202,20220218,20220218,133044500,13:30:46,8480,0,8165,0,0,0,0
v2202,20220218,20220218,133045000,13:30:46,8480,0,8165,0,0,0,0
v2202,20220218,20220218,133045500,13:30:46,8480,0,8165,0,0,0,0
v2202,20220218,20220218,133050000,13:30:50,8480,0,8165,0,0,0,0
v2202,20220218,20220218,133051000,13:30:52,8480,0,8165,0,0,0,0
v2202,20220218,20220218,133051500,13:30:52,8480,0,8165,0,0,0,0
v2202,20220218,20220218,133055000,13:30:55,8480,0,8165,0,0,0,0
v2202,20220218,20220218,133055500,13:30:56,8480,0,8165,0,0,0,0
v2202,20220218,20220218,133100500,13:31:00,8480,0,8165,0,0,0,0
v2202,20220218,20220218,133101000,13:31:01,8480,0,8165,0,0,0,0
v2202,20220218,20220218,133102000,13:31:02,8480,0,8165,0,0,0,0
v2202,20220218,20220218,133103000,13:31:03,8480,0,8165,0,0,0,0
v2202,20220218,20220218,133106000,13:31:08,8480,0,8165,0,0,0,0
v2202,20220218,20220218,133107500,13:31:09,8480,0,8165,0,0,0,0
v2202,20220218,20220218,133108500,13:31:09,8480,0,8165,0,0,0,0
v2202,20220218,20220218,133109500,13:31:10,8480,0,8165,0,0,0,0
v2202,20220218,20220218,133110000,13:31:11,8480,0,8165,0,0,0,0
v2202,20220218,20220218,133111000,13:31:11,8480,0,8165,0,0,0,0
v2202,20220218,20220218,133111500,13:31:12,8480,0,8165,0,0,0,0
v2202,20220218,20220218,133112000,13:31:12,8480,0,8165,0,0,0,0
v2202,20220218,20220218,133112500,13:31:13,8480,0,8165,0,0,0,0
v2202,20220218,20220218,133113000,13:31:13,8480,0,8165,0,0,0,0
v2202,20220218,20220218,133113500,13:31:14,8480,0,8165,0,0,0,0
v2202,20220218,20220218,133114000,13:31:15,8480,0,8165,0,0,0,0
v2202,20220218,20220218,133114500,13:31:15,8480,0,8165,0,0,0,0
v2202,20220218,20220218,133115000,13:31:15,8480,0,8165,0,0,0,0
v2202,20220218,20220218,133115500,13:31:15,8480,0,8165,0,0,0,0
v2202,20220218,20220218,133117000,13:31:17,8480,0,8165,0,0,0,0
v2202,20220218,20220218,133118000,13:31:18,8480,0,8165,0,0,0,0
v2202,20220218,20220218,133118500,13:31:19,8480,0,8165,0,0,0,0
v2202,20220218,20220218,133119000,13:31:19,8480,0,8165,0,0,0,0
v2202,20220218,20220218,133121000,13:31:21,8480,0,8165,0,0,0,0
v2202,20220218,20220218,133121500,13:31:22,8480,0,8165,0,0,0,0
v2202,20220218,20220218,133122000,13:31:22,8480,0,8165,0,0,0,0
v2202,20220218,20220218,133122500,13:31:23,8480,0,8165,0,0,0,0
v2202,20220218,20220218,133123000,13:31:25,8480,0,8165,0,0,0,0
v2202,20220218,20220218,133123500,13:31:25,8480,0,8165,0,0,0,0
v2202,20220218,20220218,133124000,13:31:25,8480,0,8165,0,0,0,0
v2202,20220218,20220218,133124500,13:31:25,8480,0,8165,0,0,0,0
v2202,20220218,20220218,133156000,13:31:56,8480,0,8165,0,0,0,0
v2202,20220218,20220218,133158500,13:31:58,8480,0,8165,0,0,0,0
v2202,20220218,20220218,133159500,13:32:00,8480,0,8165,0,0,0,0
v2202,20220218,20220218,133201000,13:32:01,8480,0,8165,0,0,0,0
v2202,20220218,20220218,133201500,13:32:01,8480,0,8165,0,0,0,0
v2202,20220218,20220218,133202000,13:32:03,8480,0,8165,0,0,0,0
v2202,20220218,20220218,133202500,13:32:03,8480,0,8165,0,0,0,0
v2202,20220218,20220218,133203000,13:32:04,8480,0,8165,0,0,0,0
v2202,20220218,20220218,133203500,13:32:05,8480,0,8165,0,0,0,0
v2202,20220218,20220218,133204000,13:32:05,8480,0,8165,0,0,0,0
v2202,20220218,20220218,133205000,13:32:06,8480,0,8165,0,0,0,0
v2202,20220218,20220218,133205500,13:32:06,8480,0,8165,0,0,0,0
v2202,20220218,20220218,133206000,13:32:06,8480,0,8165,0,0,0,0
v2202,20220218,20220218,133206500,13:32:07,8480,0,8165,0,0,0,0
v2202,20220218,20220218,133207000,13:32:07,8480,0,8165,0,0,0,0
v2202,20220218,20220218,133212500,13:32:15,8480,0,8165,0,0,0,0
v2202,20220218,20220218,133217000,13:32:17,8480,0,8165,0,0,0,0
v2202,20220218,20220218,133217500,13:32:18,8480,0,8165,0,0,0,0
v2202,20220218,20220218,133218000,13:32:18,8480,0,8165,0,0,0,0
v2202,20220218,20220218,133218500,13:32:18,8480,0,8165,0,0,0,0
v2202,20220218,20220218,133219000,13:32:20,8480,0,8165,0,0,0,0
v2202,20220218,20220218,133219500,13:32:20,8480,0,8165,0,0,0,0
v2202,20220218,20220218,133220000,13:32:20,8480,0,8165,0,0,0,0
v2202,20220218,20220218,133221500,13:32:22,8480,0,8165,0,0,0,0
v2202,20220218,20220218,133222000,13:32:22,8480,0,8165,0,0,0,0
v2202,20220218,20220218,133222500,13:32:23,8480,0,8165,0,0,0,0
v2202,20220218,20220218,133223000,13:32:24,8480,0,8165,0,0,0,0
v2202,20220218,20220218,133223500,13:32:24,8480,0,8165,0,0,0,0
v2202,20220218,20220218,133224000,13:32:24,8480,0,8165,0,0,0,0
v2202,20220218,20220218,133224500,13:32:24,8480,0,8165,0,0,0,0
v2202,20220218,20220218,133226000,13:32:27,8480,0,8165,0,0,0,0
v2202,20220218,20220218,133227000,13:32:27,8480,0,8165,0,0,0,0
v2202,20220218,20220218,133234500,13:32:36,8480,0,8165,0,0,0,0
v2202,20220218,20220218,133235000,13:32:36,8480,0,8165,0,0,0,0
v2202,20220218,20220218,133235500,13:32:36,8480,0,8165,0,0,0,0
v2202,20220218,20220218,133236000,13:32:36,8480,0,8165,0,0,0,0
v2202,20220218,20220218,133236500,13:32:37,8480,0,8165,0,0,0,0
v2202,20220218,20220218,133237000,13:32:37,8480,0,8165,0,0,0,0
v2202,20220218,20220218,133237500,13:32:37,8480,0,8165,0,0,0,0
v2202,20220218,20220218,133238000,13:32:38,8480,0,8165,0,0,0,0
v2202,20220218,20220218,133239000,13:32:39,8480,0,8165,0,0,0,0
v2202,20220218,20220218,133239500,13:32:40,8480,0,8165,0,0,0,0
v2202,20220218,20220218,133240000,13:32:40,8480,0,8165,0,0,0,0
v2202,20220218,20220218,133248000,13:32:48,8480,0,8165,0,0,0,0
v2202,20220218,20220218,133248500,13:32:49,8480,0,8165,0,0,0,0
v2202,20220218,20220218,133249000,13:32:49,8480,0,8165,0,0,0,0
v2202,20220218,20220218,133249500,13:32:49,8480,0,8165,0,0,0,0
v2202,20220218,20220218,133250000,13:32:50,8480,0,8165,0,0,0,0
v2202,20220218,20220218,133256000,13:32:56,8480,0,8165,0,0,0,0
v2202,20220218,20220218,133256500,13:32:56,8480,0,8165,0,0,0,0
v2202,20220218,20220218,133257000,13:32:59,8480,0,8165,0,0,0,0
v2202,20220218,20220218,133257500,13:33:00,8480,0,8165,0,0,0,0
v2202,20220218,20220218,133258000,13:33:00,8480,0,8165,0,0,0,0
v2202,20220218,20220218,133258500,13:33:00,8480,0,8165,0,0,0,0
v2202,20220218,20220218,133259000,13:33:01,8480,0,8165,0,0,0,0
v2202,20220218,20220218,133300000,13:33:01,8480,0,8165,0,0,0,0
v2202,20220218,20220218,133301000,13:33:02,8480,0,8165,0,0,0,0
v2202,20220218,20220218,133301500,13:33:02,8480,0,8165,0,0,0,0
v2202,20220218,20220218,133302000,13:33:02,8480,0,8165,0,0,0,0
v2202,20220218,20220218,133302500,13:33:03,8480,0,8165,0,0,0,0
v2202,20220218,20220218,133304000,13:33:04,8480,0,8165,0,0,0,0
v2202,20220218,20220218,133304500,13:33:05,8480,0,8165,0,0,0,0
v2202,20220218,20220218,133306500,13:33:06,8480,0,8165,0,0,0,0
v2202,20220218,20220218,133307000,13:33:07,8480,0,8165,0,0,0,0
v2202,20220218,20220218,133307500,13:33:08,8480,0,8165,0,0,0,0
v2202,20220218,20220218,133308000,13:33:08,8480,0,8165,0,0,0,0
v2202,20220218,20220218,133308500,13:33:09,8480,0,8165,0,0,0,0
v2202,20220218,20220218,133309000,13:33:09,8480,0,8165,0,0,0,0
v2202,20220218,20220218,133309500,13:33:10,8480,0,8165,0,0,0,0
v2202,20220218,20220218,133315000,13:33:18,8480,0,8165,0,0,0,0
v2202,20220218,20220218,133316000,13:33:19,8480,0,8165,0,0,0,0
v2202,20220218,20220218,133317500,13:33:19,8480,0,8165,0,0,0,0
v2202,20220218,20220218,133319500,13:33:20,8480,0,8165,0,0,0,0
v2202,20220218,20220218,133320000,13:33:21,8480,0,8165,0,0,0,0
v2202,20220218,20220218,133320500,13:33:21,8480,0,8165,0,0,0,0
v2202,20220218,20220218,133322500,13:33:22,8480,0,8165,0,0,0,0
v2202,20220218,20220218,133323500,13:33:24,8480,0,8165,0,0,0,0
v2202,20220218,20220218,133324000,13:33:24,8480,0,8165,0,0,0,0
v2202,20220218,20220218,133324500,13:33:24,8480,0,8165,0,0,0,0
v2202,20220218,20220218,133325000,13:33:26,8480,0,8165,0,0,0,0
v2202,20220218,20220218,133325500,13:33:26,8480,0,8165,0,0,0,0
v2202,20220218,20220218,133326000,13:33:27,8480,0,8165,0,0,0,0
v2202,20220218,20220218,133326500,13:33:29,8480,0,8165,0,0,0,0
v2202,20220218,20220218,133327000,13:33:29,8480,0,8165,0,0,0,0
v2202,20220218,20220218,133327500,13:33:29,8480,0,8165,0,0,0,0
v2202,20220218,20220218,133328500,13:33:30,8480,0,8165,0,0,0,0
v2202,20220218,20220218,133331500,13:33:32,8480,0,8165,0,0,0,0
v2202,20220218,20220218,133333000,13:33:33,8480,0,8165,0,0,0,0
v2202,20220218,20220218,133336000,13:33:36,8480,0,8165,0,0,0,0
v2202,20220218,20220218,133336500,13:33:36,8480,0,8165,0,0,0,0
v2202,20220218,20220218,133338500,13:33:39,8480,0,8165,0,0,0,0
v2202,20220218,20220218,133339000,13:33:39,8480,0,8165,0,0,0,0
v2202,20220218,20220218,133340500,13:33:41,8480,0,8165,0,0,0,0
v2202,20220218,20220218,133341500,13:33:42,8480,0,8165,0,0,0,0
v2202,20220218,20220218,133347500,13:33:49,8480,0,8165,0,0,0,0
v2202,20220218,20220218,133348000,13:33:49,8480,0,8165,0,0,0,0
v2202,20220218,20220218,133352500,13:33:52,8480,0,8165,0,0,0,0
v2202,20220218,20220218,133410000,13:34:12,8480,0,8165,0,0,0,0
v2202,20220218,20220218,133411000,13:34:12,8480,0,8165,0,0,0,0
v2202,20220218,20220218,133411500,13:34:12,8480,0,8165,0,0,0,0
v2202,20220218,20220218,133412000,13:34:12,8480,0,8165,0,0,0,0
v2202,20220218,20220218,133412500,13:34:13,8480,0,8165,0,0,0,0
v2202,20220218,20220218,133413500,13:34:14,8480,0,8165,0,0,0,0
v2202,20220218,20220218,133414000,13:34:14,8480,0,8165,0,0,0,0
v2202,20220218,20220218,133414500,13:34:14,8480,0,8165,0,0,0,0
v2202,20220218,20220218,133415000,13:34:15,8480,0,8165,0,0,0,0
v2202,20220218,20220218,133415500,13:34:16,8480,0,8165,0,0,0,0
v2202,20220218,20220218,133420000,13:34:20,8480,0,8165,0,0,0,0
v2202,20220218,20220218,133420500,13:34:21,8480,0,8165,0,0,0,0
v2202,20220218,20220218,133421000,13:34:23,8480,0,8165,0,0,0,0
v2202,20220218,20220218,133421500,13:34:23,8480,0,8165,0,0,0,0
v2202,20220218,20220218,133423000,13:34:24,8480,0,8165,0,0,0,0
v2202,20220218,20220218,133423500,13:34:24,8480,0,8165,0,0,0,0
v2202,20220218,20220218,133424000,13:34:24,8480,0,8165,0,0,0,0
v2202,20220218,20220218,133424500,13:34:24,8480,0,8165,0,0,0,0
v2202,20220218,20220218,133425000,13:34:25,8480,0,8165,0,0,0,0
v2202,20220218,20220218,133425500,13:34:25,8480,0,8165,0,0,0,0
v2202,20220218,20220218,133427000,13:34:27,8480,0,8165,0,0,0,0
v2202,20220218,20220218,133427500,13:34:27,8480,0,8165,0,0,0,0
v2202,20220218,20220218,133429500,13:34:29,8480,0,8165,0,0,0,0
v2202,20220218,20220218,133430000,13:34:30,8480,0,8165,0,0,0,0
v2202,20220218,20220218,133430500,13:34:30,8480,0,8165,0,0,0,0
v2202,20220218,20220218,133431000,13:34:31,8480,0,8165,0,0,0,0
v2202,20220218,20220218,133431500,13:34:31,8480,0,8165,0,0,0,0
v2202,20220218,20220218,133432000,13:34:32,8480,0,8165,0,0,0,0
v2202,20220218,20220218,133432500,13:34:32,8480,0,8165,0,0,0,0
v2202,20220218,20220218,133433000,13:34:33,8480,0,8165,0,0,0,0
v2202,20220218,20220218,133433500,13:34:34,8480,0,8165,0,0,0,0
v2202,20220218,20220218,133440500,13:34:41,8480,0,8165,0,0,0,0
v2202,20220218,20220218,133441000,13:34:41,8480,0,8165,0,0,0,0
v2202,20220218,20220218,133441500,13:34:41,8480,0,8165,0,0,0,0
v2202,20220218,20220218,133442500,13:34:44,8480,0,8165,0,0,0,0
v2202,20220218,20220218,133443000,13:34:44,8480,0,8165,0,0,0,0
v2202,20220218,20220218,133443500,13:34:45,8480,0,8165,0,0,0,0
v2202,20220218,20220218,133444000,13:34:45,8480,0,8165,0,0,0,0
v2202,20220218,20220218,133445000,13:34:46,8480,0,8165,0,0,0,0
v2202,20220218,20220218,133445500,13:34:46,8480,0,8165,0,0,0,0
v2202,20220218,20220218,133446500,13:34:47,8480,0,8165,0,0,0,0
v2202,20220218,20220218,133447000,13:34:47,8480,0,8165,0,0,0,0
v2202,20220218,20220218,133448500,13:34:49,8480,0,8165,0,0,0,0
v2202,20220218,20220218,133451500,13:34:51,8480,0,8165,0,0,0,0
v2202,20220218,20220218,133452500,13:34:53,8480,0,8165,0,0,0,0
v2202,20220218,20220218,133453000,13:34:53,8480,0,8165,0,0,0,0
v2202,20220218,20220218,133453500,13:34:55,8480,0,8165,0,0,0,0
v2202,20220218,20220218,133455500,13:34:56,8480,0,8165,0,0,0,0
v2202,20220218,20220218,133456000,13:34:56,8480,0,8165,0,0,0,0
v2202,20220218,20220218,133456500,13:34:57,8480,0,8165,0,0,0,0
v2202,20220218,20220218,133458000,13:34:58,8480,0,8165,0,0,0,0
v2202,20220218,20220218,133458500,13:34:59,8480,0,8165,0,0,0,0
v2202,20220218,20220218,133502000,13:35:10,8480,0,8165,0,0,0,0
v2202,20220218,20220218,133504500,13:35:10,8480,0,8165,0,0,0,0
v2202,20220218,20220218,133510000,13:35:11,8480,0,8165,0,0,0,0
v2202,20220218,20220218,133510500,13:35:11,8480,0,8165,0,0,0,0
v2202,20220218,20220218,133511000,13:35:11,8480,0,8165,0,0,0,0
v2202,20220218,20220218,133512000,13:35:12,8480,0,8165,0,0,0,0
v2202,20220218,20220218,133512500,13:35:13,8480,0,8165,0,0,0,0
v2202,20220218,20220218,133513000,13:35:13,8480,0,8165,0,0,0,0
v2202,20220218,20220218,133513500,13:35:14,8480,0,8165,0,0,0,0
v2202,20220218,20220218,133514000,13:35:14,8480,0,8165,0,0,0,0
v2202,20220218,20220218,133514500,13:35:14,8480,0,8165,0,0,0,0
v2202,20220218,20220218,133515000,13:35:15,8480,0,8165,0,0,0,0
v2202,20220218,20220218,133515500,13:35:16,8480,0,8165,0,0,0,0
v2202,20220218,20220218,133516500,13:35:16,8480,0,8165,0,0,0,0
v2202,20220218,20220218,133517000,13:35:17,8480,0,8165,0,0,0,0
v2202,20220218,20220218,133518000,13:35:18,8480,0,8165,0,0,0,0
v2202,20220218,20220218,133518500,13:35:19,8480,0,8165,0,0,0,0
v2202,20220218,20220218,133519000,13:35:19,8480,0,8165,0,0,0,0
v2202,20220218,20220218,133519500,13:35:20,8480,0,8165,0,0,0,0
v2202,20220218,20220218,133520000,13:35:20,8480,0,8165,0,0,0,0
v2202,20220218,20220218,133520500,13:35:20,8480,0,8165,0,0,0,0
v2202,20220218,20220218,133521000,13:35:21,8480,0,8165,0,0,0,0
v2202,20220218,20220218,133521500,13:35:22,8480,0,8165,0,0,0,0
v2202,20220218,20220218,133522000,13:35:22,8480,0,8165,0,0,0,0
v2202,20220218,20220218,133522500,13:35:23,8480,0,8165,0,0,0,0
v2202,20220218,20220218,133523000,13:35:23,8480,0,8165,0,0,0,0
v2202,20220218,20220218,133523500,13:35:23,8480,0,8165,0,0,0,0
v2202,20220218,20220218,133525000,13:35:25,8480,0,8165,0,0,0,0
v2202,20220218,20220218,133525500,13:35:26,8480,0,8165,0,0,0,0
v2202,20220218,20220218,133527500,13:35:31,8480,0,8165,0,0,0,0
v2202,20220218,20220218,133528000,13:35:31,8480,0,8165,0,0,0,0
v2202,20220218,20220218,133528500,13:35:32,8480,0,8165,0,0,0,0
v2202,20220218,20220218,133530000,13:35:35,8480,0,8165,0,0,0,0
v2202,20220218,20220218,133531500,13:35:41,8480,0,8165,0,0,0,0
v2202,20220218,20220218,133532000,13:35:42,8480,0,8165,0,0,0,0
v2202,20220218,20220218,133532500,13:35:42,8480,0,8165,0,0,0,0
v2202,20220218,20220218,133534500,13:35:43,8480,0,8165,0,0,0,0
v2202,20220218,20220218,133543500,13:35:44,8480,0,8165,0,0,0,0
v2202,20220218,20220218,133544000,13:35:44,8480,0,8165,0,0,0,0
v2202,20220218,20220218,133547500,13:35:48,8480,0,8165,0,0,0,0
v2202,20220218,20220218,133550500,13:35:50,8480,0,8165,0,0,0,0
v2202,20220218,20220218,133626000,13:36:26,8480,0,8165,0,0,0,0
v2202,20220218,20220218,133651500,13:36:51,8480,0,8165,0,0,0,0
v2202,20220218,20220218,133653000,13:36:53,8480,0,8165,0,0,0,0
v2202,20220218,20220218,133653500,13:36:54,8480,0,8165,0,0,0,0
v2202,20220218,20220218,133656500,13:36:57,8480,0,8165,0,0,0,0
v2202,20220218,20220218,133704000,13:37:04,8480,0,8165,0,0,0,0
v2202,20220218,20220218,133704500,13:37:05,8480,0,8165,0,0,0,0
v2202,20220218,20220218,133705000,13:37:05,8480,0,8165,0,0,0,0
v2202,20220218,20220218,133706000,13:37:08,8480,0,8165,0,0,0,0
v2202,20220218,20220218,133706500,13:37:08,8480,0,8165,0,0,0,0
v2202,20220218,20220218,133707000,13:37:08,8480,0,8165,0,0,0,0
v2202,20220218,20220218,133707500,13:37:08,8480,0,8165,0,0,0,0
v2202,20220218,20220218,133708000,13:37:08,8480,0,8165,0,0,0,0
v2202,20220218,20220218,133709500,13:37:10,8480,0,8165,0,0,0,0
v2202,20220218,20220218,133729500,13:37:30,8480,0,8165,0,0,0,0
v2202,20220218,20220218,133730000,13:37:30,8480,0,8165,0,0,0,0
v2202,20220218,20220218,133734000,13:37:34,8480,0,8165,0,0,0,0
v2202,20220218,20220218,133734500,13:37:34,8480,0,8165,0,0,0,0
v2202,20220218,20220218,133749000,13:37:49,8480,0,8165,0,0,0,0
v2202,20220218,20220218,133749500,13:37:49,8480,0,8165,0,0,0,0
v2202,20220218,20220218,133805000,13:38:07,8480,0,8165,0,0,0,0
v2202,20220218,20220218,133805500,13:38:07,8480,0,8165,0,0,0,0
v2202,20220218,20220218,133807000,13:38:09,8480,0,8165,0,0,0,0
v2202,20220218,20220218,133809000,13:38:09,8480,0,8165,0,0,0,0
v2202,20220218,20220218,133809500,13:38:10,8480,0,8165,0,0,0,0
v2202,20220218,20220218,133813000,13:38:15,8480,0,8165,0,0,0,0
v2202,20220218,20220218,133814000,13:38:15,8480,0,8165,0,0,0,0
v2202,20220218,20220218,133831000,13:38:43,8480,0,8165,0,0,0,0
v2202,20220218,20220218,133845500,13:38:45,8480,0,8165,0,0,0,0
v2202,20220218,20220218,133853000,13:38:53,8480,0,8165,0,0,0,0
v2202,20220218,20220218,133909000,13:39:09,8480,0,8165,0,0,0,0
v2202,20220218,20220218,133913500,13:39:13,8480,0,8165,0,0,0,0
v2202,20220218,20220218,133923500,13:39:23,8480,0,8165,0,0,0,0
v2202,20220218,20220218,133924000,13:39:24,8480,0,8165,0,0,0,0
v2202,20220218,20220218,133925000,13:39:25,8480,0,8165,0,0,0,0
v2202,20220218,20220218,133953500,13:39:54,8480,0,8165,0,0,0,0
v2202,20220218,20220218,133955500,13:39:55,8480,0,8165,0,0,0,0
v2202,20220218,20220218,134012500,13:40:13,8480,0,8165,0,0,0,0
v2202,20220218,20220218,134034500,13:40:35,8480,0,8165,0,0,0,0
v2202,20220218,20220218,134035000,13:40:35,8480,0,8165,0,0,0,0
v2202,20220218,20220218,134106000,13:41:07,8480,0,8165,0,0,0,0
v2202,20220218,20220218,134106500,13:41:07,8480,0,8165,0,0,0,0
v2202,20220218,20220218,134107000,13:41:07,8480,0,8165,0,0,0,0
v2202,20220218,20220218,134107500,13:41:09,8480,0,8165,0,0,0,0
v2202,20220218,20220218,134111000,13:41:11,8480,0,8165,0,0,0,0
v2202,20220218,20220218,134113500,13:41:13,8480,0,8165,0,0,0,0
v2202,20220218,20220218,134114000,13:41:14,8480,0,8165,0,0,0,0
v2202,20220218,20220218,134114500,13:41:15,8480,0,8165,0,0,0,0
v2202,20220218,20220218,134115500,13:41:16,8480,0,8165,0,0,0,0
v2202,20220218,20220218,134116500,13:41:17,8480,0,8165,0,0,0,0
v2202,20220218,20220218,134117000,13:41:17,8480,0,8165,0,0,0,0
v2202,20220218,20220218,134117500,13:41:18,8480,0,8165,0,0,0,0
v2202,20220218,20220218,134118000,13:41:19,8480,0,8165,0,0,0,0
v2202,20220218,20220218,134118500,13:41:19,8480,0,8165,0,0,0,0
v2202,20220218,20220218,134119000,13:41:19,8480,0,8165,0,0,0,0
v2202,20220218,20220218,134119500,13:41:19,8480,0,8165,0,0,0,0
v2202,20220218,20220218,134120000,13:41:20,8480,0,8165,0,0,0,0
v2202,20220218,20220218,134123000,13:41:24,8480,0,8165,0,0,0,0
v2202,20220218,20220218,134124000,13:41:26,8480,0,8165,0,0,0,0
v2202,20220218,20220218,134124500,13:41:26,8480,0,8165,0,0,0,0
v2202,20220218,20220218,134125000,13:41:26,8480,0,8165,0,0,0,0
v2202,20220218,20220218,134125500,13:41:27,8480,0,8165,0,0,0,0
v2202,20220218,20220218,134126000,13:41:27,8480,0,8165,0,0,0,0
v2202,20220218,20220218,134126500,13:41:27,8480,0,8165,0,0,0,0
v2202,20220218,20220218,134128000,13:41:28,8480,0,8165,0,0,0,0
v2202,20220218,20220218,134130000,13:41:30,8480,0,8165,0,0,0,0
v2202,20220218,20220218,134130500,13:41:31,8480,0,8165,0,0,0,0
v2202,20220218,20220218,134131000,13:41:31,8480,0,8165,0,0,0,0
v2202,20220218,20220218,134131500,13:41:32,8480,0,8165,0,0,0,0
v2202,20220218,20220218,134132000,13:41:32,8480,0,8165,0,0,0,0
v2202,20220218,20220218,134133000,13:41:33,8480,0,8165,0,0,0,0
v2202,20220218,20220218,134133500,13:41:34,8480,0,8165,0,0,0,0
v2202,20220218,20220218,134134000,13:41:34,8480,0,8165,0,0,0,0
v2202,20220218,20220218,134134500,13:41:34,8480,0,8165,0,0,0,0
v2202,20220218,20220218,134136500,13:41:39,8480,0,8165,0,0,0,0
v2202,20220218,20220218,134139500,13:41:42,8480,0,8165,0,0,0,0
v2202,20220218,20220218,134140000,13:41:42,8480,0,8165,0,0,0,0
v2202,20220218,20220218,134140500,13:41:42,8480,0,8165,0,0,0,0
v2202,20220218,20220218,134143500,13:41:44,8480,0,8165,0,0,0,0
v2202,20220218,20220218,134146000,13:41:46,8480,0,8165,0,0,0,0
v2202,20220218,20220218,134148000,13:41:48,8480,0,8165,0,0,0,0
v2202,20220218,20220218,134148500,13:41:48,8480,0,8165,0,0,0,0
v2202,20220218,20220218,134151000,13:41:51,8480,0,8165,0,0,0,0
v2202,20220218,20220218,134151500,13:41:52,8480,0,8165,0,0,0,0
v2202,20220218,20220218,134153000,13:41:53,8480,0,8165,0,0,0,0
v2202,20220218,20220218,134154500,13:42:02,8480,0,8165,0,0,0,0
v2202,20220218,20220218,134200500,13:42:11,8480,0,8165,0,0,0,0
v2202,20220218,20220218,134210000,13:42:12,8480,0,8165,0,0,0,0
v2202,20220218,20220218,134210500,13:42:12,8480,0,8165,0,0,0,0
v2202,20220218,20220218,134211000,13:42:12,8480,0,8165,0,0,0,0
v2202,20220218,20220218,134211500,13:42:12,8480,0,8165,0,0,0,0
v2202,20220218,20220218,134212000,13:42:13,8480,0,8165,0,0,0,0
v2202,20220218,20220218,134214000,13:42:14,8480,0,8165,0,0,0,0
v2202,20220218,20220218,134214500,13:42:15,8480,0,8165,0,0,0,0
v2202,20220218,20220218,134215000,13:42:15,8480,0,8165,0,0,0,0
v2202,20220218,20220218,134217500,13:42:19,8480,0,8165,0,0,0,0
v2202,20220218,20220218,134218000,13:42:20,8480,0,8165,0,0,0,0
v2202,20220218,20220218,134219500,13:42:20,8480,0,8165,0,0,0,0
v2202,20220218,20220218,134220000,13:42:20,8480,0,8165,0,0,0,0
v2202,20220218,20220218,134223000,13:42:23,8480,0,8165,0,0,0,0
v2202,20220218,20220218,134223500,13:42:24,8480,0,8165,0,0,0,0
v2202,20220218,20220218,134224000,13:42:24,8480,0,8165,0,0,0,0
v2202,20220218,20220218,134225000,13:42:25,8480,0,8165,0,0,0,0
v2202,20220218,20220218,134225500,13:42:25,8480,0,8165,0,0,0,0
v2202,20220218,20220218,134226000,13:42:26,8480,0,8165,0,0,0,0
v2202,20220218,20220218,134226500,13:42:27,8480,0,8165,0,0,0,0
v2202,20220218,20220218,134228000,13:42:29,8480,0,8165,0,0,0,0
v2202,20220218,20220218,134256500,13:42:57,8480,0,8165,0,0,0,0
v2202,20220218,20220218,134257000,13:42:59,8480,0,8165,0,0,0,0
v2202,20220218,20220218,134257500,13:42:59,8480,0,8165,0,0,0,0
v2202,20220218,20220218,134259500,13:43:01,8480,0,8165,0,0,0,0
v2202,20220218,20220218,134300500,13:43:02,8480,0,8165,0,0,0,0
v2202,20220218,20220218,134302500,13:43:03,8480,0,8165,0,0,0,0
v2202,20220218,20220218,134303000,13:43:05,8480,0,8165,0,0,0,0
v2202,20220218,20220218,134303500,13:43:11,8480,0,8165,0,0,0,0
v2202,20220218,20220218,134304000,13:43:11,8480,0,8165,0,0,0,0
v2202,20220218,20220218,134310500,13:43:13,8480,0,8165,0,0,0,0
v2202,20220218,20220218,134311000,13:43:13,8480,0,8165,0,0,0,0
v2202,20220218,20220218,134312500,13:43:14,8480,0,8165,0,0,0,0
v2202,20220218,20220218,134314000,13:43:14,8480,0,8165,0,0,0,0
v2202,20220218,20220218,134314500,13:43:15,8480,0,8165,0,0,0,0
v2202,20220218,20220218,134315000,13:43:15,8480,0,8165,0,0,0,0
v2202,20220218,20220218,134315500,13:43:15,8480,0,8165,0,0,0,0
v2202,20220218,20220218,134316000,13:43:16,8480,0,8165,0,0,0,0
v2202,20220218,20220218,134316500,13:43:16,8480,0,8165,0,0,0,0
v2202,20220218,20220218,134317000,13:43:17,8480,0,8165,0,0,0,0
v2202,20220218,20220218,134317500,13:43:17,8480,0,8165,0,0,0,0
v2202,20220218,20220218,134318000,13:43:18,8480,0,8165,0,0,0,0
v2202,20220218,20220218,134318500,13:43:18,8480,0,8165,0,0,0,0
v2202,20220218,20220218,134319000,13:43:19,8480,0,8165,0,0,0,0
v2202,20220218,20220218,134322500,13:43:23,8480,0,8165,0,0,0,0
v2202,20220218,20220218,134323000,13:43:23,8480,0,8165,0,0,0,0
v2202,20220218,20220218,134323500,13:43:24,8480,0,8165,0,0,0,0
v2202,20220218,20220218,134324000,13:43:24,8480,0,8165,0,0,0,0
v2202,20220218,20220218,134324500,13:43:24,8480,0,8165,0,0,0,0
v2202,20220218,20220218,134325000,13:43:25,8480,0,8165,0,0,0,0
v2202,20220218,20220218,134328000,13:43:29,8480,0,8165,0,0,0,0
v2202,20220218,20220218,134329500,13:43:29,8480,0,8165,0,0,0,0
v2202,20220218,20220218,134330500,13:43:30,8480,0,8165,0,0,0,0
v2202,20220218,20220218,134331000,13:43:31,8480,0,8165,0,0,0,0
v2202,20220218,20220218,134331500,13:43:31,8480,0,8165,0,0,0,0
v2202,20220218,20220218,134332000,13:43:32,8480,0,8165,0,0,0,0
v2202,20220218,20220218,134332500,13:43:32,8480,0,8165,0,0,0,0
v2202,20220218,20220218,134333000,13:43:33,8480,0,8165,0,0,0,0
v2202,20220218,20220218,134335500,13:43:35,8480,0,8165,0,0,0,0
v2202,20220218,20220218,134336000,13:43:36,8480,0,8165,0,0,0,0
v2202,20220218,20220218,134337000,13:43:37,8480,0,8165,0,0,0,0
v2202,20220218,20220218,134337500,13:43:38,8480,0,8165,0,0,0,0
v2202,20220218,20220218,134338000,13:43:38,8480,0,8165,0,0,0,0
v2202,20220218,20220218,134338500,13:43:38,8480,0,8165,0,0,0,0
v2202,20220218,20220218,134339000,13:43:43,8480,0,8165,0,0,0,0
v2202,20220218,20220218,134340500,13:43:57,8480,0,8165,0,0,0,0
v2202,20220218,20220218,134348500,13:44:04,8480,0,8165,0,0,0,0
v2202,20220218,20220218,134406000,13:44:06,8480,0,8165,0,0,0,0
v2202,20220218,20220218,134406500,13:44:06,8480,0,8165,0,0,0,0
v2202,20220218,20220218,134407500,13:44:07,8480,0,8165,0,0,0,0
v2202,20220218,20220218,134408000,13:44:08,8480,0,8165,0,0,0,0
v2202,20220218,20220218,134410000,13:44:17,8480,0,8165,0,0,0,0
v2202,20220218,20220218,134416000,13:44:18,8480,0,8165,0,0,0,0
v2202,20220218,20220218,134418000,13:44:18,8480,0,8165,0,0,0,0
v2202,20220218,20220218,134418500,13:44:18,8480,0,8165,0,0,0,0
v2202,20220218,20220218,134423000,13:44:23,8480,0,8165,0,0,0,0
v2202,20220218,20220218,134423500,13:44:24,8480,0,8165,0,0,0,0
v2202,20220218,20220218,134424000,13:44:24,8480,0,8165,0,0,0,0
v2202,20220218,20220218,134424500,13:44:24,8480,0,8165,0,0,0,0
v2202,20220218,20220218,134425000,13:44:25,8480,0,8165,0,0,0,0
v2202,20220218,20220218,134426500,13:44:26,8480,0,8165,0,0,0,0
v2202,20220218,20220218,134427000,13:44:27,8480,0,8165,0,0,0,0
v2202,20220218,20220218,134427500,13:44:27,8480,0,8165,0,0,0,0
v2202,20220218,20220218,134428000,13:44:29,8480,0,8165,0,0,0,0
v2202,20220218,20220218,134428500,13:44:29,8480,0,8165,0,0,0,0
v2202,20220218,20220218,134429000,13:44:29,8480,0,8165,0,0,0,0
v2202,20220218,20220218,134437500,13:44:37,8480,0,8165,0,0,0,0
v2202,20220218,20220218,134438000,13:44:38,8480,0,8165,0,0,0,0
v2202,20220218,20220218,134438500,13:44:38,8480,0,8165,0,0,0,0
v2202,20220218,20220218,134439500,13:44:39,8480,0,8165,0,0,0,0
v2202,20220218,20220218,134440000,13:44:40,8480,0,8165,0,0,0,0
v2202,20220218,20220218,134440500,13:44:40,8480,0,8165,0,0,0,0
v2202,20220218,20220218,134441500,13:44:41,8480,0,8165,0,0,0,0
v2202,20220218,20220218,134442000,13:44:42,8480,0,8165,0,0,0,0
v2202,20220218,20220218,134443000,13:44:43,8480,0,8165,0,0,0,0
v2202,20220218,20220218,134444000,13:44:44,8480,0,8165,0,0,0,0
v2202,20220218,20220218,134445000,13:44:45,8480,0,8165,0,0,0,0
v2202,20220218,20220218,134445500,13:44:45,8480,0,8165,0,0,0,0
v2202,20220218,20220218,134446000,13:44:46,8480,0,8165,0,0,0,0
v2202,20220218,20220218,134446500,13:44:46,8480,0,8165,0,0,0,0
v2202,20220218,20220218,134447500,13:44:47,8480,0,8165,0,0,0,0
v2202,20220218,20220218,134448000,13:44:48,8480,0,8165,0,0,0,0
v2202,20220218,20220218,134448500,13:44:48,8480,0,8165,0,0,0,0
v2202,20220218,20220218,134449000,13:44:49,8480,0,8165,0,0,0,0
v2202,20220218,20220218,134449500,13:44:50,8480,0,8165,0,0,0,0
v2202,20220218,20220218,134450000,13:44:50,8480,0,8165,0,0,0,0
v2202,20220218,20220218,134450500,13:44:50,8480,0,8165,0,0,0,0
v2202,20220218,20220218,134451500,13:44:51,8480,0,8165,0,0,0,0
v2202,20220218,20220218,134452000,13:44:53,8480,0,8165,0,0,0,0
v2202,20220218,20220218,134453000,13:44:53,8650,1,8164,43250,1,-1,43250
v2202,20220218,20220218,134453500,13:44:54,8650,1,8164,43250,0,0,0
v2202,20220218,20220218,134454000,13:44:54,8650,1,8164,43250,0,0,0
v2202,20220218,20220218,134454500,13:44:55,8650,1,8164,43250,0,0,0
v2202,20220218,20220218,134455500,13:44:55,8650,1,8164,43250,0,0,0
v2202,20220218,20220218,134456000,13:44:56,8650,1,8164,43250,0,0,0
v2202,20220218,20220218,134500500,13:45:01,8650,1,8164,43250,0,0,0
v2202,20220218,20220218,134501000,13:45:01,8650,1,8164,43250,0,0,0
v2202,20220218,20220218,134501500,13:45:01,8650,1,8164,43250,0,0,0
v2202,20220218,20220218,134502000,13:45:02,8650,1,8164,43250,0,0,0
v2202,20220218,20220218,134502500,13:45:03,8650,1,8164,43250,0,0,0
v2202,20220218,20220218,134503000,13:45:03,8650,20,8145,865000,19,-19,821750
v2202,20220218,20220218,134503500,13:45:04,8650,20,8145,865000,0,0,0
v2202,20220218,20220218,134504000,13:45:08,8650,20,8145,865000,0,0,0
v2202,20220218,20220218,134504500,13:45:08,8650,20,8145,865000,0,0,0
v2202,20220218,20220218,134505000,13:45:09,8650,20,8145,865000,0,0,0
v2202,20220218,20220218,134507500,13:45:09,8650,20,8145,865000,0,0,0
v2202,20220218,20220218,134508500,13:45:09,8650,20,8145,865000,0,0,0
v2202,20220218,20220218,134511000,13:45:11,8650,20,8145,865000,0,0,0
v2202,20220218,20220218,134511500,13:45:11,8650,20,8145,865000,0,0,0
v2202,20220218,20220218,134512000,13:45:12,8650,20,8145,865000,0,0,0
v2202,20220218,20220218,134512500,13:45:13,8650,20,8145,865000,0,0,0
v2202,20220218,20220218,134513000,13:45:13,8650,20,8145,865000,0,0,0
v2202,20220218,20220218,134513500,13:45:14,8650,20,8145,865000,0,0,0
v2202,20220218,20220218,134514000,13:45:15,8650,20,8145,865000,0,0,0
v2202,20220218,20220218,134514500,13:45:16,8650,20,8145,865000,0,0,0
v2202,20220218,20220218,134515000,13:45:16,8650,20,8145,865000,0,0,0
v2202,20220218,20220218,134515500,13:45:17,8650,20,8145,865000,0,0,0
v2202,20220218,20220218,134517000,13:45:19,8650,20,8145,865000,0,0,0
v2202,20220218,20220218,134517500,13:45:20,8650,20,8145,865000,0,0,0
v2202,20220218,20220218,134518000,13:45:21,8650,20,8145,865000,0,0,0
v2202,20220218,20220218,134518500,13:45:22,8650,20,8145,865000,0,0,0
v2202,20220218,20220218,134519500,13:45:23,8650,20,8145,865000,0,0,0
v2202,20220218,20220218,134521000,13:45:23,8650,20,8145,865000,0,0,0
v2202,20220218,20220218,134523000,13:45:24,8650,20,8145,865000,0,0,0
v2202,20220218,20220218,134523500,13:45:24,8650,20,8145,865000,0,0,0
v2202,20220218,20220218,134524000,13:45:24,8650,20,8145,865000,0,0,0
v2202,20220218,20220218,134524500,13:45:25,8650,20,8145,865000,0,0,0
v2202,20220218,20220218,134525000,13:45:26,8650,20,8145,865000,0,0,0
v2202,20220218,20220218,134525500,13:45:27,8650,20,8145,865000,0,0,0
v2202,20220218,20220218,134526000,13:45:27,8650,20,8145,865000,0,0,0
v2202,20220218,20220218,134526500,13:45:29,8650,20,8145,865000,0,0,0
v2202,20220218,20220218,134527000,13:45:30,8650,20,8145,865000,0,0,0
v2202,20220218,20220218,134528000,13:45:30,8650,20,8145,865000,0,0,0
v2202,20220218,20220218,134529500,13:45:30,8650,20,8145,865000,0,0,0
v2202,20220218,20220218,134530500,13:45:30,8650,20,8145,865000,0,0,0
v2202,20220218,20220218,134531000,13:45:31,8650,20,8145,865000,0,0,0
v2202,20220218,20220218,134531500,13:45:31,8650,20,8145,865000,0,0,0
v2202,20220218,20220218,134532000,13:45:32,8650,20,8145,865000,0,0,0
v2202,20220218,20220218,134533000,13:45:33,8650,20,8145,865000,0,0,0
v2202,20220218,20220218,134533500,13:45:34,8650,20,8145,865000,0,0,0
v2202,20220218,20220218,134534000,13:45:35,8650,20,8145,865000,0,0,0
v2202,20220218,20220218,134534500,13:45:35,8650,20,8145,865000,0,0,0
v2202,20220218,20220218,134535000,13:45:35,8650,20,8145,865000,0,0,0
v2202,20220218,20220218,134535500,13:45:35,8650,20,8145,865000,0,0,0
v2202,20220218,20220218,134536000,13:45:36,8650,20,8145,865000,0,0,0
v2202,20220218,20220218,134536500,13:45:37,8650,20,8145,865000,0,0,0
v2202,20220218,20220218,134537000,13:45:37,8650,20,8145,865000,0,0,0
v2202,20220218,20220218,134537500,13:45:38,8650,20,8145,865000,0,0,0
v2202,20220218,20220218,134540000,13:45:40,8650,20,8145,865000,0,0,0
v2202,20220218,20220218,134540500,13:45:40,8650,20,8145,865000,0,0,0
v2202,20220218,20220218,134541500,13:45:41,8650,20,8145,865000,0,0,0
v2202,20220218,20220218,134542000,13:45:45,8650,20,8145,865000,0,0,0
v2202,20220218,20220218,134542500,13:45:45,8650,20,8145,865000,0,0,0
v2202,20220218,20220218,134543000,13:45:46,8650,20,8145,865000,0,0,0
v2202,20220218,20220218,134543500,13:45:46,8650,20,8145,865000,0,0,0
v2202,20220218,20220218,134544000,13:45:46,8650,20,8145,865000,0,0,0
v2202,20220218,20220218,134547500,13:45:47,8650,20,8145,865000,0,0,0
v2202,20220218,20220218,134548000,13:45:48,8650,20,8145,865000,0,0,0
v2202,20220218,20220218,134548500,13:45:48,8650,20,8145,865000,0,0,0
v2202,20220218,20220218,134549000,13:45:49,8650,20,8145,865000,0,0,0
v2202,20220218,20220218,134550500,13:45:54,8650,20,8145,865000,0,0,0
v2202,20220218,20220218,134551000,13:45:54,8650,20,8145,865000,0,0,0
v2202,20220218,20220218,134733000,13:47:34,8650,20,8145,865000,0,0,0
v2202,20220218,20220218,134733500,13:47:34,8650,20,8145,865000,0,0,0
v2202,20220218,20220218,134735000,13:47:36,8650,20,8145,865000,0,0,0
v2202,20220218,20220218,134736500,13:47:36,8650,20,8145,865000,0,0,0
v2202,20220218,20220218,134738000,13:47:38,8650,20,8145,865000,0,0,0
v2202,20220218,20220218,134739500,13:47:40,8650,20,8145,865000,0,0,0
v2202,20220218,20220218,134746000,13:47:47,8650,20,8145,865000,0,0,0
v2202,20220218,20220218,134747000,13:47:47,8650,20,8145,865000,0,0,0
v2202,20220218,20220218,134812000,13:48:12,8650,20,8145,865000,0,0,0
v2202,20220218,20220218,134818500,13:48:20,8650,20,8145,865000,0,0,0
v2202,20220218,20220218,134943000,13:49:43,8650,20,8145,865000,0,0,0
v2202,20220218,20220218,135004000,13:50:04,8650,23,8142,994750,3,-3,129750
v2202,20220218,20220218,135012500,13:50:27,8650,23,8142,994750,0,0,0
v2202,20220218,20220218,135048500,13:50:48,8650,23,8142,994750,0,0,0
v2202,20220218,20220218,135118500,13:51:21,8650,23,8142,994750,0,0,0
v2202,20220218,20220218,135146000,13:51:46,8650,23,8142,994750,0,0,0
v2202,20220218,20220218,135203000,13:52:03,8650,23,8142,994750,0,0,0
v2202,20220218,20220218,135203500,13:52:04,8650,23,8142,994750,0,0,0
v2202,20220218,20220218,135216000,13:52:16,8650,23,8142,994750,0,0,0
v2202,20220218,20220218,135219500,13:52:24,8650,23,8142,994750,0,0,0
v2202,20220218,20220218,135233500,13:52:33,8650,23,8142,994750,0,0,0
v2202,20220218,20220218,135235000,13:52:35,8650,23,8142,994750,0,0,0
v2202,20220218,20220218,135237000,13:52:44,8650,23,8142,994750,0,0,0
v2202,20220218,20220218,135244000,13:52:46,8650,23,8142,994750,0,0,0
v2202,20220218,20220218,135315000,13:53:15,8650,23,8142,994750,0,0,0
v2202,20220218,20220218,135315500,13:53:15,8650,23,8142,994750,0,0,0
v2202,20220218,20220218,135319500,13:53:20,8650,23,8142,994750,0,0,0
v2202,20220218,20220218,135348000,13:53:48,8650,23,8142,994750,0,0,0
v2202,20220218,20220218,135348500,13:53:48,8650,23,8142,994750,0,0,0
v2202,20220218,20220218,135420000,13:54:20,8650,23,8142,994750,0,0,0
v2202,20220218,20220218,135420500,13:54:21,8650,23,8142,994750,0,0,0
v2202,20220218,20220218,135501000,13:55:01,8650,23,8142,994750,0,0,0
v2202,20220218,20220218,135517000,13:55:21,8650,23,8142,994750,0,0,0
v2202,20220218,20220218,135522500,13:55:25,8650,23,8142,994750,0,0,0
v2202,20220218,20220218,135537000,13:55:37,8650,23,8142,994750,0,0,0
v2202,20220218,20220218,135537500,13:55:37,8650,23,8142,994750,0,0,0
v2202,20220218,20220218,135623500,13:56:24,8650,23,8142,994750,0,0,0
v2202,20220218,20220218,135624000,13:56:24,8650,23,8142,994750,0,0,0
