v2207,20220218,20220218,112003000,11:20:05,8551,13156,59773,559323540,13156,1316,559323540
v2207,20220218,20220218,112004500,11:20:10,8551,13156,59773,559323540,0,0,0
v2207,20220218,20220218,112005500,11:20:10,8551,13156,59773,559323540,0,0,0
v2207,20220218,20220218,112007000,11:20:10,8551,13156,59773,559323540,0,0,0
v2207,20220218,20220218,112007500,11:20:10,8551,13156,59773,559323540,0,0,0
v2207,20220218,20220218,112010000,11:20:10,8551,13156,59773,559323540,0,0,0
v2207,20220218,20220218,112014000,11:20:14,8551,13156,59773,559323540,0,0,0
v2207,20220218,20220218,112017000,11:20:17,8551,13156,59773,559323540,0,0,0
v2207,20220218,20220218,112017500,11:20:17,8551,13156,59773,559323540,0,0,0
v2207,20220218,20220218,112018000,11:20:18,8551,13156,59773,559323540,0,0,0
v2207,20220218,20220218,112018500,11:20:18,8551,13156,59773,559323540,0,0,0
v2207,20220218,20220218,112019000,11:20:19,8551,13156,59773,559323540,0,0,0
v2207,20220218,20220218,112020500,11:20:21,8551,13156,59773,559323540,0,0,0
v2207,20220218,20220218,112021000,11:20:21,8551,13156,59773,559323540,0,0,0
v2207,20220218,20220218,112021500,11:20:21,8551,13156,59773,559323540,0,0,0
v2207,20220218,20220218,112026000,11:20:26,8551,13156,59773,559323540,0,0,0
v2207,20220218,20220218,112027500,11:20:28,8551,13156,59773,559323540,0,0,0
v2207,20220218,20220218,112028000,11:20:28,8551,13156,59773,559323540,0,0,0
v2207,20220218,20220218,112028500,11:20:28,8551,13156,59773,559323540,0,0,0
v2207,20220218,20220218,112029500,11:20:31,8551,13156,59773,559323540,0,0,0
v2207,20220218,20220218,112030000,11:20:31,8551,13156,59773,559323540,0,0,0
v2207,20220218,20220218,112030500,11:20:31,8551,13156,59773,559323540,0,0,0
v2207,20220218,20220218,112031000,11:20:32,8550,13194,59769,560948150,38,-4,1624610
v2207,20220218,20220218,112031500,11:20:32,8550,13196,59769,561033650,2,0,85500
v2207,20220218,20220218,112032000,11:20:32,8551,13198,59769,561119160,2,0,85510
v2207,20220218,20220218,112032500,11:20:32,8551,13200,59768,561204670,2,-1,85510
v2207,20220218,20220218,112033000,11:20:33,8551,13201,59768,561247425,1,0,42755
v2207,20220218,20220218,112033500,11:20:33,8551,13201,59768,561247425,0,0,0
v2207,20220218,20220218,112034000,11:20:34,8551,13201,59768,561247425,0,0,0
v2207,20220218,20220218,112039000,11:20:39,8551,13201,59768,561247425,0,0,0
v2207,20220218,20220218,112040000,11:20:40,8551,13201,59768,561247425,0,0,0
v2207,20220218,20220218,112040500,11:20:41,8551,13201,59768,561247425,0,0,0
v2207,20220218,20220218,112041500,11:20:41,8551,13201,59768,561247425,0,0,0
v2207,20220218,20220218,112042000,11:20:42,8551,13201,59768,561247425,0,0,0
v2207,20220218,20220218,112043500,11:20:44,8551,13201,59768,561247425,0,0,0
v2207,20220218,20220218,112044000,11:20:44,8551,13201,59768,561247425,0,0,0
v2207,20220218,20220218,112044500,11:20:45,8551,13201,59768,561247425,0,0,0
v2207,20220218,20220218,112045000,11:20:45,8551,13201,59768,561247425,0,0,0
v2207,20220218,20220218,112045500,11:20:46,8551,13201,59768,561247425,0,0,0
v2207,20220218,20220218,112046000,11:20:46,8551,13201,59768,561247425,0,0,0
v2207,20220218,20220218,112046500,11:20:46,8551,13201,59768,561247425,0,0,0
v2207,20220218,20220218,112051000,11:20:51,8551,13201,59768,561247425,0,0,0
v2207,20220218,20220218,112051500,11:20:52,8551,13201,59768,561247425,0,0,0
v2207,20220218,20220218,112052000,11:20:53,8551,13201,59768,561247425,0,0,0
v2207,20220218,20220218,112052500,11:20:53,8551,13201,59768,561247425,0,0,0
v2207,20220218,20220218,112053000,11:20:53,8551,13201,59768,561247425,0,0,0
v2207,20220218,20220218,112054000,11:20:54,8551,13201,59768,561247425,0,0,0
v2207,20220218,20220218,112054500,11:20:55,8551,13201,59768,561247425,0,0,0
v2207,20220218,20220218,112055000,11:20:55,8551,13201,59768,561247425,0,0,0
v2207,20220218,20220218,112055500,11:20:56,8551,13201,59768,561247425,0,0,0
v2207,20220218,20220218,112056000,11:20:56,8551,13201,59768,561247425,0,0,0
v2207,20220218,20220218,112056500,11:20:57,8551,13201,59768,561247425,0,0,0
v2207,20220218,20220218,112057000,11:20:58,8551,13201,59768,561247425,0,0,0
v2207,20220218,20220218,112057500,11:20:58,8551,13201,59768,561247425,0,0,0
v2207,20220218,20220218,112058000,11:20:59,8553,13203,59766,561332955,2,-2,85530
v2207,20220218,20220218,112058500,11:20:59,8553,13203,59766,561332955,0,0,0
v2207,20220218,20220218,112059000,11:21:00,8553,13203,59766,561332955,0,0,0
v2207,20220218,20220218,112059500,11:21:00,8553,13203,59766,561332955,0,0,0
v2207,20220218,20220218,112101000,11:21:01,8553,13203,59766,561332955,0,0,0
v2207,20220218,20220218,112103000,11:21:03,8553,13203,59766,561332955,0,0,0
v2207,20220218,20220218,112103500,11:21:04,8555,13204,59765,561375730,1,-1,42775
v2207,20220218,20220218,112104000,11:21:04,8555,13204,59765,561375730,0,0,0
v2207,20220218,20220218,112105500,11:21:07,8555,13204,59765,561375730,0,0,0
v2207,20220218,20220218,112106000,11:21:07,8555,13204,59765,561375730,0,0,0
v2207,20220218,20220218,112106500,11:21:09,8555,13204,59765,561375730,0,0,0
v2207,20220218,20220218,112107000,11:21:09,8555,13204,59765,561375730,0,0,0
v2207,20220218,20220218,112108000,11:21:10,8555,13204,59765,561375730,0,0,0
v2207,20220218,20220218,112110000,11:21:11,8555,13204,59765,561375730,0,0,0
v2207,20220218,20220218,112110500,11:21:11,8555,13204,59765,561375730,0,0,0
v2207,20220218,20220218,112111000,11:21:11,8555,13204,59765,561375730,0,0,0
v2207,20220218,20220218,112112000,11:21:12,8555,13204,59765,561375730,0,0,0
v2207,20220218,20220218,112113500,11:21:13,8555,13204,59765,561375730,0,0,0
v2207,20220218,20220218,112114000,11:21:14,8555,13204,59765,561375730,0,0,0
v2207,20220218,20220218,112114500,11:21:15,8555,13204,59765,561375730,0,0,0
v2207,20220218,20220218,112115000,11:21:15,8555,13204,59765,561375730,0,0,0
v2207,20220218,20220218,112115500,11:21:15,8555,13204,59765,561375730,0,0,0
v2207,20220218,20220218,112116000,11:21:16,8555,13204,59765,561375730,0,0,0
v2207,20220218,20220218,112116500,11:21:17,8555,13204,59765,561375730,0,0,0
v2207,20220218,20220218,112117000,11:21:17,8555,13204,59765,561375730,0,0,0
v2207,20220218,20220218,112117500,11:21:18,8555,13204,59765,561375730,0,0,0
v2207,20220218,20220218,112118000,11:21:18,8551,13215,59765,561846055,11,0,470325
v2207,20220218,20220218,112118500,11:21:18,8551,13215,59765,561846055,0,0,0
v2207,20220218,20220218,112119000,11:21:19,8551,13215,59765,561846055,0,0,0
v2207,20220218,20220218,112119500,11:21:20,8551,13222,59764,562145340,7,-1,299285
v2207,20220218,20220218,112120000,11:21:20,8551,13222,59764,562145340,0,0,0
v2207,20220218,20220218,112120500,11:21:22,8551,13222,59764,562145340,0,0,0
v2207,20220218,20220218,112121000,11:21:22,8551,13222,59764,562145340,0,0,0
v2207,20220218,20220218,112121500,11:21:22,8551,13222,59764,562145340,0,0,0
v2207,20220218,20220218,112122000,11:21:22,8551,13222,59764,562145340,0,0,0
v2207,20220218,20220218,112122500,11:21:22,8551,13222,59764,562145340,0,0,0
v2207,20220218,20220218,112124500,11:21:25,8551,13222,59764,562145340,0,0,0
v2207,20220218,20220218,112125000,11:22:28,8551,13222,59764,562145340,0,0,0
v2207,20220218,20220218,112125500,11:23:32,8551,13222,59764,562145340,0,0,0
v2207,20220218,20220218,112126000,11:23:33,8551,13222,59764,562145340,0,0,0
v2207,20220218,20220218,112332500,11:23:33,8551,13222,59764,562145340,0,0,0
v2207,20220218,20220218,112333000,11:23:33,8551,13222,59764,562145340,0,0,0
v2207,20220218,20220218,112333500,11:23:33,8551,13222,59764,562145340,0,0,0
v2207,20220218,20220218,112335000,11:23:35,8551,13222,59764,562145340,0,0,0
v2207,20220218,20220218,112335500,11:23:35,8551,13222,59764,562145340,0,0,0
v2207,20220218,20220218,112336000,11:23:36,8551,13222,59764,562145340,0,0,0
v2207,20220218,20220218,112339000,11:23:39,8551,13222,59764,562145340,0,0,0
v2207,20220218,20220218,112340500,11:23:40,8551,13222,59764,562145340,0,0,0
v2207,20220218,20220218,112341000,11:23:41,8551,13222,59764,562145340,0,0,0
v2207,20220218,20220218,112341500,11:23:42,8551,13222,59764,562145340,0,0,0
v2207,20220218,20220218,112342000,11:23:42,8551,13222,59764,562145340,0,0,0
v2207,20220218,20220218,112342500,11:23:43,8551,13222,59764,562145340,0,0,0
v2207,20220218,20220218,112343000,11:23:43,8551,13222,59764,562145340,0,0,0
v2207,20220218,20220218,112343500,11:23:43,8551,13222,59764,562145340,0,0,0
v2207,20220218,20220218,112344000,11:23:48,8551,13222,59764,562145340,0,0,0
v2207,20220218,20220218,112344500,11:23:48,8551,13222,59764,562145340,0,0,0
v2207,20220218,20220218,112345000,11:23:48,8551,13222,59764,562145340,0,0,0
v2207,20220218,20220218,112345500,11:23:48,8551,13222,59764,562145340,0,0,0
v2207,20220218,20220218,112349500,11:23:50,8551,13222,59764,562145340,0,0,0
v2207,20220218,20220218,112350000,11:23:50,8551,13222,59764,562145340,0,0,0
v2207,20220218,20220218,112350500,11:23:50,8551,13222,59764,562145340,0,0,0
v2207,20220218,20220218,112351000,11:23:51,8551,13222,59764,562145340,0,0,0
v2207,20220218,20220218,112351500,11:23:51,8551,13222,59764,562145340,0,0,0
v2207,20220218,20220218,112352000,11:23:52,8551,13222,59764,562145340,0,0,0
v2207,20220218,20220218,112352500,11:23:53,8551,13222,59764,562145340,0,0,0
v2207,20220218,20220218,112353000,11:23:53,8551,13222,59764,562145340,0,0,0
v2207,20220218,20220218,112353500,11:23:53,8551,13222,59764,562145340,0,0,0
v2207,20220218,20220218,112354000,11:23:54,8551,13222,59764,562145340,0,0,0
v2207,20220218,20220218,112354500,11:23:55,8551,13222,59764,562145340,0,0,0
v2207,20220218,20220218,112355000,11:23:55,8551,13222,59764,562145340,0,0,0
v2207,20220218,20220218,112355500,11:23:55,8551,13222,59764,562145340,0,0,0
v2207,20220218,20220218,112356000,11:23:56,8551,13222,59764,562145340,0,0,0
v2207,20220218,20220218,112356500,11:23:56,8551,13222,59764,562145340,0,0,0
v2207,20220218,20220218,112357000,11:23:57,8551,13222,59764,562145340,0,0,0
v2207,20220218,20220218,112357500,11:23:57,8551,13222,59764,562145340,0,0,0
v2207,20220218,20220218,112358000,11:23:58,8551,13222,59764,562145340,0,0,0
v2207,20220218,20220218,112358500,11:23:58,8551,13222,59764,562145340,0,0,0
v2207,20220218,20220218,112359000,11:23:59,8551,13222,59764,562145340,0,0,0
v2207,20220218,20220218,112359500,11:23:59,8551,13222,59764,562145340,0,0,0
v2207,20220218,20220218,112400500,11:24:00,8551,13222,59764,562145340,0,0,0
v2207,20220218,20220218,112401000,11:24:01,8551,13222,59764,562145340,0,0,0
v2207,20220218,20220218,112401500,11:24:01,8551,13222,59764,562145340,0,0,0
v2207,20220218,20220218,112402000,11:24:02,8551,13222,59764,562145340,0,0,0
v2207,20220218,20220218,112402500,11:24:02,8551,13222,59764,562145340,0,0,0
v2207,20220218,20220218,112403000,11:24:03,8551,13222,59764,562145340,0,0,0
v2207,20220218,20220218,112403500,11:24:04,8551,13222,59764,562145340,0,0,0
v2207,20220218,20220218,112404000,11:24:04,8551,13222,59764,562145340,0,0,0
v2207,20220218,20220218,112404500,11:24:04,8551,13222,59764,562145340,0,0,0
v2207,20220218,20220218,112405000,11:24:05,8551,13222,59764,562145340,0,0,0
v2207,20220218,20220218,112405500,11:24:05,8551,13222,59764,562145340,0,0,0
v2207,20220218,20220218,112406000,11:24:06,8551,13222,59764,562145340,0,0,0
v2207,20220218,20220218,112406500,11:24:06,8551,13222,59764,562145340,0,0,0
v2207,20220218,20220218,112407000,11:24:07,8551,13222,59764,562145340,0,0,0
v2207,20220218,20220218,112407500,11:24:08,8551,13222,59764,562145340,0,0,0
v2207,20220218,20220218,112408000,11:24:08,8551,13222,59764,562145340,0,0,0
v2207,20220218,20220218,112408500,11:24:08,8551,13222,59764,562145340,0,0,0
v2207,20220218,20220218,112409000,11:24:11,8551,13222,59764,562145340,0,0,0
v2207,20220218,20220218,112409500,11:24:12,8551,13222,59764,562145340,0,0,0
v2207,20220218,20220218,112410000,11:24:12,8551,13222,59764,562145340,0,0,0
v2207,20220218,20220218,112410500,11:24:12,8551,13222,59764,562145340,0,0,0
v2207,20220218,20220218,112411500,11:24:12,8551,13222,59764,562145340,0,0,0
v2207,20220218,20220218,112412000,11:24:12,8551,13222,59764,562145340,0,0,0
v2207,20220218,20220218,112412500,11:24:13,8551,13222,59764,562145340,0,0,0
v2207,20220218,20220218,112413000,11:24:13,8551,13222,59764,562145340,0,0,0
v2207,20220218,20220218,112413500,11:24:14,8552,13257,59750,563641900,35,-14,1496560
v2207,20220218,20220218,112414000,11:24:14,8552,13257,59750,563641900,0,0,0
v2207,20220218,20220218,112414500,11:24:15,8552,13257,59750,563641900,0,0,0
v2207,20220218,20220218,112419500,11:24:20,8552,13257,59750,563641900,0,0,0
v2207,20220218,20220218,112420000,11:24:20,8552,13257,59750,563641900,0,0,0
v2207,20220218,20220218,112420500,11:24:20,8552,13257,59750,563641900,0,0,0
v2207,20220218,20220218,112421500,11:24:22,8552,13257,59750,563641900,0,0,0
v2207,20220218,20220218,112422000,11:24:22,8552,13257,59750,563641900,0,0,0
v2207,20220218,20220218,112423000,11:24:23,8552,13257,59750,563641900,0,0,0
v2207,20220218,20220218,112423500,11:24:24,8552,13257,59750,563641900,0,0,0
v2207,20220218,20220218,112424000,11:24:24,8552,13257,59750,563641900,0,0,0
v2207,20220218,20220218,112424500,11:24:24,8552,13257,59750,563641900,0,0,0
v2207,20220218,20220218,112425000,11:24:25,8552,13257,59750,563641900,0,0,0
v2207,20220218,20220218,112425500,11:24:25,8552,13257,59750,563641900,0,0,0
v2207,20220218,20220218,112426000,11:24:26,8552,13257,59750,563641900,0,0,0
v2207,20220218,20220218,112426500,11:24:26,8552,13257,59750,563641900,0,0,0
v2207,20220218,20220218,112427000,11:24:27,8552,13257,59750,563641900,0,0,0
v2207,20220218,20220218,112427500,11:24:28,8552,13257,59750,563641900,0,0,0
v2207,20220218,20220218,112428000,11:24:28,8552,13257,59750,563641900,0,0,0
v2207,20220218,20220218,112428500,11:24:28,8552,13257,59750,563641900,0,0,0
v2207,20220218,20220218,112429000,11:24:29,8552,13257,59750,563641900,0,0,0
v2207,20220218,20220218,112429500,11:24:29,8552,13257,59750,563641900,0,0,0
v2207,20220218,20220218,112430000,11:24:30,8552,13257,59750,563641900,0,0,0
v2207,20220218,20220218,112430500,11:24:30,8552,13257,59750,563641900,0,0,0
v2207,20220218,20220218,112434500,11:24:34,8552,13257,59750,563641900,0,0,0
v2207,20220218,20220218,112435000,11:24:35,8552,13257,59750,563641900,0,0,0
v2207,20220218,20220218,112435500,11:24:35,8552,13257,59750,563641900,0,0,0
v2207,20220218,20220218,112438000,11:24:39,8552,13257,59750,563641900,0,0,0
v2207,20220218,20220218,112438500,11:24:40,8552,13257,59750,563641900,0,0,0
v2207,20220218,20220218,112439000,11:24:40,8552,13257,59750,563641900,0,0,0
v2207,20220218,20220218,112439500,11:24:40,8552,13257,59750,563641900,0,0,0
v2207,20220218,20220218,112440000,11:24:40,8552,13257,59750,563641900,0,0,0
v2207,20220218,20220218,112440500,11:24:40,8552,13257,59750,563641900,0,0,0
v2207,20220218,20220218,112441000,11:24:41,8552,13257,59750,563641900,0,0,0
v2207,20220218,20220218,112441500,11:24:41,8552,13257,59750,563641900,0,0,0
v2207,20220218,20220218,112442000,11:24:42,8552,13257,59750,563641900,0,0,0
v2207,20220218,20220218,112442500,11:24:42,8552,13257,59750,563641900,0,0,0
v2207,20220218,20220218,112443000,11:24:43,8552,13257,59750,563641900,0,0,0
v2207,20220218,20220218,112443500,11:24:43,8552,13257,59750,563641900,0,0,0
v2207,20220218,20220218,112445000,11:24:45,8552,13257,59750,563641900,0,0,0
v2207,20220218,20220218,112445500,11:24:45,8552,13257,59750,563641900,0,0,0
v2207,20220218,20220218,112446000,11:24:46,8552,13257,59750,563641900,0,0,0
v2207,20220218,20220218,112446500,11:24:46,8552,13257,59750,563641900,0,0,0
v2207,20220218,20220218,112447000,11:24:47,8552,13257,59750,563641900,0,0,0
v2207,20220218,20220218,112447500,11:24:47,8552,13257,59750,563641900,0,0,0
v2207,20220218,20220218,112448000,11:24:48,8552,13257,59750,563641900,0,0,0
v2207,20220218,20220218,112448500,11:24:49,8552,13257,59750,563641900,0,0,0
v2207,20220218,20220218,112449000,11:24:49,8552,13257,59750,563641900,0,0,0
v2207,20220218,20220218,112449500,11:24:49,8552,13257,59750,563641900,0,0,0
v2207,20220218,20220218,112450000,11:24:50,8552,13257,59750,563641900,0,0,0
v2207,20220218,20220218,112452500,11:24:52,8552,13257,59750,563641900,0,0,0
v2207,20220218,20220218,112453000,11:24:53,8552,13257,59750,563641900,0,0,0
v2207,20220218,20220218,112453500,11:24:53,8552,13257,59750,563641900,0,0,0
v2207,20220218,20220218,112454000,11:24:54,8552,13257,59750,563641900,0,0,0
v2207,20220218,20220218,112454500,11:24:54,8552,13257,59750,563641900,0,0,0
v2207,20220218,20220218,112455000,11:24:55,8552,13257,59750,563641900,0,0,0
v2207,20220218,20220218,112455500,11:24:56,8552,13257,59750,563641900,0,0,0
v2207,20220218,20220218,112456000,11:24:56,8552,13257,59750,563641900,0,0,0
v2207,20220218,20220218,112458500,11:24:58,8552,13257,59750,563641900,0,0,0
v2207,20220218,20220218,112459000,11:24:59,8552,13257,59750,563641900,0,0,0
v2207,20220218,20220218,112459500,11:24:59,8552,13257,59750,563641900,0,0,0
v2207,20220218,20220218,112500000,11:25:00,8552,13257,59750,563641900,0,0,0
v2207,20220218,20220218,112500500,11:25:01,8552,13257,59750,563641900,0,0,0
v2207,20220218,20220218,112501500,11:25:05,8552,13257,59750,563641900,0,0,0
v2207,20220218,20220218,112502500,11:25:06,8552,13257,59750,563641900,0,0,0
v2207,20220218,20220218,112504500,11:25:06,8552,13257,59750,563641900,0,0,0
v2207,20220218,20220218,112505500,11:25:06,8552,13257,59750,563641900,0,0,0
v2207,20220218,20220218,112506000,11:25:07,8552,13257,59750,563641900,0,0,0
v2207,20220218,20220218,112506500,11:25:07,8552,13257,59750,563641900,0,0,0
v2207,20220218,20220218,112508000,11:25:08,8557,13260,59749,563770240,3,-1,128340
v2207,20220218,20220218,112508500,11:25:08,8557,13261,59749,563813025,1,0,42785
v2207,20220218,20220218,112509000,11:25:09,8557,13261,59749,563813025,0,0,0
v2207,20220218,20220218,112509500,11:25:09,8557,13261,59749,563813025,0,0,0
v2207,20220218,20220218,112510000,11:25:10,8557,13261,59749,563813025,0,0,0
v2207,20220218,20220218,112510500,11:25:10,8557,13261,59749,563813025,0,0,0
v2207,20220218,20220218,112511000,11:25:11,8557,13261,59749,563813025,0,0,0
v2207,20220218,20220218,112511500,11:25:11,8557,13261,59749,563813025,0,0,0
v2207,20220218,20220218,112512000,11:25:12,8557,13261,59749,563813025,0,0,0
v2207,20220218,20220218,112512500,11:25:12,8557,13261,59749,563813025,0,0,0
v2207,20220218,20220218,112513000,11:25:13,8557,13261,59749,563813025,0,0,0
v2207,20220218,20220218,112513500,11:25:15,8557,13261,59749,563813025,0,0,0
v2207,20220218,20220218,112514500,11:25:16,8557,13261,59749,563813025,0,0,0
v2207,20220218,20220218,112515500,11:25:16,8557,13261,59749,563813025,0,0,0
v2207,20220218,20220218,112516000,11:25:16,8557,13261,59749,563813025,0,0,0
v2207,20220218,20220218,112516500,11:25:16,8557,13261,59749,563813025,0,0,0
v2207,20220218,20220218,112517000,11:25:18,8557,13261,59749,563813025,0,0,0
v2207,20220218,20220218,112518000,11:25:19,8557,13261,59749,563813025,0,0,0
v2207,20220218,20220218,112518500,11:25:19,8557,13261,59749,563813025,0,0,0
v2207,20220218,20220218,112519000,11:25:19,8557,13261,59749,563813025,0,0,0
v2207,20220218,20220218,112519500,11:25:20,8557,13261,59749,563813025,0,0,0
v2207,20220218,20220218,112520500,11:25:21,8557,13261,59749,563813025,0,0,0
v2207,20220218,20220218,112521000,11:25:22,8557,13261,59749,563813025,0,0,0
v2207,20220218,20220218,112521500,11:25:22,8557,13261,59749,563813025,0,0,0
v2207,20220218,20220218,112522000,11:25:22,8557,13261,59749,563813025,0,0,0
v2207,20220218,20220218,112522500,11:25:23,8557,13261,59749,563813025,0,0,0
v2207,20220218,20220218,112523000,11:25:23,8557,13261,59749,563813025,0,0,0
v2207,20220218,20220218,112523500,11:25:24,8557,13261,59749,563813025,0,0,0
v2207,20220218,20220218,112524000,11:25:25,8557,13261,59749,563813025,0,0,0
v2207,20220218,20220218,112524500,11:25:25,8557,13261,59749,563813025,0,0,0
v2207,20220218,20220218,112525000,11:25:25,8557,13261,59749,563813025,0,0,0
v2207,20220218,20220218,112525500,11:25:26,8557,13261,59749,563813025,0,0,0
v2207,20220218,20220218,112526000,11:25:26,8557,13261,59749,563813025,0,0,0
v2207,20220218,20220218,112526500,11:25:27,8557,13261,59749,563813025,0,0,0
v2207,20220218,20220218,112527000,11:25:28,8557,13261,59749,563813025,0,0,0
v2207,20220218,20220218,112527500,11:25:28,8557,13261,59749,563813025,0,0,0
v2207,20220218,20220218,112528000,11:25:28,8557,13261,59749,563813025,0,0,0
v2207,20220218,20220218,112528500,11:25:28,8557,13261,59749,563813025,0,0,0
v2207,20220218,20220218,112529000,11:25:29,8557,13261,59749,563813025,0,0,0
v2207,20220218,20220218,112529500,11:25:30,8557,13261,59749,563813025,0,0,0
v2207,20220218,20220218,112530000,11:25:31,8557,13261,59749,563813025,0,0,0
v2207,20220218,20220218,112530500,11:25:31,8557,13261,59749,563813025,0,0,0
v2207,20220218,20220218,112531000,11:25:31,8557,13261,59749,563813025,0,0,0
v2207,20220218,20220218,112531500,11:25:32,8557,13261,59749,563813025,0,0,0
v2207,20220218,20220218,112532000,11:25:32,8557,13261,59749,563813025,0,0,0
v2207,20220218,20220218,112532500,11:25:33,8557,13261,59749,563813025,0,0,0
v2207,20220218,20220218,112533000,11:25:33,8557,13261,59749,563813025,0,0,0
v2207,20220218,20220218,112533500,11:25:33,8557,13261,59749,563813025,0,0,0
v2207,20220218,20220218,112534000,11:25:34,8557,13261,59749,563813025,0,0,0
v2207,20220218,20220218,112534500,11:25:36,8557,13261,59749,563813025,0,0,0
v2207,20220218,20220218,112535000,11:25:36,8557,13261,59749,563813025,0,0,0
v2207,20220218,20220218,112535500,11:25:37,8557,13261,59749,563813025,0,0,0
v2207,20220218,20220218,112536000,11:25:37,8557,13261,59749,563813025,0,0,0
v2207,20220218,20220218,112536500,11:25:37,8557,13261,59749,563813025,0,0,0
v2207,20220218,20220218,112537000,11:25:38,8557,13261,59749,563813025,0,0,0
v2207,20220218,20220218,112537500,11:25:38,8557,13261,59749,563813025,0,0,0
v2207,20220218,20220218,112538000,11:25:38,8557,13261,59749,563813025,0,0,0
v2207,20220218,20220218,112538500,11:25:39,8557,13261,59749,563813025,0,0,0
v2207,20220218,20220218,112539000,11:25:39,8557,13261,59749,563813025,0,0,0
v2207,20220218,20220218,112539500,11:25:40,8554,13267,59747,564069645,6,-2,256620
v2207,20220218,20220218,112540000,11:25:40,8554,13267,59747,564069645,0,0,0
v2207,20220218,20220218,112540500,11:25:41,8554,13267,59747,564069645,0,0,0
v2207,20220218,20220218,112541000,11:25:41,8554,13271,59749,564240725,4,2,171080
v2207,20220218,20220218,112541500,11:25:41,8554,13271,59749,564240725,0,0,0
v2207,20220218,20220218,112542000,11:25:42,8554,13271,59749,564240725,0,0,0
v2207,20220218,20220218,112542500,11:25:43,8554,13271,59749,564240725,0,0,0
v2207,20220218,20220218,112543000,11:25:43,8554,13271,59749,564240725,0,0,0
v2207,20220218,20220218,112543500,11:25:43,8554,13271,59749,564240725,0,0,0
v2207,20220218,20220218,112544000,11:25:44,8554,13271,59749,564240725,0,0,0
v2207,20220218,20220218,112544500,11:25:44,8554,13271,59749,564240725,0,0,0
v2207,20220218,20220218,112545000,11:25:45,8554,13271,59749,564240725,0,0,0
v2207,20220218,20220218,112545500,11:25:46,8554,13271,59749,564240725,0,0,0
v2207,20220218,20220218,112546000,11:25:47,8554,13271,59749,564240725,0,0,0
v2207,20220218,20220218,112546500,11:25:47,8554,13271,59749,564240725,0,0,0
v2207,20220218,20220218,112547000,11:25:48,8554,13271,59749,564240725,0,0,0
v2207,20220218,20220218,112547500,11:25:48,8554,13271,59749,564240725,0,0,0
v2207,20220218,20220218,112548000,11:25:48,8554,13271,59749,564240725,0,0,0
v2207,20220218,20220218,112548500,11:25:48,8554,13271,59749,564240725,0,0,0
v2207,20220218,20220218,112549000,11:25:49,8554,13271,59749,564240725,0,0,0
v2207,20220218,20220218,112549500,11:25:49,8554,13271,59749,564240725,0,0,0
v2207,20220218,20220218,112550000,11:25:50,8554,13271,59749,564240725,0,0,0
v2207,20220218,20220218,112550500,11:25:51,8554,13271,59749,564240725,0,0,0
v2207,20220218,20220218,112551000,11:25:51,8554,13271,59749,564240725,0,0,0
v2207,20220218,20220218,112551500,11:25:51,8554,13271,59749,564240725,0,0,0
v2207,20220218,20220218,112552000,11:25:52,8554,13271,59749,564240725,0,0,0
v2207,20220218,20220218,112552500,11:25:53,8554,13271,59749,564240725,0,0,0
v2207,20220218,20220218,112553000,11:25:53,8554,13271,59749,564240725,0,0,0
v2207,20220218,20220218,112553500,11:25:54,8554,13271,59749,564240725,0,0,0
v2207,20220218,20220218,112554000,11:25:54,8554,13271,59749,564240725,0,0,0
v2207,20220218,20220218,112554500,11:25:55,8554,13271,59749,564240725,0,0,0
v2207,20220218,20220218,112555000,11:25:55,8554,13271,59749,564240725,0,0,0
v2207,20220218,20220218,112555500,11:25:57,8554,13271,59749,564240725,0,0,0
v2207,20220218,20220218,112556000,11:25:57,8554,13271,59749,564240725,0,0,0
v2207,20220218,20220218,112556500,11:25:57,8554,13271,59749,564240725,0,0,0
v2207,20220218,20220218,112557000,11:25:57,8554,13271,59749,564240725,0,0,0
v2207,20220218,20220218,112557500,11:25:57,8554,13271,59749,564240725,0,0,0
v2207,20220218,20220218,112558000,11:25:59,8554,13271,59749,564240725,0,0,0
v2207,20220218,20220218,112558500,11:25:59,8554,13271,59749,564240725,0,0,0
v2207,20220218,20220218,112559000,11:26:00,8554,13271,59749,564240725,0,0,0
v2207,20220218,20220218,112559500,11:26:00,8554,13271,59749,564240725,0,0,0
v2207,20220218,20220218,112600000,11:26:00,8554,13271,59749,564240725,0,0,0
v2207,20220218,20220218,112600500,11:26:01,8554,13271,59749,564240725,0,0,0
v2207,20220218,20220218,112601000,11:26:01,8554,13271,59749,564240725,0,0,0
v2207,20220218,20220218,112601500,11:26:03,8554,13271,59749,564240725,0,0,0
v2207,20220218,20220218,112602000,11:26:03,8554,13271,59749,564240725,0,0,0
v2207,20220218,20220218,112602500,11:26:03,8554,13271,59749,564240725,0,0,0
v2207,20220218,20220218,112603000,11:26:03,8554,13271,59749,564240725,0,0,0
v2207,20220218,20220218,112603500,11:26:04,8554,13271,59749,564240725,0,0,0
v2207,20220218,20220218,112604000,11:26:05,8554,13271,59749,564240725,0,0,0
v2207,20220218,20220218,112604500,11:26:05,8554,13271,59749,564240725,0,0,0
v2207,20220218,20220218,112605000,11:26:05,8554,13271,59749,564240725,0,0,0
v2207,20220218,20220218,112605500,11:26:06,8554,13271,59749,564240725,0,0,0
v2207,20220218,20220218,112606000,11:26:06,8554,13271,59749,564240725,0,0,0
v2207,20220218,20220218,112606500,11:26:07,8554,13271,59749,564240725,0,0,0
v2207,20220218,20220218,112607000,11:26:09,8554,13271,59749,564240725,0,0,0
v2207,20220218,20220218,112607500,11:26:09,8554,13271,59749,564240725,0,0,0
v2207,20220218,20220218,112609000,11:26:10,8554,13271,59749,564240725,0,0,0
v2207,20220218,20220218,112609500,11:26:10,8554,13271,59749,564240725,0,0,0
v2207,20220218,20220218,112610000,11:26:10,8554,13271,59749,564240725,0,0,0
v2207,20220218,20220218,112610500,11:26:11,8554,13271,59749,564240725,0,0,0
v2207,20220218,20220218,112611000,11:26:11,8554,13271,59749,564240725,0,0,0
v2207,20220218,20220218,112611500,11:26:13,8554,13271,59749,564240725,0,0,0
v2207,20220218,20220218,112612000,11:26:14,8554,13271,59749,564240725,0,0,0
v2207,20220218,20220218,112612500,11:26:15,8554,13271,59749,564240725,0,0,0
v2207,20220218,20220218,112613000,11:26:15,8554,13271,59749,564240725,0,0,0
v2207,20220218,20220218,112613500,11:26:15,8554,13271,59749,564240725,0,0,0
v2207,20220218,20220218,112614000,11:26:15,8554,13271,59749,564240725,0,0,0
v2207,20220218,20220218,112614500,11:26:16,8554,13271,59749,564240725,0,0,0
v2207,20220218,20220218,112615000,11:26:16,8554,13271,59749,564240725,0,0,0
v2207,20220218,20220218,112615500,11:26:16,8554,13271,59749,564240725,0,0,0
v2207,20220218,20220218,112616000,11:26:16,8554,13271,59749,564240725,0,0,0
v2207,20220218,20220218,112616500,11:26:17,8554,13271,59749,564240725,0,0,0
v2207,20220218,20220218,112617000,11:26:17,8554,13271,59749,564240725,0,0,0
v2207,20220218,20220218,112617500,11:26:17,8554,13271,59749,564240725,0,0,0
v2207,20220218,20220218,112618000,11:26:18,8554,13271,59749,564240725,0,0,0
v2207,20220218,20220218,112618500,11:26:19,8554,13271,59749,564240725,0,0,0
v2207,20220218,20220218,112619000,11:26:19,8554,13271,59749,564240725,0,0,0
v2207,20220218,20220218,112619500,11:26:20,8554,13271,59749,564240725,0,0,0
v2207,20220218,20220218,112620000,11:26:20,8554,13271,59749,564240725,0,0,0
v2207,20220218,20220218,112620500,11:26:20,8554,13271,59749,564240725,0,0,0
v2207,20220218,20220218,112621000,11:26:21,8554,13271,59749,564240725,0,0,0
v2207,20220218,20220218,112621500,11:26:21,8554,13271,59749,564240725,0,0,0
v2207,20220218,20220218,112622000,11:26:22,8554,13271,59749,564240725,0,0,0
v2207,20220218,20220218,112622500,11:26:23,8554,13271,59749,564240725,0,0,0
v2207,20220218,20220218,112623000,11:26:23,8554,13271,59749,564240725,0,0,0
v2207,20220218,20220218,112623500,11:26:23,8554,13271,59749,564240725,0,0,0
v2207,20220218,20220218,112624000,11:26:24,8554,13271,59749,564240725,0,0,0
v2207,20220218,20220218,112624500,11:26:24,8554,13271,59749,564240725,0,0,0
v2207,20220218,20220218,112625000,11:26:25,8554,13271,59749,564240725,0,0,0
v2207,20220218,20220218,112625500,11:26:26,8554,13271,59749,564240725,0,0,0
v2207,20220218,20220218,112626000,11:26:26,8554,13271,59749,564240725,0,0,0
v2207,20220218,20220218,112626500,11:26:27,8554,13271,59749,564240725,0,0,0
v2207,20220218,20220218,112627000,11:26:27,8554,13271,59749,564240725,0,0,0
v2207,20220218,20220218,112627500,11:26:27,8554,13271,59749,564240725,0,0,0
v2207,20220218,20220218,112628000,11:26:28,8554,13271,59749,564240725,0,0,0
v2207,20220218,20220218,112628500,11:26:28,8554,13271,59749,564240725,0,0,0
v2207,20220218,20220218,112629000,11:26:30,8554,13271,59749,564240725,0,0,0
v2207,20220218,20220218,112629500,11:26:31,8554,13271,59749,564240725,0,0,0
v2207,20220218,20220218,112630000,11:26:31,8554,13271,59749,564240725,0,0,0
v2207,20220218,20220218,112630500,11:26:31,8554,13271,59749,564240725,0,0,0
v2207,20220218,20220218,112631000,11:26:31,8554,13271,59749,564240725,0,0,0
v2207,20220218,20220218,112631500,11:26:32,8554,13271,59749,564240725,0,0,0
v2207,20220218,20220218,112632000,11:26:32,8554,13271,59749,564240725,0,0,0
v2207,20220218,20220218,112632500,11:26:32,8554,13271,59749,564240725,0,0,0
v2207,20220218,20220218,112635000,11:26:37,8554,13271,59749,564240725,0,0,0
v2207,20220218,20220218,112635500,11:26:38,8554,13271,59749,564240725,0,0,0
v2207,20220218,20220218,112637000,11:26:54,8554,13271,59749,564240725,0,0,0
v2207,20220218,20220218,112637500,11:27:10,8554,13271,59749,564240725,0,0,0
v2207,20220218,20220218,112638000,11:27:10,8554,13271,59749,564240725,0,0,0
v2207,20220218,20220218,112653500,11:27:12,8554,13271,59749,564240725,0,0,0
v2207,20220218,20220218,112710000,11:27:12,8554,13271,59749,564240725,0,0,0
v2207,20220218,20220218,112710500,11:27:12,8554,13271,59749,564240725,0,0,0
v2207,20220218,20220218,112712000,11:27:13,8554,13271,59749,564240725,0,0,0
v2207,20220218,20220218,112712500,11:27:13,8554,13271,59749,564240725,0,0,0
v2207,20220218,20220218,112713000,11:27:14,8554,13271,59749,564240725,0,0,0
v2207,20220218,20220218,112713500,11:27:14,8554,13271,59749,564240725,0,0,0
v2207,20220218,20220218,112716000,11:27:17,8554,13271,59749,564240725,0,0,0
v2207,20220218,20220218,112716500,11:27:17,8554,13271,59749,564240725,0,0,0
v2207,20220218,20220218,112717000,11:27:17,8554,13271,59749,564240725,0,0,0
v2207,20220218,20220218,112717500,11:27:17,8554,13271,59749,564240725,0,0,0
v2207,20220218,20220218,112718000,11:27:18,8554,13271,59749,564240725,0,0,0
v2207,20220218,20220218,112718500,11:27:19,8554,13271,59749,564240725,0,0,0
v2207,20220218,20220218,112719000,11:27:19,8554,13271,59749,564240725,0,0,0
v2207,20220218,20220218,112719500,11:27:20,8554,13271,59749,564240725,0,0,0
v2207,20220218,20220218,112720000,11:27:20,8554,13271,59749,564240725,0,0,0
v2207,20220218,20220218,112720500,11:27:21,8554,13271,59749,564240725,0,0,0
v2207,20220218,20220218,112721000,11:27:21,8554,13271,59749,564240725,0,0,0
v2207,20220218,20220218,112721500,11:27:22,8554,13271,59749,564240725,0,0,0
v2207,20220218,20220218,112722000,11:27:22,8554,13271,59749,564240725,0,0,0
v2207,20220218,20220218,112722500,11:27:23,8554,13271,59749,564240725,0,0,0
v2207,20220218,20220218,112723000,11:27:26,8554,13271,59749,564240725,0,0,0
v2207,20220218,20220218,112723500,11:27:27,8554,13271,59749,564240725,0,0,0
v2207,20220218,20220218,112724000,11:27:27,8554,13271,59749,564240725,0,0,0
v2207,20220218,20220218,112726500,11:27:27,8554,13271,59749,564240725,0,0,0
v2207,20220218,20220218,112727000,11:27:27,8554,13271,59749,564240725,0,0,0
v2207,20220218,20220218,112727500,11:27:27,8554,13271,59749,564240725,0,0,0
v2207,20220218,20220218,112728000,11:27:28,8554,13271,59749,564240725,0,0,0
v2207,20220218,20220218,112728500,11:27:28,8554,13271,59749,564240725,0,0,0
v2207,20220218,20220218,112729000,11:27:29,8554,13271,59749,564240725,0,0,0
v2207,20220218,20220218,112729500,11:27:30,8554,13271,59749,564240725,0,0,0
v2207,20220218,20220218,112730000,11:27:30,8554,13271,59749,564240725,0,0,0
v2207,20220218,20220218,112730500,11:27:31,8554,13271,59749,564240725,0,0,0
v2207,20220218,20220218,112731000,11:27:33,8554,13271,59749,564240725,0,0,0
v2207,20220218,20220218,112731500,11:27:35,8554,13271,59749,564240725,0,0,0
v2207,20220218,20220218,112732500,11:27:36,8554,13271,59749,564240725,0,0,0
v2207,20220218,20220218,112735500,11:27:36,8554,13271,59749,564240725,0,0,0
v2207,20220218,20220218,112736000,11:27:37,8554,13271,59749,564240725,0,0,0
v2207,20220218,20220218,112736500,11:27:38,8554,13271,59749,564240725,0,0,0
v2207,20220218,20220218,112737000,11:27:38,8554,13271,59749,564240725,0,0,0
v2207,20220218,20220218,112737500,11:27:38,8554,13271,59749,564240725,0,0,0
v2207,20220218,20220218,112738000,11:27:39,8554,13271,59749,564240725,0,0,0
v2207,20220218,20220218,112738500,11:27:39,8554,13271,59749,564240725,0,0,0
v2207,20220218,20220218,112739000,11:27:39,8554,13271,59749,564240725,0,0,0
v2207,20220218,20220218,112739500,11:27:39,8554,13271,59749,564240725,0,0,0
v2207,20220218,20220218,112740000,11:27:40,8554,13271,59749,564240725,0,0,0
v2207,20220218,20220218,112740500,11:27:40,8554,13271,59749,564240725,0,0,0
v2207,20220218,20220218,112741500,11:27:42,8554,13271,59749,564240725,0,0,0
v2207,20220218,20220218,112742000,11:27:42,8554,13271,59749,564240725,0,0,0
v2207,20220218,20220218,112742500,11:27:43,8554,13271,59749,564240725,0,0,0
v2207,20220218,20220218,112743000,11:27:43,8554,13271,59749,564240725,0,0,0
v2207,20220218,20220218,112743500,11:27:44,8554,13271,59749,564240725,0,0,0
v2207,20220218,20220218,112744000,11:27:44,8554,13271,59749,564240725,0,0,0
v2207,20220218,20220218,112744500,11:27:45,8554,13271,59749,564240725,0,0,0
v2207,20220218,20220218,112745000,11:27:46,8554,13271,59749,564240725,0,0,0
v2207,20220218,20220218,112745500,11:27:46,8554,13271,59749,564240725,0,0,0
v2207,20220218,20220218,112746000,11:27:46,8554,13271,59749,564240725,0,0,0
v2207,20220218,20220218,112747000,11:27:47,8554,13271,59749,564240725,0,0,0
v2207,20220218,20220218,112747500,11:27:48,8554,13271,59749,564240725,0,0,0
v2207,20220218,20220218,112748000,11:27:53,8554,13271,59749,564240725,0,0,0
v2207,20220218,20220218,112748500,11:27:54,8554,13271,59749,564240725,0,0,0
v2207,20220218,20220218,112749000,11:27:54,8554,13271,59749,564240725,0,0,0
v2207,20220218,20220218,112749500,11:27:54,8554,13271,59749,564240725,0,0,0
v2207,20220218,20220218,112754000,11:27:54,8554,13271,59749,564240725,0,0,0
v2207,20220218,20220218,112754500,11:27:55,8554,13271,59749,564240725,0,0,0
v2207,20220218,20220218,112755000,11:27:55,8554,13271,59749,564240725,0,0,0
v2207,20220218,20220218,112755500,11:27:55,8554,13271,59749,564240725,0,0,0
v2207,20220218,20220218,112756000,11:27:56,8554,13271,59749,564240725,0,0,0
v2207,20220218,20220218,112756500,11:27:56,8554,13271,59749,564240725,0,0,0
v2207,20220218,20220218,112757000,11:27:57,8554,13271,59749,564240725,0,0,0
v2207,20220218,20220218,112757500,11:27:57,8554,13271,59749,564240725,0,0,0
v2207,20220218,20220218,112758000,11:27:58,8554,13271,59749,564240725,0,0,0
v2207,20220218,20220218,112758500,11:27:59,8554,13271,59749,564240725,0,0,0
v2207,20220218,20220218,112759000,11:27:59,8554,13271,59749,564240725,0,0,0
v2207,20220218,20220218,112759500,11:27:59,8554,13271,59749,564240725,0,0,0
v2207,20220218,20220218,112800000,11:28:01,8554,13271,59749,564240725,0,0,0
v2207,20220218,20220218,112800500,11:28:01,8554,13271,59749,564240725,0,0,0
v2207,20220218,20220218,112801000,11:28:01,8554,13271,59749,564240725,0,0,0
v2207,20220218,20220218,112801500,11:28:02,8554,13271,59749,564240725,0,0,0
v2207,20220218,20220218,112802500,11:28:03,8554,13271,59749,564240725,0,0,0
v2207,20220218,20220218,112803000,11:28:04,8554,13271,59749,564240725,0,0,0
v2207,20220218,20220218,112803500,11:28:04,8554,13271,59749,564240725,0,0,0
v2207,20220218,20220218,112804000,11:28:04,8554,13271,59749,564240725,0,0,0
v2207,20220218,20220218,112804500,11:28:06,8554,13271,59749,564240725,0,0,0
v2207,20220218,20220218,112805000,11:28:06,8554,13271,59749,564240725,0,0,0
v2207,20220218,20220218,112805500,11:28:06,8554,13271,59749,564240725,0,0,0
v2207,20220218,20220218,112806000,11:28:10,8554,13271,59749,564240725,0,0,0
v2207,20220218,20220218,112806500,11:28:10,8554,13271,59749,564240725,0,0,0
v2207,20220218,20220218,112807000,11:28:10,8554,13271,59749,564240725,0,0,0
v2207,20220218,20220218,112810000,11:28:11,8554,13271,59749,564240725,0,0,0
v2207,20220218,20220218,112810500,11:28:12,8554,13271,59749,564240725,0,0,0
v2207,20220218,20220218,112811000,11:28:12,8554,13271,59749,564240725,0,0,0
v2207,20220218,20220218,112811500,11:28:12,8554,13271,59749,564240725,0,0,0
v2207,20220218,20220218,112812000,11:28:13,8554,13271,59749,564240725,0,0,0
v2207,20220218,20220218,112812500,11:28:13,8554,13271,59749,564240725,0,0,0
v2207,20220218,20220218,112813000,11:28:13,8554,13271,59749,564240725,0,0,0
v2207,20220218,20220218,112813500,11:28:14,8554,13271,59749,564240725,0,0,0
v2207,20220218,20220218,112814000,11:28:14,8554,13271,59749,564240725,0,0,0
v2207,20220218,20220218,112814500,11:28:14,8554,13271,59749,564240725,0,0,0
v2207,20220218,20220218,112815000,11:28:15,8554,13271,59749,564240725,0,0,0
v2207,20220218,20220218,112815500,11:28:15,8554,13271,59749,564240725,0,0,0
v2207,20220218,20220218,112816000,11:28:16,8554,13271,59749,564240725,0,0,0
v2207,20220218,20220218,112816500,11:28:16,8554,13271,59749,564240725,0,0,0
v2207,20220218,20220218,112817000,11:28:17,8554,13271,59749,564240725,0,0,0
v2207,20220218,20220218,112817500,11:28:17,8554,13271,59749,564240725,0,0,0
v2207,20220218,20220218,112818000,11:28:18,8554,13271,59749,564240725,0,0,0
v2207,20220218,20220218,112818500,11:28:18,8554,13271,59749,564240725,0,0,0
v2207,20220218,20220218,112819000,11:28:19,8554,13271,59749,564240725,0,0,0
v2207,20220218,20220218,112819500,11:28:20,8554,13271,59749,564240725,0,0,0
v2207,20220218,20220218,112820000,11:28:20,8554,13271,59749,564240725,0,0,0
v2207,20220218,20220218,112820500,11:28:20,8554,13271,59749,564240725,0,0,0
v2207,20220218,20220218,112821000,11:28:21,8554,13271,59749,564240725,0,0,0
v2207,20220218,20220218,112821500,11:28:22,8554,13271,59749,564240725,0,0,0
v2207,20220218,20220218,112822000,11:28:22,8554,13271,59749,564240725,0,0,0
v2207,20220218,20220218,112822500,11:28:22,8554,13271,59749,564240725,0,0,0
v2207,20220218,20220218,112823000,11:28:23,8554,13271,59749,564240725,0,0,0
v2207,20220218,20220218,112823500,11:28:24,8554,13271,59749,564240725,0,0,0
v2207,20220218,20220218,112824000,11:28:24,8554,13271,59749,564240725,0,0,0
v2207,20220218,20220218,112824500,11:28:25,8554,13271,59749,564240725,0,0,0
v2207,20220218,20220218,112825000,11:28:25,8554,13271,59749,564240725,0,0,0
v2207,20220218,20220218,112825500,11:28:25,8554,13271,59749,564240725,0,0,0
v2207,20220218,20220218,112826000,11:28:26,8554,13271,59749,564240725,0,0,0
v2207,20220218,20220218,112826500,11:28:27,8554,13271,59749,564240725,0,0,0
v2207,20220218,20220218,112827000,11:28:27,8554,13271,59749,564240725,0,0,0
v2207,20220218,20220218,112827500,11:28:27,8554,13271,59749,564240725,0,0,0
v2207,20220218,20220218,112828000,11:28:28,8554,13271,59749,564240725,0,0,0
v2207,20220218,20220218,112828500,11:28:28,8554,13271,59749,564240725,0,0,0
v2207,20220218,20220218,112829000,11:28:29,8554,13271,59749,564240725,0,0,0
v2207,20220218,20220218,112829500,11:28:30,8554,13271,59749,564240725,0,0,0
v2207,20220218,20220218,112830000,11:28:30,8554,13271,59749,564240725,0,0,0
v2207,20220218,20220218,112830500,11:28:31,8554,13271,59749,564240725,0,0,0
v2207,20220218,20220218,112831000,11:28:31,8554,13271,59749,564240725,0,0,0
v2207,20220218,20220218,112831500,11:28:32,8554,13271,59749,564240725,0,0,0
v2207,20220218,20220218,112832000,11:28:33,8555,13278,59749,564540135,7,0,299410
v2207,20220218,20220218,112832500,11:28:33,8555,13278,59749,564540135,0,0,0
v2207,20220218,20220218,112833000,11:28:33,8555,13278,59749,564540135,0,0,0
v2207,20220218,20220218,112834000,11:28:34,8555,13278,59749,564540135,0,0,0
v2207,20220218,20220218,112836500,11:28:37,8555,13278,59749,564540135,0,0,0
v2207,20220218,20220218,112837000,11:28:37,8555,13278,59749,564540135,0,0,0
v2207,20220218,20220218,112838500,11:28:38,8555,13278,59749,564540135,0,0,0
v2207,20220218,20220218,112839000,11:28:40,8554,13279,59749,564582905,1,0,42770
v2207,20220218,20220218,112839500,11:28:40,8554,13279,59749,564582905,0,0,0
v2207,20220218,20220218,112840000,11:28:40,8554,13279,59749,564582905,0,0,0
v2207,20220218,20220218,112840500,11:28:40,8554,13279,59749,564582905,0,0,0
v2207,20220218,20220218,112841000,11:28:41,8554,13279,59749,564582905,0,0,0
v2207,20220218,20220218,112841500,11:28:41,8554,13279,59749,564582905,0,0,0
v2207,20220218,20220218,112842500,11:28:43,8554,13279,59749,564582905,0,0,0
v2207,20220218,20220218,112843000,11:28:43,8554,13279,59749,564582905,0,0,0
v2207,20220218,20220218,112843500,11:28:44,8554,13279,59749,564582905,0,0,0
v2207,20220218,20220218,112844000,11:28:44,8554,13279,59749,564582905,0,0,0
v2207,20220218,20220218,112844500,11:28:44,8554,13279,59749,564582905,0,0,0
v2207,20220218,20220218,112845000,11:28:45,8554,13279,59749,564582905,0,0,0
v2207,20220218,20220218,112845500,11:28:46,8554,13279,59749,564582905,0,0,0
v2207,20220218,20220218,112846000,11:28:46,8554,13279,59749,564582905,0,0,0
v2207,20220218,20220218,112846500,11:28:46,8554,13279,59749,564582905,0,0,0
v2207,20220218,20220218,112847000,11:28:47,8554,13279,59749,564582905,0,0,0
v2207,20220218,20220218,112847500,11:28:48,8554,13279,59749,564582905,0,0,0
v2207,20220218,20220218,112848000,11:28:48,8554,13279,59749,564582905,0,0,0
v2207,20220218,20220218,112848500,11:28:48,8554,13279,59749,564582905,0,0,0
v2207,20220218,20220218,112849000,11:28:49,8554,13279,59749,564582905,0,0,0
v2207,20220218,20220218,112849500,11:28:50,8554,13279,59749,564582905,0,0,0
v2207,20220218,20220218,112850000,11:28:50,8554,13279,59749,564582905,0,0,0
v2207,20220218,20220218,112850500,11:28:51,8554,13279,59749,564582905,0,0,0
v2207,20220218,20220218,112851000,11:28:51,8554,13279,59749,564582905,0,0,0
v2207,20220218,20220218,112851500,11:28:52,8554,13279,59749,564582905,0,0,0
v2207,20220218,20220218,112853500,11:28:54,8554,13279,59749,564582905,0,0,0
v2207,20220218,20220218,112855500,11:28:56,8554,13279,59749,564582905,0,0,0
v2207,20220218,20220218,112856000,11:28:56,8554,13279,59749,564582905,0,0,0
v2207,20220218,20220218,112856500,11:28:56,8554,13279,59749,564582905,0,0,0
v2207,20220218,20220218,112857000,11:28:57,8554,13279,59749,564582905,0,0,0
v2207,20220218,20220218,112857500,11:28:58,8554,13279,59749,564582905,0,0,0
v2207,20220218,20220218,112858000,11:28:58,8554,13279,59749,564582905,0,0,0
v2207,20220218,20220218,112858500,11:28:59,8554,13279,59749,564582905,0,0,0
v2207,20220218,20220218,112859000,11:28:59,8554,13279,59749,564582905,0,0,0
v2207,20220218,20220218,112859500,11:29:00,8554,13279,59749,564582905,0,0,0
v2207,20220218,20220218,112900500,11:29:01,8554,13279,59749,564582905,0,0,0
v2207,20220218,20220218,112901500,11:29:02,8554,13279,59749,564582905,0,0,0
v2207,20220218,20220218,112902000,11:29:02,8554,13279,59749,564582905,0,0,0
v2207,20220218,20220218,112902500,11:29:03,8554,13279,59749,564582905,0,0,0
v2207,20220218,20220218,112903000,11:29:03,8554,13279,59749,564582905,0,0,0
v2207,20220218,20220218,112903500,11:29:04,8554,13279,59749,564582905,0,0,0
v2207,20220218,20220218,112904000,11:29:04,8554,13279,59749,564582905,0,0,0
v2207,20220218,20220218,112904500,11:29:04,8554,13279,59749,564582905,0,0,0
v2207,20220218,20220218,112905000,11:29:05,8554,13279,59749,564582905,0,0,0
v2207,20220218,20220218,112905500,11:29:06,8554,13279,59749,564582905,0,0,0
v2207,20220218,20220218,112906000,11:29:06,8554,13279,59749,564582905,0,0,0
v2207,20220218,20220218,112906500,11:29:06,8554,13279,59749,564582905,0,0,0
v2207,20220218,20220218,112907000,11:29:08,8554,13279,59749,564582905,0,0,0
v2207,20220218,20220218,112907500,11:29:08,8554,13279,59749,564582905,0,0,0
v2207,20220218,20220218,112908000,11:29:08,8554,13279,59749,564582905,0,0,0
v2207,20220218,20220218,112908500,11:29:08,8554,13279,59749,564582905,0,0,0
v2207,20220218,20220218,112909000,11:29:09,8554,13279,59749,564582905,0,0,0
v2207,20220218,20220218,112909500,11:29:09,8554,13279,59749,564582905,0,0,0
v2207,20220218,20220218,112910000,11:29:10,8554,13279,59749,564582905,0,0,0
v2207,20220218,20220218,112910500,11:29:11,8554,13279,59749,564582905,0,0,0
v2207,20220218,20220218,112911000,11:29:11,8554,13279,59749,564582905,0,0,0
v2207,20220218,20220218,112911500,11:29:12,8554,13279,59749,564582905,0,0,0
v2207,20220218,20220218,112912000,11:29:12,8554,13279,59749,564582905,0,0,0
v2207,20220218,20220218,112912500,11:29:12,8554,13279,59749,564582905,0,0,0
v2207,20220218,20220218,112913000,11:29:13,8554,13279,59749,564582905,0,0,0
v2207,20220218,20220218,112913500,11:29:14,8554,13279,59749,564582905,0,0,0
v2207,20220218,20220218,112914000,11:29:14,8554,13279,59749,564582905,0,0,0
v2207,20220218,20220218,112914500,11:29:15,8554,13279,59749,564582905,0,0,0
v2207,20220218,20220218,112915000,11:29:15,8554,13279,59749,564582905,0,0,0
v2207,20220218,20220218,112915500,11:29:16,8554,13279,59749,564582905,0,0,0
v2207,20220218,20220218,112916000,11:29:16,8554,13279,59749,564582905,0,0,0
v2207,20220218,20220218,112916500,11:29:20,8554,13279,59749,564582905,0,0,0
v2207,20220218,20220218,112917000,11:29:20,8554,13279,59749,564582905,0,0,0
v2207,20220218,20220218,112917500,11:29:21,8554,13279,59749,564582905,0,0,0
v2207,20220218,20220218,112918000,11:29:21,8554,13279,59749,564582905,0,0,0
v2207,20220218,20220218,112920500,11:29:22,8554,13279,59749,564582905,0,0,0
v2207,20220218,20220218,112925500,11:29:26,8554,13279,59749,564582905,0,0,0
v2207,20220218,20220218,112926000,11:29:26,8554,13279,59749,564582905,0,0,0
v2207,20220218,20220218,112926500,11:29:26,8554,13279,59749,564582905,0,0,0
v2207,20220218,20220218,112927000,11:29:27,8554,13279,59749,564582905,0,0,0
v2207,20220218,20220218,112927500,11:29:27,8554,13279,59749,564582905,0,0,0
v2207,20220218,20220218,112928000,11:29:28,8554,13279,59749,564582905,0,0,0
v2207,20220218,20220218,112928500,11:29:29,8554,13279,59749,564582905,0,0,0
v2207,20220218,20220218,112929000,11:29:29,8554,13279,59749,564582905,0,0,0
v2207,20220218,20220218,112929500,11:29:30,8554,13279,59749,564582905,0,0,0
v2207,20220218,20220218,112932500,11:29:37,8554,13279,59749,564582905,0,0,0
v2207,20220218,20220218,112936500,11:29:38,8554,13279,59749,564582905,0,0,0
v2207,20220218,20220218,112937500,11:29:38,8554,13279,59749,564582905,0,0,0
v2207,20220218,20220218,112938000,11:29:38,8554,13279,59749,564582905,0,0,0
v2207,20220218,20220218,112938500,11:29:39,8554,13279,59749,564582905,0,0,0
v2207,20220218,20220218,112939000,11:29:39,8554,13279,59749,564582905,0,0,0
v2207,20220218,20220218,112939500,11:29:40,8554,13279,59749,564582905,0,0,0
v2207,20220218,20220218,112940000,11:29:40,8554,13279,59749,564582905,0,0,0
v2207,20220218,20220218,112940500,11:29:40,8554,13279,59749,564582905,0,0,0
v2207,20220218,20220218,112941000,11:29:41,8554,13279,59749,564582905,0,0,0
v2207,20220218,20220218,112941500,11:29:42,8553,13285,59753,564839495,6,4,256590
v2207,20220218,20220218,112942000,11:29:44,8553,13287,59751,564925025,2,-2,85530
v2207,20220218,20220218,112942500,11:29:44,8557,13288,59750,564967810,1,-1,42785
v2207,20220218,20220218,112943500,11:29:45,8557,13288,59750,564967810,0,0,0
v2207,20220218,20220218,112944500,11:29:46,8557,13288,59750,564967810,0,0,0
v2207,20220218,20220218,112945000,11:29:46,8557,13288,59750,564967810,0,0,0
v2207,20220218,20220218,112945500,11:29:46,8557,13288,59750,564967810,0,0,0
v2207,20220218,20220218,112946000,11:29:47,8557,13288,59750,564967810,0,0,0
v2207,20220218,20220218,112946500,11:29:47,8557,13288,59750,564967810,0,0,0
v2207,20220218,20220218,112947000,11:29:47,8557,13288,59750,564967810,0,0,0
v2207,20220218,20220218,112947500,11:29:48,8557,13288,59750,564967810,0,0,0
v2207,20220218,20220218,112948000,11:29:49,8557,13288,59750,564967810,0,0,0
v2207,20220218,20220218,112948500,11:29:50,8557,13288,59750,564967810,0,0,0
v2207,20220218,20220218,112949000,11:29:50,8557,13288,59750,564967810,0,0,0
v2207,20220218,20220218,112949500,11:29:50,8557,13288,59750,564967810,0,0,0
v2207,20220218,20220218,112950000,11:29:51,8557,13288,59750,564967810,0,0,0
v2207,20220218,20220218,112950500,11:29:52,8557,13288,59750,564967810,0,0,0
v2207,20220218,20220218,112951500,11:29:52,8554,13291,59749,565096170,3,-1,128360
v2207,20220218,20220218,112952000,11:29:53,8554,13291,59749,565096170,0,0,0
v2207,20220218,20220218,112952500,11:29:53,8554,13292,59750,565138940,1,1,42770
v2207,20220218,20220218,112953000,11:29:54,8554,13297,59750,565352790,5,0,213850
v2207,20220218,20220218,112953500,11:29:54,8554,13297,59750,565352790,0,0,0
v2207,20220218,20220218,112958000,11:30:03,8554,13297,59750,565352790,0,0,0
v2207,20220218,20220218,113001000,11:30:03,8554,13297,59750,565352790,0,0,0
v2207,20220218,20220218,133001500,13:30:02,8554,13297,59750,565352790,0,0,0
v2207,20220218,20220218,133002000,13:30:08,8559,13299,59752,565438380,2,2,85590
v2207,20220218,20220218,133002500,13:30:10,8559,13299,59752,565438380,0,0,0
v2207,20220218,20220218,133008000,13:30:10,8559,13299,59752,565438380,0,0,0
v2207,20220218,20220218,133009000,13:30:11,8559,13299,59752,565438380,0,0,0
v2207,20220218,20220218,133010000,13:30:11,8559,13299,59752,565438380,0,0,0
v2207,20220218,20220218,133010500,13:30:12,8559,13299,59752,565438380,0,0,0
v2207,20220218,20220218,133011000,13:30:13,8559,13299,59752,565438380,0,0,0
v2207,20220218,20220218,133012500,13:30:13,8559,13299,59752,565438380,0,0,0
v2207,20220218,20220218,133013000,13:30:14,8559,13299,59752,565438380,0,0,0
v2207,20220218,20220218,133013500,13:30:14,8559,13299,59752,565438380,0,0,0
v2207,20220218,20220218,133014500,13:30:17,8559,13299,59752,565438380,0,0,0
v2207,20220218,20220218,133016500,13:30:18,8559,13299,59752,565438380,0,0,0
v2207,20220218,20220218,133017000,13:30:18,8559,13299,59752,565438380,0,0,0
v2207,20220218,20220218,133017500,13:30:19,8559,13299,59752,565438380,0,0,0
v2207,20220218,20220218,133018000,13:30:19,8559,13299,59752,565438380,0,0,0
v2207,20220218,20220218,133018500,13:30:20,8559,13299,59752,565438380,0,0,0
v2207,20220218,20220218,133019500,13:30:21,8559,13299,59752,565438380,0,0,0
v2207,20220218,20220218,133020000,13:30:21,8566,13309,59751,565866605,10,-1,428225
v2207,20220218,20220218,133020500,13:30:21,8566,13309,59751,565866605,0,0,0
v2207,20220218,20220218,133022500,13:30:38,8566,13309,59751,565866605,0,0,0
v2207,20220218,20220218,133023000,13:30:39,8569,13311,59751,565952295,2,0,85690
v2207,20220218,20220218,133037500,13:30:41,8569,13311,59751,565952295,0,0,0
v2207,20220218,20220218,133040500,13:30:43,8574,13318,59750,566252400,7,-1,300105
v2207,20220218,20220218,133044000,13:30:46,8574,13318,59750,566252400,0,0,0
v2207,20220218,20220218,133044500,13:30:46,8574,13318,59750,566252400,0,0,0
v2207,20220218,20220218,133045000,13:30:46,8574,13318,59750,566252400,0,0,0
v2207,20220218,20220218,133045500,13:30:46,8574,13318,59750,566252400,0,0,0
v2207,20220218,20220218,133046000,13:30:47,8574,13318,59750,566252400,0,0,0
v2207,20220218,20220218,133046500,13:30:47,8574,13318,59750,566252400,0,0,0
v2207,20220218,20220218,133047000,13:30:48,8574,13318,59750,566252400,0,0,0
v2207,20220218,20220218,133047500,13:30:48,8574,13318,59750,566252400,0,0,0
v2207,20220218,20220218,133048000,13:30:48,8574,13318,59750,566252400,0,0,0
v2207,20220218,20220218,133049000,13:30:50,8574,13318,59750,566252400,0,0,0
v2207,20220218,20220218,133049500,13:30:50,8574,13318,59750,566252400,0,0,0
v2207,20220218,20220218,133051000,13:30:52,8574,13318,59750,566252400,0,0,0
v2207,20220218,20220218,133051500,13:30:52,8577,13319,59749,566295285,1,-1,42885
v2207,20220218,20220218,133052000,13:30:53,8577,13319,59749,566295285,0,0,0
v2207,20220218,20220218,133052500,13:30:54,8577,13319,59749,566295285,0,0,0
v2207,20220218,20220218,133054000,13:30:55,8577,13319,59749,566295285,0,0,0
v2207,20220218,20220218,133054500,13:30:55,8577,13319,59749,566295285,0,0,0
v2207,20220218,20220218,133055000,13:30:56,8577,13319,59749,566295285,0,0,0
v2207,20220218,20220218,133055500,13:30:56,8577,13319,59749,566295285,0,0,0
v2207,20220218,20220218,133056000,13:30:57,8577,13319,59749,566295285,0,0,0
v2207,20220218,20220218,133101000,13:31:01,8577,13319,59749,566295285,0,0,0
v2207,20220218,20220218,133101500,13:31:01,8577,13326,59750,566595480,7,1,300195
v2207,20220218,20220218,133102000,13:31:02,8577,13329,59748,566724135,3,-2,128655
v2207,20220218,20220218,133102500,13:31:03,8577,13329,59748,566724135,0,0,0
v2207,20220218,20220218,133103000,13:31:03,8577,13329,59748,566724135,0,0,0
v2207,20220218,20220218,133103500,13:31:05,8577,13329,59748,566724135,0,0,0
v2207,20220218,20220218,133104000,13:31:06,8577,13329,59748,566724135,0,0,0
v2207,20220218,20220218,133105500,13:31:08,8577,13329,59748,566724135,0,0,0
v2207,20220218,20220218,133107000,13:31:09,8577,13329,59748,566724135,0,0,0
v2207,20220218,20220218,133107500,13:31:09,8577,13329,59748,566724135,0,0,0
v2207,20220218,20220218,133108500,13:31:09,8577,13329,59748,566724135,0,0,0
v2207,20220218,20220218,133109000,13:31:10,8579,13330,59748,566767030,1,0,42895
v2207,20220218,20220218,133109500,13:31:10,8580,13332,59747,566852830,2,-1,85800
v2207,20220218,20220218,133110000,13:31:11,8580,13334,59746,566938630,2,-1,85800
v2207,20220218,20220218,133110500,13:31:11,8580,13334,59746,566938630,0,0,0
v2207,20220218,20220218,133111000,13:31:12,8580,13334,59746,566938630,0,0,0
v2207,20220218,20220218,133111500,13:31:12,8580,13334,59746,566938630,0,0,0
v2207,20220218,20220218,133112000,13:31:13,8580,13334,59746,566938630,0,0,0
v2207,20220218,20220218,133112500,13:31:13,8580,13334,59746,566938630,0,0,0
v2207,20220218,20220218,133113000,13:31:14,8580,13334,59746,566938630,0,0,0
v2207,20220218,20220218,133113500,13:31:15,8580,13334,59746,566938630,0,0,0
v2207,20220218,20220218,133114000,13:31:15,8580,13334,59746,566938630,0,0,0
v2207,20220218,20220218,133114500,13:31:15,8580,13334,59746,566938630,0,0,0
v2207,20220218,20220218,133115500,13:31:16,8580,13334,59746,566938630,0,0,0
v2207,20220218,20220218,133116000,13:31:16,8580,13334,59746,566938630,0,0,0
v2207,20220218,20220218,133116500,13:31:17,8580,13334,59746,566938630,0,0,0
v2207,20220218,20220218,133117000,13:31:18,8580,13334,59746,566938630,0,0,0
v2207,20220218,20220218,133117500,13:31:18,8580,13334,59746,566938630,0,0,0
v2207,20220218,20220218,133118000,13:31:19,8580,13335,59747,566981530,1,1,42900
v2207,20220218,20220218,133118500,13:31:19,8580,13335,59747,566981530,0,0,0
v2207,20220218,20220218,133119000,13:31:20,8580,13335,59747,566981530,0,0,0
v2207,20220218,20220218,133120500,13:31:21,8580,13335,59747,566981530,0,0,0
v2207,20220218,20220218,133121500,13:31:22,8580,13335,59747,566981530,0,0,0
v2207,20220218,20220218,133122000,13:31:23,8580,13335,59747,566981530,0,0,0
v2207,20220218,20220218,133122500,13:31:23,8580,13335,59747,566981530,0,0,0
v2207,20220218,20220218,133123000,13:31:25,8580,13335,59747,566981530,0,0,0
v2207,20220218,20220218,133123500,13:31:25,8580,13335,59747,566981530,0,0,0
v2207,20220218,20220218,133159500,13:32:00,8580,13335,59747,566981530,0,0,0
v2207,20220218,20220218,133201000,13:32:01,8580,13335,59747,566981530,0,0,0
v2207,20220218,20220218,133201500,13:32:01,8580,13335,59747,566981530,0,0,0
v2207,20220218,20220218,133202000,13:32:03,8572,13343,59749,567324560,8,2,343030
v2207,20220218,20220218,133202500,13:32:04,8573,13346,59750,567453150,3,1,128590
v2207,20220218,20220218,133203000,13:32:05,8575,13352,59752,567710380,6,2,257230
v2207,20220218,20220218,133203500,13:32:05,8576,13354,59754,567796140,2,2,85760
v2207,20220218,20220218,133205000,13:32:06,8573,13365,59755,568267735,11,1,471595
v2207,20220218,20220218,133205500,13:32:06,8573,13365,59755,568267735,0,0,0
v2207,20220218,20220218,133206000,13:32:07,8573,13368,59754,568396330,3,-1,128595
v2207,20220218,20220218,133206500,13:32:07,8573,13368,59754,568396330,0,0,0
v2207,20220218,20220218,133207000,13:32:07,8573,13368,59754,568396330,0,0,0
v2207,20220218,20220218,133207500,13:32:07,8573,13368,59754,568396330,0,0,0
v2207,20220218,20220218,133208000,13:32:09,8573,13368,59754,568396330,0,0,0
v2207,20220218,20220218,133208500,13:32:10,8573,13368,59754,568396330,0,0,0
v2207,20220218,20220218,133209500,13:32:10,8573,13368,59754,568396330,0,0,0
v2207,20220218,20220218,133210000,13:32:13,8573,13368,59754,568396330,0,0,0
v2207,20220218,20220218,133210500,13:32:13,8573,13368,59754,568396330,0,0,0
v2207,20220218,20220218,133211000,13:32:14,8573,13368,59754,568396330,0,0,0
v2207,20220218,20220218,133213000,13:32:15,8573,13368,59754,568396330,0,0,0
v2207,20220218,20220218,133214000,13:32:15,8573,13368,59754,568396330,0,0,0
v2207,20220218,20220218,133215000,13:32:16,8573,13368,59754,568396330,0,0,0
v2207,20220218,20220218,133215500,13:32:17,8573,13368,59754,568396330,0,0,0
v2207,20220218,20220218,133216000,13:32:17,8573,13368,59754,568396330,0,0,0
v2207,20220218,20220218,133216500,13:32:17,8573,13368,59754,568396330,0,0,0
v2207,20220218,20220218,133217000,13:32:18,8573,13368,59754,568396330,0,0,0
v2207,20220218,20220218,133217500,13:32:18,8571,13389,59748,569296130,21,-6,899800
v2207,20220218,20220218,133218000,13:32:18,8572,13393,59746,569467570,4,-2,171440
v2207,20220218,20220218,133218500,13:32:19,8570,13401,59749,569810405,8,3,342835
v2207,20220218,20220218,133219000,13:32:20,8570,13401,59749,569810405,0,0,0
v2207,20220218,20220218,133219500,13:32:20,8570,13401,59749,569810405,0,0,0
v2207,20220218,20220218,133220000,13:32:21,8570,13401,59749,569810405,0,0,0
v2207,20220218,20220218,133222000,13:32:23,8571,13402,59749,569853260,1,0,42855
v2207,20220218,20220218,133222500,13:32:24,8571,13402,59749,569853260,0,0,0
v2207,20220218,20220218,133223000,13:32:24,8571,13402,59749,569853260,0,0,0
v2207,20220218,20220218,133223500,13:32:24,8571,13402,59749,569853260,0,0,0
v2207,20220218,20220218,133224000,13:32:24,8571,13402,59749,569853260,0,0,0
v2207,20220218,20220218,133224500,13:32:25,8571,13402,59749,569853260,0,0,0
v2207,20220218,20220218,133225000,13:32:25,8571,13402,59749,569853260,0,0,0
v2207,20220218,20220218,133225500,13:32:26,8571,13402,59749,569853260,0,0,0
v2207,20220218,20220218,133226000,13:32:27,8571,13402,59749,569853260,0,0,0
v2207,20220218,20220218,133226500,13:32:27,8571,13402,59749,569853260,0,0,0
v2207,20220218,20220218,133231000,13:32:35,8571,13402,59749,569853260,0,0,0
v2207,20220218,20220218,133234500,13:32:36,8571,13402,59749,569853260,0,0,0
v2207,20220218,20220218,133235000,13:32:36,8571,13402,59749,569853260,0,0,0
v2207,20220218,20220218,133235500,13:32:36,8569,13404,59749,569938950,2,0,85690
v2207,20220218,20220218,133236000,13:32:37,8569,13404,59749,569938950,0,0,0
v2207,20220218,20220218,133236500,13:32:37,8569,13404,59749,569938950,0,0,0
v2207,20220218,20220218,133237000,13:32:37,8569,13404,59749,569938950,0,0,0
v2207,20220218,20220218,133237500,13:32:38,8569,13404,59749,569938950,0,0,0
v2207,20220218,20220218,133238000,13:32:38,8569,13404,59749,569938950,0,0,0
v2207,20220218,20220218,133238500,13:32:39,8569,13404,59749,569938950,0,0,0
v2207,20220218,20220218,133239000,13:32:39,8569,13404,59749,569938950,0,0,0
v2207,20220218,20220218,133239500,13:32:40,8569,13404,59749,569938950,0,0,0
v2207,20220218,20220218,133240000,13:32:40,8569,13404,59749,569938950,0,0,0
v2207,20220218,20220218,133240500,13:32:41,8569,13404,59749,569938950,0,0,0
v2207,20220218,20220218,133241000,13:32:41,8569,13404,59749,569938950,0,0,0
v2207,20220218,20220218,133241500,13:32:42,8569,13404,59749,569938950,0,0,0
v2207,20220218,20220218,133246500,13:32:47,8569,13404,59749,569938950,0,0,0
v2207,20220218,20220218,133247000,13:32:47,8569,13404,59749,569938950,0,0,0
v2207,20220218,20220218,133247500,13:32:48,8569,13404,59749,569938950,0,0,0
v2207,20220218,20220218,133248000,13:32:49,8569,13404,59749,569938950,0,0,0
v2207,20220218,20220218,133248500,13:32:49,8569,13404,59749,569938950,0,0,0
v2207,20220218,20220218,133249000,13:32:49,8569,13404,59749,569938950,0,0,0
v2207,20220218,20220218,133249500,13:32:50,8569,13404,59749,569938950,0,0,0
v2207,20220218,20220218,133250000,13:32:51,8569,13404,59749,569938950,0,0,0
v2207,20220218,20220218,133250500,13:32:52,8569,13404,59749,569938950,0,0,0
v2207,20220218,20220218,133251000,13:32:53,8569,13404,59749,569938950,0,0,0
v2207,20220218,20220218,133251500,13:32:53,8569,13404,59749,569938950,0,0,0
v2207,20220218,20220218,133252500,13:32:53,8569,13404,59749,569938950,0,0,0
v2207,20220218,20220218,133253000,13:32:53,8569,13404,59749,569938950,0,0,0
v2207,20220218,20220218,133253500,13:32:54,8569,13404,59749,569938950,0,0,0
v2207,20220218,20220218,133254000,13:32:54,8569,13404,59749,569938950,0,0,0
v2207,20220218,20220218,133255000,13:32:55,8569,13404,59749,569938950,0,0,0
v2207,20220218,20220218,133255500,13:32:55,8569,13404,59749,569938950,0,0,0
v2207,20220218,20220218,133256000,13:32:56,8569,13404,59749,569938950,0,0,0
v2207,20220218,20220218,133256500,13:32:57,8569,13404,59749,569938950,0,0,0
v2207,20220218,20220218,133257000,13:32:59,8569,13404,59749,569938950,0,0,0
v2207,20220218,20220218,133257500,13:33:00,8569,13404,59749,569938950,0,0,0
v2207,20220218,20220218,133258000,13:33:00,8569,13404,59749,569938950,0,0,0
v2207,20220218,20220218,133259500,13:33:01,8569,13404,59749,569938950,0,0,0
v2207,20220218,20220218,133300000,13:33:01,8569,13404,59749,569938950,0,0,0
v2207,20220218,20220218,133300500,13:33:01,8569,13404,59749,569938950,0,0,0
v2207,20220218,20220218,133301000,13:33:02,8569,13404,59749,569938950,0,0,0
v2207,20220218,20220218,133301500,13:33:02,8568,13407,59747,570067470,3,-2,128520
v2207,20220218,20220218,133302000,13:33:03,8568,13407,59747,570067470,0,0,0
v2207,20220218,20220218,133302500,13:33:03,8568,13407,59747,570067470,0,0,0
v2207,20220218,20220218,133303000,13:33:04,8568,13407,59747,570067470,0,0,0
v2207,20220218,20220218,133303500,13:33:04,8568,13407,59747,570067470,0,0,0
v2207,20220218,20220218,133304000,13:33:04,8568,13407,59747,570067470,0,0,0
v2207,20220218,20220218,133304500,13:33:05,8568,13407,59747,570067470,0,0,0
v2207,20220218,20220218,133305000,13:33:05,8568,13407,59747,570067470,0,0,0
v2207,20220218,20220218,133305500,13:33:06,8568,13407,59747,570067470,0,0,0
v2207,20220218,20220218,133306000,13:33:06,8568,13407,59747,570067470,0,0,0
v2207,20220218,20220218,133306500,13:33:06,8568,13407,59747,570067470,0,0,0
v2207,20220218,20220218,133307000,13:33:07,8568,13407,59747,570067470,0,0,0
v2207,20220218,20220218,133307500,13:33:08,8568,13407,59747,570067470,0,0,0
v2207,20220218,20220218,133308000,13:33:08,8568,13407,59747,570067470,0,0,0
v2207,20220218,20220218,133308500,13:33:09,8568,13407,59747,570067470,0,0,0
v2207,20220218,20220218,133309000,13:33:09,8568,13407,59747,570067470,0,0,0
v2207,20220218,20220218,133309500,13:33:11,8568,13407,59747,570067470,0,0,0
v2207,20220218,20220218,133310000,13:33:11,8568,13407,59747,570067470,0,0,0
v2207,20220218,20220218,133311000,13:33:14,8568,13407,59747,570067470,0,0,0
v2207,20220218,20220218,133311500,13:33:14,8568,13407,59747,570067470,0,0,0
v2207,20220218,20220218,133312000,13:33:14,8568,13407,59747,570067470,0,0,0
v2207,20220218,20220218,133312500,13:33:15,8568,13407,59747,570067470,0,0,0
v2207,20220218,20220218,133314500,13:33:18,8568,13407,59747,570067470,0,0,0
v2207,20220218,20220218,133315000,13:33:18,8568,13407,59747,570067470,0,0,0
v2207,20220218,20220218,133317000,13:33:19,8568,13407,59747,570067470,0,0,0
v2207,20220218,20220218,133318000,13:33:19,8568,13407,59747,570067470,0,0,0
v2207,20220218,20220218,133318500,13:33:19,8568,13407,59747,570067470,0,0,0
v2207,20220218,20220218,133319000,13:33:20,8568,13407,59747,570067470,0,0,0
v2207,20220218,20220218,133319500,13:33:21,8568,13407,59747,570067470,0,0,0
v2207,20220218,20220218,133320000,13:33:21,8568,13407,59747,570067470,0,0,0
v2207,20220218,20220218,133320500,13:33:22,8568,13407,59747,570067470,0,0,0
v2207,20220218,20220218,133321000,13:33:22,8568,13407,59747,570067470,0,0,0
v2207,20220218,20220218,133321500,13:33:22,8568,13407,59747,570067470,0,0,0
v2207,20220218,20220218,133322500,13:33:22,8568,13407,59747,570067470,0,0,0
v2207,20220218,20220218,133323000,13:33:23,8568,13407,59747,570067470,0,0,0
v2207,20220218,20220218,133323500,13:33:24,8568,13407,59747,570067470,0,0,0
v2207,20220218,20220218,133324000,13:33:24,8568,13407,59747,570067470,0,0,0
v2207,20220218,20220218,133324500,13:33:25,8568,13407,59747,570067470,0,0,0
v2207,20220218,20220218,133325000,13:33:26,8568,13412,59745,570281670,5,-2,214200
v2207,20220218,20220218,133325500,13:33:27,8568,13415,59745,570410190,3,0,128520
v2207,20220218,20220218,133326000,13:33:28,8568,13415,59745,570410190,0,0,0
v2207,20220218,20220218,133326500,13:33:29,8568,13415,59745,570410190,0,0,0
v2207,20220218,20220218,133327000,13:33:29,8568,13415,59745,570410190,0,0,0
v2207,20220218,20220218,133328500,13:33:30,8568,13415,59745,570410190,0,0,0
v2207,20220218,20220218,133329000,13:33:30,8568,13415,59745,570410190,0,0,0
v2207,20220218,20220218,133329500,13:33:30,8568,13415,59745,570410190,0,0,0
v2207,20220218,20220218,133330500,13:33:31,8568,13415,59745,570410190,0,0,0
v2207,20220218,20220218,133331000,13:33:32,8568,13415,59745,570410190,0,0,0
v2207,20220218,20220218,133331500,13:33:32,8568,13415,59745,570410190,0,0,0
v2207,20220218,20220218,133332000,13:33:32,8568,13415,59745,570410190,0,0,0
v2207,20220218,20220218,133332500,13:33:33,8568,13415,59745,570410190,0,0,0
v2207,20220218,20220218,133334500,13:33:34,8568,13415,59745,570410190,0,0,0
v2207,20220218,20220218,133335000,13:33:35,8568,13415,59745,570410190,0,0,0
v2207,20220218,20220218,133335500,13:33:35,8568,13415,59745,570410190,0,0,0
v2207,20220218,20220218,133336000,13:33:36,8568,13415,59745,570410190,0,0,0
v2207,20220218,20220218,133336500,13:33:36,8568,13415,59745,570410190,0,0,0
v2207,20220218,20220218,133337000,13:33:37,8568,13415,59745,570410190,0,0,0
v2207,20220218,20220218,133337500,13:33:37,8568,13415,59745,570410190,0,0,0
v2207,20220218,20220218,133338000,13:33:38,8568,13415,59745,570410190,0,0,0
v2207,20220218,20220218,133338500,13:33:39,8568,13415,59745,570410190,0,0,0
v2207,20220218,20220218,133339000,13:33:39,8568,13415,59745,570410190,0,0,0
v2207,20220218,20220218,133339500,13:33:40,8568,13415,59745,570410190,0,0,0
v2207,20220218,20220218,133340500,13:33:41,8568,13415,59745,570410190,0,0,0
v2207,20220218,20220218,133341000,13:33:41,8568,13415,59745,570410190,0,0,0
v2207,20220218,20220218,133341500,13:33:42,8568,13415,59745,570410190,0,0,0
v2207,20220218,20220218,133342000,13:33:42,8568,13415,59745,570410190,0,0,0
v2207,20220218,20220218,133342500,13:33:42,8568,13415,59745,570410190,0,0,0
v2207,20220218,20220218,133343000,13:33:43,8568,13415,59745,570410190,0,0,0
v2207,20220218,20220218,133343500,13:33:44,8570,13416,59744,570453040,1,-1,42850
v2207,20220218,20220218,133344000,13:33:45,8570,13416,59744,570453040,0,0,0
v2207,20220218,20220218,133344500,13:33:45,8570,13416,59744,570453040,0,0,0
v2207,20220218,20220218,133345000,13:33:45,8570,13416,59744,570453040,0,0,0
v2207,20220218,20220218,133345500,13:33:46,8570,13416,59744,570453040,0,0,0
v2207,20220218,20220218,133346000,13:33:47,8570,13416,59744,570453040,0,0,0
v2207,20220218,20220218,133346500,13:33:48,8570,13416,59744,570453040,0,0,0
v2207,20220218,20220218,133347000,13:33:49,8570,13416,59744,570453040,0,0,0
v2207,20220218,20220218,133347500,13:33:49,8570,13416,59744,570453040,0,0,0
v2207,20220218,20220218,133348000,13:33:49,8570,13416,59744,570453040,0,0,0
v2207,20220218,20220218,133348500,13:33:50,8570,13416,59744,570453040,0,0,0
v2207,20220218,20220218,133349000,13:33:50,8570,13416,59744,570453040,0,0,0
v2207,20220218,20220218,133349500,13:33:50,8570,13416,59744,570453040,0,0,0
v2207,20220218,20220218,133350000,13:33:50,8570,13416,59744,570453040,0,0,0
v2207,20220218,20220218,133350500,13:33:50,8570,13416,59744,570453040,0,0,0
v2207,20220218,20220218,133351000,13:33:51,8570,13416,59744,570453040,0,0,0
v2207,20220218,20220218,133351500,13:33:52,8570,13416,59744,570453040,0,0,0
v2207,20220218,20220218,133352000,13:33:52,8570,13416,59744,570453040,0,0,0
v2207,20220218,20220218,133352500,13:33:53,8570,13416,59744,570453040,0,0,0
v2207,20220218,20220218,133353000,13:33:53,8570,13416,59744,570453040,0,0,0
v2207,20220218,20220218,133353500,13:33:53,8570,13416,59744,570453040,0,0,0
v2207,20220218,20220218,133354000,13:33:54,8570,13416,59744,570453040,0,0,0
v2207,20220218,20220218,133354500,13:33:55,8570,13416,59744,570453040,0,0,0
v2207,20220218,20220218,133355000,13:33:56,8570,13416,59744,570453040,0,0,0
v2207,20220218,20220218,133355500,13:33:56,8570,13418,59744,570538740,2,0,85700
v2207,20220218,20220218,133356000,13:33:57,8570,13418,59744,570538740,0,0,0
v2207,20220218,20220218,133356500,13:33:57,8570,13418,59744,570538740,0,0,0
v2207,20220218,20220218,133357000,13:33:58,8570,13418,59744,570538740,0,0,0
v2207,20220218,20220218,133357500,13:33:58,8570,13418,59744,570538740,0,0,0
v2207,20220218,20220218,133358000,13:33:58,8570,13418,59744,570538740,0,0,0
v2207,20220218,20220218,133358500,13:33:59,8570,13418,59744,570538740,0,0,0
v2207,20220218,20220218,133359000,13:33:59,8570,13418,59744,570538740,0,0,0
v2207,20220218,20220218,133401500,13:34:02,8570,13420,59744,570624440,2,0,85700
v2207,20220218,20220218,133402000,13:34:10,8570,13420,59744,570624440,0,0,0
v2207,20220218,20220218,133402500,13:34:10,8570,13420,59744,570624440,0,0,0
v2207,20220218,20220218,133403000,13:34:11,8570,13420,59744,570624440,0,0,0
v2207,20220218,20220218,133410000,13:34:12,8570,13420,59744,570624440,0,0,0
v2207,20220218,20220218,133410500,13:34:12,8570,13420,59744,570624440,0,0,0
v2207,20220218,20220218,133411500,13:34:12,8570,13420,59744,570624440,0,0,0
v2207,20220218,20220218,133412000,13:34:13,8577,13438,59739,571396190,18,-5,771750
v2207,20220218,20220218,133412500,13:34:13,8577,13438,59739,571396190,0,0,0
v2207,20220218,20220218,133413000,13:34:13,8577,13438,59739,571396190,0,0,0
v2207,20220218,20220218,133413500,13:34:14,8577,13438,59739,571396190,0,0,0
v2207,20220218,20220218,133414000,13:34:14,8577,13438,59739,571396190,0,0,0
v2207,20220218,20220218,133414500,13:34:15,8577,13438,59739,571396190,0,0,0
v2207,20220218,20220218,133415000,13:34:15,8577,13438,59739,571396190,0,0,0
v2207,20220218,20220218,133415500,13:34:16,8577,13438,59739,571396190,0,0,0
v2207,20220218,20220218,133416000,13:34:16,8577,13438,59739,571396190,0,0,0
v2207,20220218,20220218,133416500,13:34:17,8577,13438,59739,571396190,0,0,0
v2207,20220218,20220218,133417500,13:34:17,8577,13438,59739,571396190,0,0,0
v2207,20220218,20220218,133418000,13:34:18,8577,13438,59739,571396190,0,0,0
v2207,20220218,20220218,133419000,13:34:19,8577,13438,59739,571396190,0,0,0
v2207,20220218,20220218,133419500,13:34:20,8577,13438,59739,571396190,0,0,0
v2207,20220218,20220218,133420000,13:34:20,8577,13438,59739,571396190,0,0,0
v2207,20220218,20220218,133420500,13:34:23,8577,13438,59739,571396190,0,0,0
v2207,20220218,20220218,133421000,13:34:23,8577,13438,59739,571396190,0,0,0
v2207,20220218,20220218,133423000,13:34:24,8577,13438,59739,571396190,0,0,0
v2207,20220218,20220218,133424000,13:34:24,8577,13442,59737,571567730,4,-2,171540
v2207,20220218,20220218,133424500,13:34:24,8577,13442,59737,571567730,0,0,0
v2207,20220218,20220218,133425000,13:34:25,8576,13444,59735,571653490,2,-2,85760
v2207,20220218,20220218,133425500,13:34:26,8576,13444,59735,571653490,0,0,0
v2207,20220218,20220218,133426000,13:34:26,8576,13444,59735,571653490,0,0,0
v2207,20220218,20220218,133429000,13:34:29,8576,13444,59735,571653490,0,0,0
v2207,20220218,20220218,133429500,13:34:29,8576,13444,59735,571653490,0,0,0
v2207,20220218,20220218,133430000,13:34:30,8576,13444,59735,571653490,0,0,0
v2207,20220218,20220218,133430500,13:34:30,8576,13444,59735,571653490,0,0,0
v2207,20220218,20220218,133431000,13:34:31,8576,13444,59735,571653490,0,0,0
v2207,20220218,20220218,133431500,13:34:31,8576,13444,59735,571653490,0,0,0
v2207,20220218,20220218,133432000,13:34:32,8576,13444,59735,571653490,0,0,0
v2207,20220218,20220218,133432500,13:34:32,8576,13444,59735,571653490,0,0,0
v2207,20220218,20220218,133435000,13:34:35,8576,13444,59735,571653490,0,0,0
v2207,20220218,20220218,133435500,13:34:36,8576,13444,59735,571653490,0,0,0
v2207,20220218,20220218,133436000,13:34:36,8576,13444,59735,571653490,0,0,0
v2207,20220218,20220218,133436500,13:34:36,8576,13444,59735,571653490,0,0,0
v2207,20220218,20220218,133437000,13:34:37,8576,13444,59735,571653490,0,0,0
v2207,20220218,20220218,133437500,13:34:38,8576,13444,59735,571653490,0,0,0
v2207,20220218,20220218,133438000,13:34:38,8576,13444,59735,571653490,0,0,0
v2207,20220218,20220218,133439500,13:34:40,8576,13444,59735,571653490,0,0,0
v2207,20220218,20220218,133440000,13:34:40,8576,13444,59735,571653490,0,0,0
v2207,20220218,20220218,133440500,13:34:41,8576,13444,59735,571653490,0,0,0
v2207,20220218,20220218,133441000,13:34:41,8576,13444,59735,571653490,0,0,0
v2207,20220218,20220218,133441500,13:34:43,8576,13444,59735,571653490,0,0,0
v2207,20220218,20220218,133442000,13:34:44,8576,13444,59735,571653490,0,0,0
v2207,20220218,20220218,133442500,13:34:44,8576,13444,59735,571653490,0,0,0
v2207,20220218,20220218,133443000,13:34:45,8576,13444,59735,571653490,0,0,0
v2207,20220218,20220218,133443500,13:34:45,8576,13444,59735,571653490,0,0,0
v2207,20220218,20220218,133444000,13:34:45,8576,13444,59735,571653490,0,0,0
v2207,20220218,20220218,133444500,13:34:46,8576,13444,59735,571653490,0,0,0
v2207,20220218,20220218,133445500,13:34:46,8576,13444,59735,571653490,0,0,0
v2207,20220218,20220218,133446500,13:34:47,8576,13444,59735,571653490,0,0,0
v2207,20220218,20220218,133447000,13:34:47,8576,13444,59735,571653490,0,0,0
v2207,20220218,20220218,133449000,13:34:49,8576,13444,59735,571653490,0,0,0
v2207,20220218,20220218,133449500,13:34:49,8576,13444,59735,571653490,0,0,0
v2207,20220218,20220218,133450000,13:34:51,8576,13444,59735,571653490,0,0,0
v2207,20220218,20220218,133452500,13:34:53,8576,13444,59735,571653490,0,0,0
v2207,20220218,20220218,133453000,13:34:53,8576,13444,59735,571653490,0,0,0
v2207,20220218,20220218,133453500,13:34:56,8576,13444,59735,571653490,0,0,0
v2207,20220218,20220218,133455500,13:34:56,8576,13444,59735,571653490,0,0,0
v2207,20220218,20220218,133456000,13:34:57,8576,13444,59735,571653490,0,0,0
v2207,20220218,20220218,133456500,13:34:57,8576,13444,59735,571653490,0,0,0
v2207,20220218,20220218,133457000,13:34:57,8576,13444,59735,571653490,0,0,0
v2207,20220218,20220218,133458500,13:34:59,8576,13444,59735,571653490,0,0,0
v2207,20220218,20220218,133459000,13:34:59,8576,13444,59735,571653490,0,0,0
v2207,20220218,20220218,133459500,13:35:00,8576,13444,59735,571653490,0,0,0
v2207,20220218,20220218,133500000,13:35:00,8576,13444,59735,571653490,0,0,0
v2207,20220218,20220218,133500500,13:35:00,8576,13444,59735,571653490,0,0,0
v2207,20220218,20220218,133501000,13:35:04,8576,13444,59735,571653490,0,0,0
v2207,20220218,20220218,133501500,13:35:05,8576,13444,59735,571653490,0,0,0
v2207,20220218,20220218,133502000,13:35:10,8576,13444,59735,571653490,0,0,0
v2207,20220218,20220218,133504500,13:35:10,8582,13489,59731,573583870,45,-4,1930380
v2207,20220218,20220218,133510000,13:35:11,8582,13489,59731,573583870,0,0,0
v2207,20220218,20220218,133510500,13:35:11,8578,13519,59725,574870750,30,-6,1286880
v2207,20220218,20220218,133511000,13:35:11,8577,13524,59725,575085175,5,0,214425
v2207,20220218,20220218,133511500,13:35:12,8577,13524,59725,575085175,0,0,0
v2207,20220218,20220218,133512000,13:35:13,8577,13524,59725,575085175,0,0,0
v2207,20220218,20220218,133512500,13:35:13,8578,13525,59725,575128065,1,0,42890
v2207,20220218,20220218,133513000,13:35:13,8578,13525,59725,575128065,0,0,0
v2207,20220218,20220218,133513500,13:35:14,8578,13525,59725,575128065,0,0,0
v2207,20220218,20220218,133514000,13:35:14,8578,13525,59725,575128065,0,0,0
v2207,20220218,20220218,133514500,13:35:15,8578,13525,59725,575128065,0,0,0
v2207,20220218,20220218,133515000,13:35:15,8578,13525,59725,575128065,0,0,0
v2207,20220218,20220218,133515500,13:35:16,8578,13525,59725,575128065,0,0,0
v2207,20220218,20220218,133516000,13:35:16,8578,13525,59725,575128065,0,0,0
v2207,20220218,20220218,133516500,13:35:17,8578,13525,59725,575128065,0,0,0
v2207,20220218,20220218,133517000,13:35:17,8582,13535,59726,575557165,10,1,429100
v2207,20220218,20220218,133517500,13:35:18,8582,13535,59726,575557165,0,0,0
v2207,20220218,20220218,133518000,13:35:19,8582,13539,59730,575728805,4,4,171640
v2207,20220218,20220218,133518500,13:35:19,8582,13539,59730,575728805,0,0,0
v2207,20220218,20220218,133519000,13:35:19,8582,13539,59730,575728805,0,0,0
v2207,20220218,20220218,133519500,13:35:20,8582,13539,59730,575728805,0,0,0
v2207,20220218,20220218,133520000,13:35:20,8582,13539,59730,575728805,0,0,0
v2207,20220218,20220218,133520500,13:35:21,8582,13539,59730,575728805,0,0,0
v2207,20220218,20220218,133521000,13:35:21,8582,13539,59730,575728805,0,0,0
v2207,20220218,20220218,133521500,13:35:22,8582,13539,59730,575728805,0,0,0
v2207,20220218,20220218,133522000,13:35:22,8582,13539,59730,575728805,0,0,0
v2207,20220218,20220218,133522500,13:35:23,8582,13539,59730,575728805,0,0,0
v2207,20220218,20220218,133523000,13:35:23,8582,13539,59730,575728805,0,0,0
v2207,20220218,20220218,133523500,13:35:23,8582,13539,59730,575728805,0,0,0
v2207,20220218,20220218,133524000,13:35:25,8582,13539,59730,575728805,0,0,0
v2207,20220218,20220218,133524500,13:35:25,8582,13539,59730,575728805,0,0,0
v2207,20220218,20220218,133525000,13:35:26,8582,13539,59730,575728805,0,0,0
v2207,20220218,20220218,133525500,13:35:26,8582,13539,59730,575728805,0,0,0
v2207,20220218,20220218,133526000,13:35:26,8582,13539,59730,575728805,0,0,0
v2207,20220218,20220218,133526500,13:35:27,8582,13539,59730,575728805,0,0,0
v2207,20220218,20220218,133527000,13:35:31,8582,13539,59730,575728805,0,0,0
v2207,20220218,20220218,133527500,13:35:31,8582,13539,59730,575728805,0,0,0
v2207,20220218,20220218,133528000,13:35:32,8582,13539,59730,575728805,0,0,0
v2207,20220218,20220218,133531000,13:35:35,8582,13539,59730,575728805,0,0,0
v2207,20220218,20220218,133531500,13:35:42,8582,13539,59730,575728805,0,0,0
v2207,20220218,20220218,133532000,13:35:42,8582,13539,59730,575728805,0,0,0
v2207,20220218,20220218,133540500,13:35:43,8582,13539,59730,575728805,0,0,0
v2207,20220218,20220218,133542000,13:35:44,8582,13539,59730,575728805,0,0,0
v2207,20220218,20220218,133542500,13:35:44,8582,13539,59730,575728805,0,0,0
v2207,20220218,20220218,133543500,13:35:44,8582,13539,59730,575728805,0,0,0
v2207,20220218,20220218,133544000,13:35:45,8582,13539,59730,575728805,0,0,0
v2207,20220218,20220218,133544500,13:35:45,8582,13539,59730,575728805,0,0,0
v2207,20220218,20220218,133545000,13:35:46,8582,13539,59730,575728805,0,0,0
v2207,20220218,20220218,133545500,13:35:46,8582,13539,59730,575728805,0,0,0
v2207,20220218,20220218,133546000,13:35:46,8582,13539,59730,575728805,0,0,0
v2207,20220218,20220218,133546500,13:35:46,8582,13539,59730,575728805,0,0,0
v2207,20220218,20220218,133547000,13:35:47,8582,13539,59730,575728805,0,0,0
v2207,20220218,20220218,133547500,13:35:48,8575,13541,59732,575814555,2,2,85750
v2207,20220218,20220218,133548000,13:35:48,8575,13541,59732,575814555,0,0,0
v2207,20220218,20220218,133548500,13:35:48,8575,13541,59732,575814555,0,0,0
v2207,20220218,20220218,133549000,13:35:49,8575,13543,59732,575900305,2,0,85750
v2207,20220218,20220218,133549500,13:35:49,8577,13544,59732,575943190,1,0,42885
v2207,20220218,20220218,133550000,13:35:50,8577,13544,59732,575943190,0,0,0
v2207,20220218,20220218,133550500,13:35:51,8577,13544,59732,575943190,0,0,0
v2207,20220218,20220218,133551000,13:35:51,8577,13548,59730,576114730,4,-2,171540
v2207,20220218,20220218,133551500,13:35:52,8577,13548,59730,576114730,0,0,0
v2207,20220218,20220218,133552000,13:35:52,8577,13548,59730,576114730,0,0,0
v2207,20220218,20220218,133552500,13:35:53,8577,13548,59730,576114730,0,0,0
v2207,20220218,20220218,133553000,13:35:55,8577,13548,59730,576114730,0,0,0
v2207,20220218,20220218,133553500,13:35:55,8577,13548,59730,576114730,0,0,0
v2207,20220218,20220218,133554000,13:35:55,8577,13548,59730,576114730,0,0,0
v2207,20220218,20220218,133555000,13:35:56,8577,13548,59730,576114730,0,0,0
v2207,20220218,20220218,133555500,13:35:56,8577,13548,59730,576114730,0,0,0
v2207,20220218,20220218,133556000,13:35:56,8577,13548,59730,576114730,0,0,0
v2207,20220218,20220218,133556500,13:35:57,8577,13548,59730,576114730,0,0,0
v2207,20220218,20220218,133557000,13:35:59,8577,13548,59730,576114730,0,0,0
v2207,20220218,20220218,133558000,13:36:01,8577,13548,59730,576114730,0,0,0
v2207,20220218,20220218,133559500,13:36:03,8577,13548,59730,576114730,0,0,0
v2207,20220218,20220218,133601500,13:36:03,8577,13548,59730,576114730,0,0,0
v2207,20220218,20220218,133602500,13:36:04,8577,13548,59730,576114730,0,0,0
v2207,20220218,20220218,133603000,13:36:05,8577,13548,59730,576114730,0,0,0
v2207,20220218,20220218,133603500,13:36:05,8577,13548,59730,576114730,0,0,0
v2207,20220218,20220218,133605000,13:36:06,8577,13548,59730,576114730,0,0,0
v2207,20220218,20220218,133605500,13:36:07,8577,13548,59730,576114730,0,0,0
v2207,20220218,20220218,133606000,13:36:07,8577,13548,59730,576114730,0,0,0
v2207,20220218,20220218,133606500,13:36:07,8577,13548,59730,576114730,0,0,0
v2207,20220218,20220218,133607000,13:36:08,8577,13548,59730,576114730,0,0,0
v2207,20220218,20220218,133607500,13:36:08,8577,13548,59730,576114730,0,0,0
v2207,20220218,20220218,133608000,13:36:08,8577,13548,59730,576114730,0,0,0
v2207,20220218,20220218,133608500,13:36:09,8577,13548,59730,576114730,0,0,0
v2207,20220218,20220218,133609000,13:36:09,8577,13548,59730,576114730,0,0,0
v2207,20220218,20220218,133609500,13:36:10,8577,13548,59730,576114730,0,0,0
v2207,20220218,20220218,133610000,13:36:11,8577,13548,59730,576114730,0,0,0
v2207,20220218,20220218,133610500,13:36:11,8577,13548,59730,576114730,0,0,0
v2207,20220218,20220218,133611500,13:36:12,8577,13548,59730,576114730,0,0,0
v2207,20220218,20220218,133612000,13:36:12,8577,13548,59730,576114730,0,0,0
v2207,20220218,20220218,133612500,13:36:12,8577,13548,59730,576114730,0,0,0
v2207,20220218,20220218,133613000,13:36:13,8577,13548,59730,576114730,0,0,0
v2207,20220218,20220218,133613500,13:36:14,8577,13548,59730,576114730,0,0,0
v2207,20220218,20220218,133614000,13:36:14,8577,13548,59730,576114730,0,0,0
v2207,20220218,20220218,133614500,13:36:14,8577,13548,59730,576114730,0,0,0
v2207,20220218,20220218,133615500,13:36:16,8577,13548,59730,576114730,0,0,0
v2207,20220218,20220218,133616000,13:36:16,8577,13548,59730,576114730,0,0,0
v2207,20220218,20220218,133616500,13:36:17,8577,13548,59730,576114730,0,0,0
v2207,20220218,20220218,133617000,13:36:19,8577,13548,59730,576114730,0,0,0
v2207,20220218,20220218,133619000,13:36:19,8577,13548,59730,576114730,0,0,0
v2207,20220218,20220218,133619500,13:36:20,8577,13548,59730,576114730,0,0,0
v2207,20220218,20220218,133620000,13:36:20,8577,13548,59730,576114730,0,0,0
v2207,20220218,20220218,133622500,13:36:22,8577,13548,59730,576114730,0,0,0
v2207,20220218,20220218,133623000,13:36:23,8577,13548,59730,576114730,0,0,0
v2207,20220218,20220218,133623500,13:36:23,8577,13548,59730,576114730,0,0,0
v2207,20220218,20220218,133624000,13:36:24,8577,13548,59730,576114730,0,0,0
v2207,20220218,20220218,133624500,13:36:24,8577,13548,59730,576114730,0,0,0
v2207,20220218,20220218,133625000,13:36:25,8577,13548,59730,576114730,0,0,0
v2207,20220218,20220218,133629000,13:36:30,8577,13548,59730,576114730,0,0,0
v2207,20220218,20220218,133629500,13:36:30,8577,13548,59730,576114730,0,0,0
v2207,20220218,20220218,133630000,13:36:30,8577,13548,59730,576114730,0,0,0
v2207,20220218,20220218,133630500,13:36:31,8577,13548,59730,576114730,0,0,0
v2207,20220218,20220218,133633000,13:36:33,8577,13548,59730,576114730,0,0,0
v2207,20220218,20220218,133633500,13:36:34,8577,13548,59730,576114730,0,0,0
v2207,20220218,20220218,133634000,13:36:34,8577,13548,59730,576114730,0,0,0
v2207,20220218,20220218,133640000,13:36:40,8577,13548,59730,576114730,0,0,0
v2207,20220218,20220218,133640500,13:36:40,8577,13548,59730,576114730,0,0,0
v2207,20220218,20220218,133641000,13:36:41,8577,13548,59730,576114730,0,0,0
v2207,20220218,20220218,133643500,13:36:44,8577,13548,59730,576114730,0,0,0
v2207,20220218,20220218,133644000,13:36:44,8577,13548,59730,576114730,0,0,0
v2207,20220218,20220218,133645500,13:36:46,8576,13559,59733,576586430,11,3,471700
v2207,20220218,20220218,133646000,13:36:46,8577,13561,59733,576672200,2,0,85770
v2207,20220218,20220218,133646500,13:36:46,8577,13561,59733,576672200,0,0,0
v2207,20220218,20220218,133647000,13:36:47,8577,13561,59733,576672200,0,0,0
v2207,20220218,20220218,133647500,13:36:48,8577,13561,59733,576672200,0,0,0
v2207,20220218,20220218,133648000,13:36:48,8577,13561,59733,576672200,0,0,0
v2207,20220218,20220218,133648500,13:36:48,8577,13561,59733,576672200,0,0,0
v2207,20220218,20220218,133651500,13:36:52,8577,13561,59733,576672200,0,0,0
v2207,20220218,20220218,133652000,13:36:52,8577,13561,59733,576672200,0,0,0
v2207,20220218,20220218,133652500,13:36:53,8577,13561,59733,576672200,0,0,0
v2207,20220218,20220218,133653000,13:36:53,8577,13561,59733,576672200,0,0,0
v2207,20220218,20220218,133653500,13:36:54,8577,13561,59733,576672200,0,0,0
v2207,20220218,20220218,133654000,13:36:54,8577,13561,59733,576672200,0,0,0
v2207,20220218,20220218,133654500,13:36:54,8577,13561,59733,576672200,0,0,0
v2207,20220218,20220218,133655000,13:36:55,8577,13561,59733,576672200,0,0,0
v2207,20220218,20220218,133655500,13:36:56,8577,13561,59733,576672200,0,0,0
v2207,20220218,20220218,133656000,13:36:56,8577,13561,59733,576672200,0,0,0
v2207,20220218,20220218,133656500,13:36:57,8577,13561,59733,576672200,0,0,0
v2207,20220218,20220218,133657000,13:36:58,8577,13561,59733,576672200,0,0,0
v2207,20220218,20220218,133657500,13:36:58,8577,13561,59733,576672200,0,0,0
v2207,20220218,20220218,133658000,13:36:58,8577,13561,59733,576672200,0,0,0
v2207,20220218,20220218,133658500,13:36:59,8577,13561,59733,576672200,0,0,0
v2207,20220218,20220218,133659000,13:36:59,8577,13561,59733,576672200,0,0,0
v2207,20220218,20220218,133659500,13:37:00,8577,13561,59733,576672200,0,0,0
v2207,20220218,20220218,133700000,13:37:00,8577,13561,59733,576672200,0,0,0
v2207,20220218,20220218,133700500,13:37:00,8577,13561,59733,576672200,0,0,0
v2207,20220218,20220218,133701000,13:37:01,8577,13561,59733,576672200,0,0,0
v2207,20220218,20220218,133701500,13:37:02,8577,13561,59733,576672200,0,0,0
v2207,20220218,20220218,133702000,13:37:02,8577,13561,59733,576672200,0,0,0
v2207,20220218,20220218,133702500,13:37:03,8577,13561,59733,576672200,0,0,0
v2207,20220218,20220218,133703000,13:37:03,8577,13561,59733,576672200,0,0,0
v2207,20220218,20220218,133703500,13:37:03,8577,13561,59733,576672200,0,0,0
v2207,20220218,20220218,133704000,13:37:04,8582,13571,59735,577101300,10,2,429100
v2207,20220218,20220218,133704500,13:37:05,8582,13573,59737,577187120,2,2,85820
v2207,20220218,20220218,133705000,13:37:05,8582,13573,59737,577187120,0,0,0
v2207,20220218,20220218,133705500,13:37:08,8582,13573,59737,577187120,0,0,0
v2207,20220218,20220218,133706000,13:37:08,8582,13573,59737,577187120,0,0,0
v2207,20220218,20220218,133706500,13:37:08,8582,13573,59737,577187120,0,0,0
v2207,20220218,20220218,133707000,13:37:08,8582,13573,59737,577187120,0,0,0
v2207,20220218,20220218,133710000,13:37:11,8581,13602,59745,578431495,29,8,1244375
v2207,20220218,20220218,133710500,13:37:11,8582,13620,59733,579203875,18,-12,772380
v2207,20220218,20220218,133711000,13:37:12,8582,13620,59733,579203875,0,0,0
v2207,20220218,20220218,133711500,13:37:13,8582,13620,59733,579203875,0,0,0
v2207,20220218,20220218,133712000,13:37:13,8582,13620,59733,579203875,0,0,0
v2207,20220218,20220218,133712500,13:37:13,8582,13620,59733,579203875,0,0,0
v2207,20220218,20220218,133713500,13:37:14,8582,13620,59733,579203875,0,0,0
v2207,20220218,20220218,133715500,13:37:16,8582,13620,59733,579203875,0,0,0
v2207,20220218,20220218,133716000,13:37:16,8582,13620,59733,579203875,0,0,0
v2207,20220218,20220218,133716500,13:37:17,8582,13620,59733,579203875,0,0,0
v2207,20220218,20220218,133717000,13:37:18,8582,13620,59733,579203875,0,0,0
v2207,20220218,20220218,133717500,13:37:18,8582,13620,59733,579203875,0,0,0
v2207,20220218,20220218,133718500,13:37:19,8582,13620,59733,579203875,0,0,0
v2207,20220218,20220218,133719000,13:37:19,8582,13620,59733,579203875,0,0,0
v2207,20220218,20220218,133719500,13:37:20,8582,13620,59733,579203875,0,0,0
v2207,20220218,20220218,133720000,13:37:21,8582,13620,59733,579203875,0,0,0
v2207,20220218,20220218,133720500,13:37:21,8582,13620,59733,579203875,0,0,0
v2207,20220218,20220218,133721000,13:37:21,8582,13620,59733,579203875,0,0,0
v2207,20220218,20220218,133721500,13:37:22,8582,13620,59733,579203875,0,0,0
v2207,20220218,20220218,133722000,13:37:22,8582,13620,59733,579203875,0,0,0
v2207,20220218,20220218,133722500,13:37:23,8582,13620,59733,579203875,0,0,0
v2207,20220218,20220218,133723000,13:37:23,8582,13620,59733,579203875,0,0,0
v2207,20220218,20220218,133723500,13:37:23,8582,13620,59733,579203875,0,0,0
v2207,20220218,20220218,133724000,13:37:24,8582,13620,59733,579203875,0,0,0
v2207,20220218,20220218,133724500,13:37:25,8582,13620,59733,579203875,0,0,0
v2207,20220218,20220218,133725000,13:37:25,8582,13620,59733,579203875,0,0,0
v2207,20220218,20220218,133725500,13:37:26,8582,13620,59733,579203875,0,0,0
v2207,20220218,20220218,133726000,13:37:26,8582,13620,59733,579203875,0,0,0
v2207,20220218,20220218,133726500,13:37:27,8582,13620,59733,579203875,0,0,0
v2207,20220218,20220218,133727000,13:37:27,8582,13620,59733,579203875,0,0,0
v2207,20220218,20220218,133727500,13:37:27,8582,13620,59733,579203875,0,0,0
v2207,20220218,20220218,133728000,13:37:28,8582,13620,59733,579203875,0,0,0
v2207,20220218,20220218,133728500,13:37:29,8582,13622,59733,579289695,2,0,85820
v2207,20220218,20220218,133729000,13:37:29,8582,13624,59733,579375515,2,0,85820
v2207,20220218,20220218,133729500,13:37:30,8582,13624,59733,579375515,0,0,0
v2207,20220218,20220218,133730000,13:37:30,8582,13624,59733,579375515,0,0,0
v2207,20220218,20220218,133730500,13:37:31,8582,13624,59733,579375515,0,0,0
v2207,20220218,20220218,133731000,13:37:31,8582,13624,59733,579375515,0,0,0
v2207,20220218,20220218,133731500,13:37:31,8582,13624,59733,579375515,0,0,0
v2207,20220218,20220218,133732000,13:37:32,8582,13624,59733,579375515,0,0,0
v2207,20220218,20220218,133735000,13:37:35,8582,13624,59733,579375515,0,0,0
v2207,20220218,20220218,133735500,13:37:36,8582,13624,59733,579375515,0,0,0
v2207,20220218,20220218,133736000,13:37:36,8582,13624,59733,579375515,0,0,0
v2207,20220218,20220218,133736500,13:37:37,8582,13624,59733,579375515,0,0,0
v2207,20220218,20220218,133737500,13:37:37,8582,13624,59733,579375515,0,0,0
v2207,20220218,20220218,133738000,13:37:39,8582,13624,59733,579375515,0,0,0
v2207,20220218,20220218,133738500,13:37:39,8582,13624,59733,579375515,0,0,0
v2207,20220218,20220218,133739000,13:37:39,8582,13624,59733,579375515,0,0,0
v2207,20220218,20220218,133739500,13:37:39,8582,13624,59733,579375515,0,0,0
v2207,20220218,20220218,133740000,13:37:40,8582,13624,59733,579375515,0,0,0
v2207,20220218,20220218,133740500,13:37:40,8582,13624,59733,579375515,0,0,0
v2207,20220218,20220218,133741000,13:37:41,8582,13624,59733,579375515,0,0,0
v2207,20220218,20220218,133741500,13:37:42,8582,13624,59733,579375515,0,0,0
v2207,20220218,20220218,133742000,13:37:42,8582,13624,59733,579375515,0,0,0
v2207,20220218,20220218,133742500,13:37:43,8582,13624,59733,579375515,0,0,0
v2207,20220218,20220218,133743000,13:37:44,8582,13624,59733,579375515,0,0,0
v2207,20220218,20220218,133743500,13:37:44,8582,13624,59733,579375515,0,0,0
v2207,20220218,20220218,133744500,13:37:45,8582,13624,59733,579375515,0,0,0
v2207,20220218,20220218,133745500,13:37:45,8582,13624,59733,579375515,0,0,0
v2207,20220218,20220218,133746000,13:37:46,8582,13624,59733,579375515,0,0,0
v2207,20220218,20220218,133746500,13:37:47,8582,13624,59733,579375515,0,0,0
v2207,20220218,20220218,133747000,13:37:47,8582,13624,59733,579375515,0,0,0
v2207,20220218,20220218,133747500,13:37:48,8582,13624,59733,579375515,0,0,0
v2207,20220218,20220218,133748000,13:37:48,8582,13624,59733,579375515,0,0,0
v2207,20220218,20220218,133748500,13:37:49,8582,13624,59733,579375515,0,0,0
v2207,20220218,20220218,133749000,13:37:49,8582,13624,59733,579375515,0,0,0
v2207,20220218,20220218,133750500,13:37:51,8582,13624,59733,579375515,0,0,0
v2207,20220218,20220218,133751000,13:37:51,8582,13624,59733,579375515,0,0,0
v2207,20220218,20220218,133751500,13:37:53,8582,13624,59733,579375515,0,0,0
v2207,20220218,20220218,133756000,13:37:56,8582,13624,59733,579375515,0,0,0
v2207,20220218,20220218,133756500,13:37:57,8580,13625,59733,579418415,1,0,42900
v2207,20220218,20220218,133757000,13:37:57,8581,13627,59733,579504225,2,0,85810
v2207,20220218,20220218,133757500,13:37:58,8581,13627,59733,579504225,0,0,0
v2207,20220218,20220218,133758000,13:37:58,8581,13627,59733,579504225,0,0,0
v2207,20220218,20220218,133758500,13:37:59,8581,13627,59733,579504225,0,0,0
v2207,20220218,20220218,133759000,13:38:00,8581,13627,59733,579504225,0,0,0
v2207,20220218,20220218,133759500,13:38:00,8581,13627,59733,579504225,0,0,0
v2207,20220218,20220218,133800000,13:38:02,8581,13627,59733,579504225,0,0,0
v2207,20220218,20220218,133800500,13:38:02,8581,13627,59733,579504225,0,0,0
v2207,20220218,20220218,133801000,13:38:03,8581,13627,59733,579504225,0,0,0
v2207,20220218,20220218,133802000,13:38:05,8581,13627,59733,579504225,0,0,0
v2207,20220218,20220218,133802500,13:38:06,8581,13627,59733,579504225,0,0,0
v2207,20220218,20220218,133803000,13:38:06,8581,13627,59733,579504225,0,0,0
v2207,20220218,20220218,133805000,13:38:07,8581,13627,59733,579504225,0,0,0
v2207,20220218,20220218,133806000,13:38:09,8581,13627,59733,579504225,0,0,0
v2207,20220218,20220218,133806500,13:38:09,8581,13627,59733,579504225,0,0,0
v2207,20220218,20220218,133809000,13:38:09,8581,13627,59733,579504225,0,0,0
v2207,20220218,20220218,133809500,13:38:10,8581,13627,59733,579504225,0,0,0
v2207,20220218,20220218,133810000,13:38:10,8581,13627,59733,579504225,0,0,0
v2207,20220218,20220218,133810500,13:38:10,8581,13627,59733,579504225,0,0,0
v2207,20220218,20220218,133811000,13:38:14,8581,13627,59733,579504225,0,0,0
v2207,20220218,20220218,133811500,13:38:14,8581,13627,59733,579504225,0,0,0
v2207,20220218,20220218,133812000,13:38:14,8581,13627,59733,579504225,0,0,0
v2207,20220218,20220218,133813500,13:38:15,8581,13627,59733,579504225,0,0,0
v2207,20220218,20220218,133814000,13:38:17,8581,13627,59733,579504225,0,0,0
v2207,20220218,20220218,133814500,13:38:17,8581,13627,59733,579504225,0,0,0
v2207,20220218,20220218,133815000,13:38:17,8581,13627,59733,579504225,0,0,0
v2207,20220218,20220218,133817000,13:38:18,8581,13627,59733,579504225,0,0,0
v2207,20220218,20220218,133817500,13:38:18,8581,13627,59733,579504225,0,0,0
v2207,20220218,20220218,133818000,13:38:18,8581,13627,59733,579504225,0,0,0
v2207,20220218,20220218,133818500,13:38:19,8581,13627,59733,579504225,0,0,0
v2207,20220218,20220218,133819000,13:38:19,8581,13627,59733,579504225,0,0,0
v2207,20220218,20220218,133819500,13:38:19,8581,13627,59733,579504225,0,0,0
v2207,20220218,20220218,133820000,13:38:20,8581,13627,59733,579504225,0,0,0
v2207,20220218,20220218,133820500,13:38:22,8581,13627,59733,579504225,0,0,0
v2207,20220218,20220218,133821000,13:38:22,8581,13627,59733,579504225,0,0,0
v2207,20220218,20220218,133821500,13:38:23,8581,13627,59733,579504225,0,0,0
v2207,20220218,20220218,133822000,13:38:23,8581,13627,59733,579504225,0,0,0
v2207,20220218,20220218,133823500,13:38:24,8581,13627,59733,579504225,0,0,0
v2207,20220218,20220218,133824000,13:38:25,8581,13627,59733,579504225,0,0,0
v2207,20220218,20220218,133824500,13:38:41,8581,13627,59733,579504225,0,0,0
v2207,20220218,20220218,133825000,13:38:41,8581,13627,59733,579504225,0,0,0
v2207,20220218,20220218,133825500,13:38:41,8581,13627,59733,579504225,0,0,0
v2207,20220218,20220218,133840500,13:38:43,8581,13627,59733,579504225,0,0,0
v2207,20220218,20220218,133841000,13:38:43,8581,13627,59733,579504225,0,0,0
v2207,20220218,20220218,133841500,13:38:43,8581,13627,59733,579504225,0,0,0
v2207,20220218,20220218,133843000,13:38:43,8581,13627,59733,579504225,0,0,0
v2207,20220218,20220218,133843500,13:38:44,8581,13627,59733,579504225,0,0,0
v2207,20220218,20220218,133844500,13:38:44,8581,13627,59733,579504225,0,0,0
v2207,20220218,20220218,133845500,13:38:45,8581,13627,59733,579504225,0,0,0
v2207,20220218,20220218,133847000,13:38:47,8581,13627,59733,579504225,0,0,0
v2207,20220218,20220218,133847500,13:38:47,8581,13627,59733,579504225,0,0,0
v2207,20220218,20220218,133850000,13:38:50,8581,13627,59733,579504225,0,0,0
v2207,20220218,20220218,133853000,13:38:53,8581,13627,59733,579504225,0,0,0
v2207,20220218,20220218,133856000,13:38:56,8581,13627,59733,579504225,0,0,0
v2207,20220218,20220218,133856500,13:38:56,8581,13627,59733,579504225,0,0,0
v2207,20220218,20220218,133858000,13:38:58,8581,13627,59733,579504225,0,0,0
v2207,20220218,20220218,133901500,13:39:01,8581,13627,59733,579504225,0,0,0
v2207,20220218,20220218,133902000,13:39:02,8581,13627,59733,579504225,0,0,0
v2207,20220218,20220218,133903500,13:39:03,8581,13627,59733,579504225,0,0,0
v2207,20220218,20220218,133907000,13:39:07,8581,13627,59733,579504225,0,0,0
v2207,20220218,20220218,133908500,13:39:08,8581,13627,59733,579504225,0,0,0
v2207,20220218,20220218,133909000,13:39:09,8581,13627,59733,579504225,0,0,0
v2207,20220218,20220218,133910500,13:39:10,8581,13627,59733,579504225,0,0,0
v2207,20220218,20220218,133912000,13:39:12,8581,13627,59733,579504225,0,0,0
v2207,20220218,20220218,133913500,13:39:13,8581,13627,59733,579504225,0,0,0
v2207,20220218,20220218,133914000,13:39:15,8581,13627,59733,579504225,0,0,0
v2207,20220218,20220218,133914500,13:39:16,8581,13627,59733,579504225,0,0,0
v2207,20220218,20220218,133915000,13:39:19,8581,13627,59733,579504225,0,0,0
v2207,20220218,20220218,133915500,13:39:19,8581,13627,59733,579504225,0,0,0
v2207,20220218,20220218,133918000,13:39:19,8581,13627,59733,579504225,0,0,0
v2207,20220218,20220218,133919000,13:39:19,8581,13627,59733,579504225,0,0,0
v2207,20220218,20220218,133919500,13:39:19,8582,13668,59743,581264285,41,10,1760060
v2207,20220218,20220218,133920500,13:39:20,8582,13668,59743,581264285,0,0,0
v2207,20220218,20220218,133922000,13:39:22,8582,13668,59743,581264285,0,0,0
v2207,20220218,20220218,133923500,13:39:23,8582,13668,59743,581264285,0,0,0
v2207,20220218,20220218,133924000,13:39:24,8582,13668,59743,581264285,0,0,0
v2207,20220218,20220218,133925000,13:39:25,8582,13668,59743,581264285,0,0,0
v2207,20220218,20220218,133925500,13:39:26,8582,13668,59743,581264285,0,0,0
v2207,20220218,20220218,133927500,13:39:27,8582,13668,59743,581264285,0,0,0
v2207,20220218,20220218,133928500,13:39:28,8582,13668,59743,581264285,0,0,0
v2207,20220218,20220218,133930500,13:39:30,8582,13668,59743,581264285,0,0,0
v2207,20220218,20220218,133932000,13:39:32,8582,13668,59743,581264285,0,0,0
v2207,20220218,20220218,133933000,13:39:33,8582,13668,59743,581264285,0,0,0
v2207,20220218,20220218,133934000,13:39:34,8580,13680,59749,581779095,12,6,514810
v2207,20220218,20220218,133935500,13:39:35,8580,13682,59749,581864895,2,0,85800
v2207,20220218,20220218,133936500,13:39:36,8580,13682,59749,581864895,0,0,0
v2207,20220218,20220218,133937500,13:39:37,8581,13684,59747,581950705,2,-2,85810
