y2207,20220218,20220218,112003000,11:20:08,9838,25287,136580,2500135960,25287,-10,2500135960
y2207,20220218,20220218,112004500,11:20:10,9838,25287,136580,2500135960,0,0,0
y2207,20220218,20220218,112006000,11:20:10,9838,25287,136580,2500135960,0,0,0
y2207,20220218,20220218,112006500,11:20:10,9838,25287,136580,2500135960,0,0,0
y2207,20220218,20220218,112007000,11:20:10,9838,25287,136580,2500135960,0,0,0
y2207,20220218,20220218,112007500,11:20:10,9838,25287,136580,2500135960,0,0,0
y2207,20220218,20220218,112008000,11:20:10,9840,25289,136578,2500332760,2,-2,196800
y2207,20220218,20220218,112008500,11:20:10,9840,25289,136578,2500332760,0,0,0
y2207,20220218,20220218,112009000,11:20:10,9840,25289,136578,2500332760,0,0,0
y2207,20220218,20220218,112009500,11:20:10,9840,25289,136578,2500332760,0,0,0
y2207,20220218,20220218,112011500,11:20:12,9840,25289,136578,2500332760,0,0,0
y2207,20220218,20220218,112012000,11:20:12,9840,25289,136578,2500332760,0,0,0
y2207,20220218,20220218,112012500,11:20:12,9840,25289,136578,2500332760,0,0,0
y2207,20220218,20220218,112013000,11:20:13,9840,25289,136578,2500332760,0,0,0
y2207,20220218,20220218,112013500,11:20:13,9840,25289,136578,2500332760,0,0,0
y2207,20220218,20220218,112014000,11:20:14,9840,25289,136578,2500332760,0,0,0
y2207,20220218,20220218,112014500,11:20:14,9840,25289,136578,2500332760,0,0,0
y2207,20220218,20220218,112015000,11:20:15,9840,25289,136578,2500332760,0,0,0
y2207,20220218,20220218,112015500,11:20:16,9840,25289,136578,2500332760,0,0,0
y2207,20220218,20220218,112016000,11:20:16,9840,25289,136578,2500332760,0,0,0
y2207,20220218,20220218,112016500,11:20:16,9840,25289,136578,2500332760,0,0,0
y2207,20220218,20220218,112017500,11:20:17,9840,25289,136578,2500332760,0,0,0
y2207,20220218,20220218,112018000,11:20:18,9840,25289,136578,2500332760,0,0,0
y2207,20220218,20220218,112018500,11:20:18,9840,25289,136578,2500332760,0,0,0
y2207,20220218,20220218,112019000,11:20:19,9840,25289,136578,2500332760,0,0,0
y2207,20220218,20220218,112019500,11:20:20,9840,25289,136578,2500332760,0,0,0
y2207,20220218,20220218,112020000,11:20:20,9840,25289,136578,2500332760,0,0,0
y2207,20220218,20220218,112020500,11:20:21,9840,25289,136578,2500332760,0,0,0
y2207,20220218,20220218,112021000,11:20:21,9840,25289,136578,2500332760,0,0,0
y2207,20220218,20220218,112021500,11:20:21,9840,25289,136578,2500332760,0,0,0
y2207,20220218,20220218,112022000,11:20:22,9840,25289,136578,2500332760,0,0,0
y2207,20220218,20220218,112022500,11:20:23,9840,25289,136578,2500332760,0,0,0
y2207,20220218,20220218,112023000,11:20:23,9840,25289,136578,2500332760,0,0,0
y2207,20220218,20220218,112023500,11:20:23,9840,25289,136578,2500332760,0,0,0
y2207,20220218,20220218,112024000,11:20:24,9840,25289,136578,2500332760,0,0,0
y2207,20220218,20220218,112024500,11:20:24,9840,25289,136578,2500332760,0,0,0
y2207,20220218,20220218,112025000,11:20:25,9840,25289,136578,2500332760,0,0,0
y2207,20220218,20220218,112026000,11:20:26,9840,25289,136578,2500332760,0,0,0
y2207,20220218,20220218,112027500,11:20:28,9840,25289,136578,2500332760,0,0,0
y2207,20220218,20220218,112028000,11:20:28,9840,25289,136578,2500332760,0,0,0
y2207,20220218,20220218,112028500,11:20:28,9840,25289,136578,2500332760,0,0,0
y2207,20220218,20220218,112029000,11:20:29,9840,25289,136578,2500332760,0,0,0
y2207,20220218,20220218,112029500,11:20:31,9840,25289,136578,2500332760,0,0,0
y2207,20220218,20220218,112030000,11:20:31,9840,25289,136578,2500332760,0,0,0
y2207,20220218,20220218,112030500,11:20:31,9840,25289,136578,2500332760,0,0,0
y2207,20220218,20220218,112031000,11:20:32,9840,25289,136578,2500332760,0,0,0
y2207,20220218,20220218,112031500,11:20:32,9840,25289,136578,2500332760,0,0,0
y2207,20220218,20220218,112032000,11:20:32,9840,25289,136578,2500332760,0,0,0
y2207,20220218,20220218,112032500,11:20:32,9840,25289,136578,2500332760,0,0,0
y2207,20220218,20220218,112033000,11:20:33,9840,25289,136578,2500332760,0,0,0
y2207,20220218,20220218,112034000,11:20:34,9840,25289,136578,2500332760,0,0,0
y2207,20220218,20220218,112035000,11:20:35,9840,25289,136578,2500332760,0,0,0
y2207,20220218,20220218,112035500,11:20:35,9840,25290,136577,2500431160,1,-1,98400
y2207,20220218,20220218,112036000,11:20:36,9840,25290,136577,2500431160,0,0,0
y2207,20220218,20220218,112036500,11:20:37,9840,25290,136577,2500431160,0,0,0
y2207,20220218,20220218,112037000,11:20:37,9840,25290,136577,2500431160,0,0,0
y2207,20220218,20220218,112037500,11:20:38,9840,25290,136577,2500431160,0,0,0
y2207,20220218,20220218,112038000,11:20:38,9840,25290,136577,2500431160,0,0,0
y2207,20220218,20220218,112038500,11:20:38,9840,25290,136577,2500431160,0,0,0
y2207,20220218,20220218,112039000,11:20:39,9840,25290,136577,2500431160,0,0,0
y2207,20220218,20220218,112039500,11:20:40,9840,25290,136577,2500431160,0,0,0
y2207,20220218,20220218,112040000,11:20:40,9840,25290,136577,2500431160,0,0,0
y2207,20220218,20220218,112040500,11:20:41,9840,25290,136577,2500431160,0,0,0
y2207,20220218,20220218,112041000,11:20:41,9840,25290,136577,2500431160,0,0,0
y2207,20220218,20220218,112042000,11:20:42,9840,25290,136577,2500431160,0,0,0
y2207,20220218,20220218,112042500,11:20:42,9840,25290,136577,2500431160,0,0,0
y2207,20220218,20220218,112043000,11:20:43,9840,25290,136577,2500431160,0,0,0
y2207,20220218,20220218,112043500,11:20:44,9840,25290,136577,2500431160,0,0,0
y2207,20220218,20220218,112045500,11:20:46,9840,25290,136577,2500431160,0,0,0
y2207,20220218,20220218,112046000,11:20:46,9840,25290,136577,2500431160,0,0,0
y2207,20220218,20220218,112046500,11:20:46,9840,25290,136577,2500431160,0,0,0
y2207,20220218,20220218,112047000,11:20:48,9840,25290,136577,2500431160,0,0,0
y2207,20220218,20220218,112047500,11:20:48,9840,25290,136577,2500431160,0,0,0
y2207,20220218,20220218,112048000,11:20:48,9842,25296,136577,2501021680,6,0,590520
y2207,20220218,20220218,112048500,11:20:50,9842,25296,136577,2501021680,0,0,0
y2207,20220218,20220218,112049000,11:20:50,9842,25296,136577,2501021680,0,0,0
y2207,20220218,20220218,112049500,11:20:50,9842,25296,136577,2501021680,0,0,0
y2207,20220218,20220218,112050500,11:20:51,9842,25296,136577,2501021680,0,0,0
y2207,20220218,20220218,112051000,11:20:51,9842,25296,136577,2501021680,0,0,0
y2207,20220218,20220218,112051500,11:20:52,9842,25296,136577,2501021680,0,0,0
y2207,20220218,20220218,112052000,11:20:53,9842,25296,136577,2501021680,0,0,0
y2207,20220218,20220218,112052500,11:20:53,9842,25296,136577,2501021680,0,0,0
y2207,20220218,20220218,112053000,11:20:53,9842,25296,136577,2501021680,0,0,0
y2207,20220218,20220218,112053500,11:20:53,9842,25296,136577,2501021680,0,0,0
y2207,20220218,20220218,112054000,11:20:54,9842,25296,136577,2501021680,0,0,0
y2207,20220218,20220218,112054500,11:20:55,9842,25296,136577,2501021680,0,0,0
y2207,20220218,20220218,112055000,11:20:55,9844,25299,136579,2501317000,3,2,295320
y2207,20220218,20220218,112055500,11:20:56,9844,25299,136579,2501317000,0,0,0
y2207,20220218,20220218,112056000,11:20:56,9844,25299,136579,2501317000,0,0,0
y2207,20220218,20220218,112056500,11:20:57,9844,25299,136579,2501317000,0,0,0
y2207,20220218,20220218,112057000,11:20:58,9844,25299,136579,2501317000,0,0,0
y2207,20220218,20220218,112101500,11:21:02,9844,25299,136579,2501317000,0,0,0
y2207,20220218,20220218,112102500,11:21:03,9844,25299,136579,2501317000,0,0,0
y2207,20220218,20220218,112103000,11:21:03,9844,25299,136579,2501317000,0,0,0
y2207,20220218,20220218,112103500,11:21:04,9844,25299,136579,2501317000,0,0,0
y2207,20220218,20220218,112104000,11:21:04,9844,25299,136579,2501317000,0,0,0
y2207,20220218,20220218,112104500,11:21:05,9844,25299,136579,2501317000,0,0,0
y2207,20220218,20220218,112105000,11:21:06,9844,25299,136579,2501317000,0,0,0
y2207,20220218,20220218,112105500,11:21:07,9844,25299,136579,2501317000,0,0,0
y2207,20220218,20220218,112107500,11:21:10,9844,25299,136579,2501317000,0,0,0
y2207,20220218,20220218,112108000,11:21:10,9844,25299,136579,2501317000,0,0,0
y2207,20220218,20220218,112109500,11:21:11,9844,25299,136579,2501317000,0,0,0
y2207,20220218,20220218,112110500,11:21:11,9844,25302,136579,2501612320,3,0,295320
y2207,20220218,20220218,112116000,11:21:16,9846,25303,136578,2501710780,1,-1,98460
y2207,20220218,20220218,112116500,11:21:17,9846,25303,136578,2501710780,0,0,0
y2207,20220218,20220218,112117000,11:21:17,9846,25303,136578,2501710780,0,0,0
y2207,20220218,20220218,112117500,11:21:18,9846,25303,136578,2501710780,0,0,0
y2207,20220218,20220218,112118000,11:21:18,9846,25303,136578,2501710780,0,0,0
y2207,20220218,20220218,112118500,11:21:18,9846,25303,136578,2501710780,0,0,0
y2207,20220218,20220218,112119000,11:21:19,9846,25303,136578,2501710780,0,0,0
y2207,20220218,20220218,112119500,11:21:20,9848,25305,136576,2501907740,2,-2,196960
y2207,20220218,20220218,112120000,11:21:20,9848,25305,136576,2501907740,0,0,0
y2207,20220218,20220218,112120500,11:21:22,9848,25307,136574,2502104700,2,-2,196960
y2207,20220218,20220218,112121000,11:21:22,9848,25308,136573,2502203180,1,-1,98480
y2207,20220218,20220218,112121500,11:21:22,9848,25308,136573,2502203180,0,0,0
y2207,20220218,20220218,112122000,11:21:22,9848,25308,136573,2502203180,0,0,0
y2207,20220218,20220218,112122500,11:21:22,9848,25308,136573,2502203180,0,0,0
y2207,20220218,20220218,112123000,11:21:23,9848,25308,136573,2502203180,0,0,0
y2207,20220218,20220218,112123500,11:21:24,9848,25308,136573,2502203180,0,0,0
y2207,20220218,20220218,112124000,11:21:24,9848,25308,136573,2502203180,0,0,0
y2207,20220218,20220218,112124500,11:21:25,9848,25308,136573,2502203180,0,0,0
y2207,20220218,20220218,112125000,11:22:28,9848,25308,136573,2502203180,0,0,0
y2207,20220218,20220218,112125500,11:23:32,9848,25308,136573,2502203180,0,0,0
y2207,20220218,20220218,112126000,11:23:33,9848,25308,136573,2502203180,0,0,0
y2207,20220218,20220218,112332000,11:23:33,9848,25308,136573,2502203180,0,0,0
y2207,20220218,20220218,112333000,11:23:33,9848,25308,136573,2502203180,0,0,0
y2207,20220218,20220218,112333500,11:23:33,9848,25308,136573,2502203180,0,0,0
y2207,20220218,20220218,112334000,11:23:34,9848,25308,136573,2502203180,0,0,0
y2207,20220218,20220218,112335500,11:23:35,9848,25308,136573,2502203180,0,0,0
y2207,20220218,20220218,112336000,11:23:36,9848,25308,136573,2502203180,0,0,0
y2207,20220218,20220218,112338000,11:23:38,9848,25308,136573,2502203180,0,0,0
y2207,20220218,20220218,112338500,11:23:38,9848,25308,136573,2502203180,0,0,0
y2207,20220218,20220218,112339000,11:23:39,9848,25308,136573,2502203180,0,0,0
y2207,20220218,20220218,112340000,11:23:40,9848,25308,136573,2502203180,0,0,0
y2207,20220218,20220218,112340500,11:23:40,9848,25308,136573,2502203180,0,0,0
y2207,20220218,20220218,112341000,11:23:41,9848,25308,136573,2502203180,0,0,0
y2207,20220218,20220218,112341500,11:23:42,9848,25308,136573,2502203180,0,0,0
y2207,20220218,20220218,112342000,11:23:42,9848,25308,136573,2502203180,0,0,0
y2207,20220218,20220218,112342500,11:23:43,9848,25308,136573,2502203180,0,0,0
y2207,20220218,20220218,112343000,11:23:43,9848,25308,136573,2502203180,0,0,0
y2207,20220218,20220218,112343500,11:23:43,9848,25308,136573,2502203180,0,0,0
y2207,20220218,20220218,112344000,11:23:48,9848,25308,136573,2502203180,0,0,0
y2207,20220218,20220218,112344500,11:23:48,9848,25308,136573,2502203180,0,0,0
y2207,20220218,20220218,112345000,11:23:48,9848,25308,136573,2502203180,0,0,0
y2207,20220218,20220218,112345500,11:23:48,9848,25308,136573,2502203180,0,0,0
y2207,20220218,20220218,112348000,11:23:48,9848,25308,136573,2502203180,0,0,0
y2207,20220218,20220218,112355000,11:23:55,9848,25308,136573,2502203180,0,0,0
y2207,20220218,20220218,112355500,11:23:55,9848,25308,136573,2502203180,0,0,0
y2207,20220218,20220218,112356000,11:23:56,9848,25308,136573,2502203180,0,0,0
y2207,20220218,20220218,112356500,11:23:56,9848,25308,136573,2502203180,0,0,0
y2207,20220218,20220218,112357000,11:23:57,9848,25308,136573,2502203180,0,0,0
y2207,20220218,20220218,112357500,11:23:57,9848,25308,136573,2502203180,0,0,0
y2207,20220218,20220218,112358000,11:23:58,9848,25308,136573,2502203180,0,0,0
y2207,20220218,20220218,112358500,11:23:58,9848,25308,136573,2502203180,0,0,0
y2207,20220218,20220218,112401500,11:24:01,9848,25308,136573,2502203180,0,0,0
y2207,20220218,20220218,112402000,11:24:02,9848,25308,136573,2502203180,0,0,0
y2207,20220218,20220218,112412500,11:24:13,9848,25308,136573,2502203180,0,0,0
y2207,20220218,20220218,112416500,11:24:17,9852,25319,136580,2503286420,11,7,1083240
y2207,20220218,20220218,112417000,11:24:17,9852,25319,136580,2503286420,0,0,0
y2207,20220218,20220218,112417500,11:24:18,9852,25319,136580,2503286420,0,0,0
y2207,20220218,20220218,112418500,11:24:19,9854,25323,136580,2503680580,4,0,394160
y2207,20220218,20220218,112419000,11:24:19,9854,25328,136577,2504173280,5,-3,492700
y2207,20220218,20220218,112419500,11:24:20,9854,25328,136577,2504173280,0,0,0
y2207,20220218,20220218,112420000,11:24:20,9854,25328,136577,2504173280,0,0,0
y2207,20220218,20220218,112420500,11:24:20,9854,25328,136577,2504173280,0,0,0
y2207,20220218,20220218,112421000,11:24:21,9854,25328,136577,2504173280,0,0,0
y2207,20220218,20220218,112422000,11:24:22,9854,25328,136577,2504173280,0,0,0
y2207,20220218,20220218,112422500,11:24:23,9854,25328,136577,2504173280,0,0,0
y2207,20220218,20220218,112423000,11:24:23,9854,25328,136577,2504173280,0,0,0
y2207,20220218,20220218,112423500,11:24:24,9854,25328,136577,2504173280,0,0,0
y2207,20220218,20220218,112425500,11:24:25,9854,25328,136577,2504173280,0,0,0
y2207,20220218,20220218,112426000,11:24:26,9854,25328,136577,2504173280,0,0,0
y2207,20220218,20220218,112426500,11:24:26,9854,25328,136577,2504173280,0,0,0
y2207,20220218,20220218,112427000,11:24:27,9854,25328,136577,2504173280,0,0,0
y2207,20220218,20220218,112427500,11:24:28,9854,25328,136577,2504173280,0,0,0
y2207,20220218,20220218,112428000,11:24:28,9854,25328,136577,2504173280,0,0,0
y2207,20220218,20220218,112428500,11:24:28,9854,25328,136577,2504173280,0,0,0
y2207,20220218,20220218,112429000,11:24:29,9854,25328,136577,2504173280,0,0,0
y2207,20220218,20220218,112429500,11:24:29,9854,25328,136577,2504173280,0,0,0
y2207,20220218,20220218,112430000,11:24:30,9854,25328,136577,2504173280,0,0,0
y2207,20220218,20220218,112430500,11:24:30,9854,25328,136577,2504173280,0,0,0
y2207,20220218,20220218,112431500,11:24:31,9854,25328,136577,2504173280,0,0,0
y2207,20220218,20220218,112432000,11:24:32,9856,25336,136577,2504961760,8,0,788480
y2207,20220218,20220218,112432500,11:24:32,9856,25342,136571,2505553120,6,-6,591360
y2207,20220218,20220218,112433000,11:24:33,9856,25342,136571,2505553120,0,0,0
y2207,20220218,20220218,112433500,11:24:33,9856,25342,136571,2505553120,0,0,0
y2207,20220218,20220218,112434000,11:24:34,9856,25342,136571,2505553120,0,0,0
y2207,20220218,20220218,112434500,11:24:34,9856,25342,136571,2505553120,0,0,0
y2207,20220218,20220218,112435000,11:24:35,9856,25342,136571,2505553120,0,0,0
y2207,20220218,20220218,112435500,11:24:35,9856,25342,136571,2505553120,0,0,0
y2207,20220218,20220218,112436000,11:24:36,9856,25342,136571,2505553120,0,0,0
y2207,20220218,20220218,112436500,11:24:36,9856,25342,136571,2505553120,0,0,0
y2207,20220218,20220218,112437000,11:24:37,9856,25342,136571,2505553120,0,0,0
y2207,20220218,20220218,112437500,11:24:39,9856,25342,136571,2505553120,0,0,0
y2207,20220218,20220218,112438000,11:24:39,9856,25342,136571,2505553120,0,0,0
y2207,20220218,20220218,112438500,11:24:40,9856,25342,136571,2505553120,0,0,0
y2207,20220218,20220218,112439000,11:24:40,9856,25342,136571,2505553120,0,0,0
y2207,20220218,20220218,112439500,11:24:40,9856,25342,136571,2505553120,0,0,0
y2207,20220218,20220218,112440000,11:24:40,9856,25342,136571,2505553120,0,0,0
y2207,20220218,20220218,112440500,11:24:40,9856,25342,136571,2505553120,0,0,0
y2207,20220218,20220218,112441000,11:24:41,9856,25342,136571,2505553120,0,0,0
y2207,20220218,20220218,112441500,11:24:41,9856,25342,136571,2505553120,0,0,0
y2207,20220218,20220218,112442000,11:24:42,9856,25342,136571,2505553120,0,0,0
y2207,20220218,20220218,112442500,11:24:42,9856,25342,136571,2505553120,0,0,0
y2207,20220218,20220218,112444500,11:24:44,9856,25342,136571,2505553120,0,0,0
y2207,20220218,20220218,112446000,11:24:46,9856,25342,136571,2505553120,0,0,0
y2207,20220218,20220218,112446500,11:24:46,9856,25342,136571,2505553120,0,0,0
y2207,20220218,20220218,112447000,11:24:47,9856,25342,136571,2505553120,0,0,0
y2207,20220218,20220218,112448000,11:24:48,9856,25342,136571,2505553120,0,0,0
y2207,20220218,20220218,112449000,11:24:49,9858,25344,136569,2505750280,2,-2,197160
y2207,20220218,20220218,112449500,11:24:49,9858,25344,136569,2505750280,0,0,0
y2207,20220218,20220218,112450500,11:24:50,9858,25344,136569,2505750280,0,0,0
y2207,20220218,20220218,112451000,11:24:51,9858,25344,136569,2505750280,0,0,0
y2207,20220218,20220218,112453500,11:24:53,9858,25344,136569,2505750280,0,0,0
y2207,20220218,20220218,112454000,11:24:54,9858,25344,136569,2505750280,0,0,0
y2207,20220218,20220218,112454500,11:24:54,9858,25351,136571,2506440340,7,2,690060
y2207,20220218,20220218,112455000,11:24:55,9858,25351,136571,2506440340,0,0,0
y2207,20220218,20220218,112455500,11:24:56,9858,25351,136571,2506440340,0,0,0
y2207,20220218,20220218,112456000,11:24:56,9858,25351,136571,2506440340,0,0,0
y2207,20220218,20220218,112456500,11:24:56,9858,25351,136571,2506440340,0,0,0
y2207,20220218,20220218,112457500,11:24:57,9858,25351,136571,2506440340,0,0,0
y2207,20220218,20220218,112458000,11:24:58,9858,25351,136571,2506440340,0,0,0
y2207,20220218,20220218,112459000,11:24:59,9858,25351,136571,2506440340,0,0,0
y2207,20220218,20220218,112459500,11:24:59,9858,25351,136571,2506440340,0,0,0
y2207,20220218,20220218,112500500,11:25:01,9858,25351,136571,2506440340,0,0,0
y2207,20220218,20220218,112501000,11:25:02,9858,25351,136571,2506440340,0,0,0
y2207,20220218,20220218,112504500,11:25:06,9858,25351,136571,2506440340,0,0,0
y2207,20220218,20220218,112505500,11:25:06,9858,25351,136571,2506440340,0,0,0
y2207,20220218,20220218,112506000,11:25:07,9858,25351,136571,2506440340,0,0,0
y2207,20220218,20220218,112506500,11:25:07,9858,25351,136571,2506440340,0,0,0
y2207,20220218,20220218,112507000,11:25:07,9858,25351,136571,2506440340,0,0,0
y2207,20220218,20220218,112514500,11:25:16,9858,25351,136571,2506440340,0,0,0
y2207,20220218,20220218,112515500,11:25:16,9858,25351,136571,2506440340,0,0,0
y2207,20220218,20220218,112516000,11:25:16,9858,25352,136572,2506538920,1,1,98580
y2207,20220218,20220218,112516500,11:25:16,9858,25352,136572,2506538920,0,0,0
y2207,20220218,20220218,112517000,11:25:18,9858,25352,136572,2506538920,0,0,0
y2207,20220218,20220218,112517500,11:25:18,9858,25352,136572,2506538920,0,0,0
y2207,20220218,20220218,112518000,11:25:19,9860,25364,136584,2507722120,12,12,1183200
y2207,20220218,20220218,112518500,11:25:19,9860,25364,136584,2507722120,0,0,0
y2207,20220218,20220218,112519000,11:25:19,9860,25365,136583,2507820720,1,-1,98600
y2207,20220218,20220218,112519500,11:25:20,9860,25365,136583,2507820720,0,0,0
y2207,20220218,20220218,112520000,11:25:21,9860,25365,136583,2507820720,0,0,0
y2207,20220218,20220218,112520500,11:25:21,9860,25365,136583,2507820720,0,0,0
y2207,20220218,20220218,112522000,11:25:22,9862,25368,136583,2508116580,3,0,295860
y2207,20220218,20220218,112522500,11:25:23,9862,25368,136583,2508116580,0,0,0
y2207,20220218,20220218,112523000,11:25:23,9862,25368,136583,2508116580,0,0,0
y2207,20220218,20220218,112523500,11:25:24,9866,25369,136582,2508215240,1,-1,98660
y2207,20220218,20220218,112524000,11:25:25,9866,25369,136582,2508215240,0,0,0
y2207,20220218,20220218,112524500,11:25:25,9864,25373,136578,2508609800,4,-4,394560
y2207,20220218,20220218,112525000,11:25:25,9864,25378,136580,2509103000,5,2,493200
y2207,20220218,20220218,112525500,11:25:26,9864,25381,136581,2509398920,3,1,295920
y2207,20220218,20220218,112526000,11:25:26,9864,25381,136581,2509398920,0,0,0
y2207,20220218,20220218,112526500,11:25:27,9864,25381,136581,2509398920,0,0,0
y2207,20220218,20220218,112527000,11:25:28,9864,25381,136581,2509398920,0,0,0
y2207,20220218,20220218,112527500,11:25:28,9864,25381,136581,2509398920,0,0,0
y2207,20220218,20220218,112528000,11:25:28,9864,25381,136581,2509398920,0,0,0
y2207,20220218,20220218,112528500,11:25:28,9864,25381,136581,2509398920,0,0,0
y2207,20220218,20220218,112529000,11:25:29,9862,25382,136580,2509497540,1,-1,98620
y2207,20220218,20220218,112529500,11:25:30,9862,25382,136580,2509497540,0,0,0
y2207,20220218,20220218,112530000,11:25:31,9862,25382,136580,2509497540,0,0,0
y2207,20220218,20220218,112530500,11:25:31,9862,25382,136580,2509497540,0,0,0
y2207,20220218,20220218,112531000,11:25:31,9862,25382,136580,2509497540,0,0,0
y2207,20220218,20220218,112531500,11:25:32,9862,25382,136580,2509497540,0,0,0
y2207,20220218,20220218,112532000,11:25:32,9862,25385,136580,2509793400,3,0,295860
y2207,20220218,20220218,112532500,11:25:33,9862,25385,136580,2509793400,0,0,0
y2207,20220218,20220218,112533000,11:25:33,9862,25388,136580,2510089260,3,0,295860
y2207,20220218,20220218,112533500,11:25:33,9862,25390,136580,2510286500,2,0,197240
y2207,20220218,20220218,112534000,11:25:34,9862,25390,136580,2510286500,0,0,0
y2207,20220218,20220218,112534500,11:25:36,9862,25390,136580,2510286500,0,0,0
y2207,20220218,20220218,112535000,11:25:36,9862,25390,136580,2510286500,0,0,0
y2207,20220218,20220218,112535500,11:25:37,9862,25390,136580,2510286500,0,0,0
y2207,20220218,20220218,112536000,11:25:37,9862,25390,136580,2510286500,0,0,0
y2207,20220218,20220218,112536500,11:25:37,9862,25390,136580,2510286500,0,0,0
y2207,20220218,20220218,112537000,11:25:38,9862,25390,136580,2510286500,0,0,0
y2207,20220218,20220218,112537500,11:25:38,9862,25390,136580,2510286500,0,0,0
y2207,20220218,20220218,112538000,11:25:38,9862,25390,136580,2510286500,0,0,0
y2207,20220218,20220218,112538500,11:25:39,9862,25390,136580,2510286500,0,0,0
y2207,20220218,20220218,112540000,11:25:40,9862,25390,136580,2510286500,0,0,0
y2207,20220218,20220218,112540500,11:25:41,9862,25390,136580,2510286500,0,0,0
y2207,20220218,20220218,112541500,11:25:41,9862,25390,136580,2510286500,0,0,0
y2207,20220218,20220218,112542000,11:25:42,9862,25390,136580,2510286500,0,0,0
y2207,20220218,20220218,112542500,11:25:43,9862,25390,136580,2510286500,0,0,0
y2207,20220218,20220218,112543500,11:25:43,9862,25390,136580,2510286500,0,0,0
y2207,20220218,20220218,112544000,11:25:44,9862,25390,136580,2510286500,0,0,0
y2207,20220218,20220218,112544500,11:25:44,9862,25390,136580,2510286500,0,0,0
y2207,20220218,20220218,112545000,11:25:45,9862,25390,136580,2510286500,0,0,0
y2207,20220218,20220218,112545500,11:25:46,9862,25390,136580,2510286500,0,0,0
y2207,20220218,20220218,112546000,11:25:47,9864,25391,136579,2510385140,1,-1,98640
y2207,20220218,20220218,112546500,11:25:47,9864,25391,136579,2510385140,0,0,0
y2207,20220218,20220218,112547000,11:25:48,9864,25391,136579,2510385140,0,0,0
y2207,20220218,20220218,112547500,11:25:48,9864,25391,136579,2510385140,0,0,0
y2207,20220218,20220218,112548000,11:25:48,9864,25391,136579,2510385140,0,0,0
y2207,20220218,20220218,112548500,11:25:48,9864,25391,136579,2510385140,0,0,0
y2207,20220218,20220218,112549000,11:25:49,9864,25391,136579,2510385140,0,0,0
y2207,20220218,20220218,112549500,11:25:49,9864,25391,136579,2510385140,0,0,0
y2207,20220218,20220218,112550000,11:25:50,9864,25391,136579,2510385140,0,0,0
y2207,20220218,20220218,112550500,11:25:51,9864,25391,136579,2510385140,0,0,0
y2207,20220218,20220218,112551000,11:25:51,9864,25391,136579,2510385140,0,0,0
y2207,20220218,20220218,112551500,11:25:51,9864,25391,136579,2510385140,0,0,0
y2207,20220218,20220218,112552000,11:25:52,9864,25391,136579,2510385140,0,0,0
y2207,20220218,20220218,112552500,11:25:53,9864,25391,136579,2510385140,0,0,0
y2207,20220218,20220218,112553000,11:25:53,9864,25391,136579,2510385140,0,0,0
y2207,20220218,20220218,112554000,11:25:54,9864,25391,136579,2510385140,0,0,0
y2207,20220218,20220218,112554500,11:25:55,9864,25391,136579,2510385140,0,0,0
y2207,20220218,20220218,112555000,11:25:55,9864,25391,136579,2510385140,0,0,0
y2207,20220218,20220218,112555500,11:25:57,9864,25391,136579,2510385140,0,0,0
y2207,20220218,20220218,112556000,11:25:57,9862,25397,136573,2510976860,6,-6,591720
y2207,20220218,20220218,112556500,11:25:57,9862,25397,136573,2510976860,0,0,0
y2207,20220218,20220218,112557000,11:25:57,9862,25397,136573,2510976860,0,0,0
y2207,20220218,20220218,112557500,11:25:57,9862,25397,136573,2510976860,0,0,0
y2207,20220218,20220218,112558000,11:25:59,9862,25397,136573,2510976860,0,0,0
y2207,20220218,20220218,112558500,11:25:59,9862,25397,136573,2510976860,0,0,0
y2207,20220218,20220218,112559000,11:26:00,9862,25397,136573,2510976860,0,0,0
y2207,20220218,20220218,112600000,11:26:00,9862,25397,136573,2510976860,0,0,0
y2207,20220218,20220218,112600500,11:26:01,9862,25397,136573,2510976860,0,0,0
y2207,20220218,20220218,112601000,11:26:01,9862,25397,136573,2510976860,0,0,0
y2207,20220218,20220218,112601500,11:26:03,9862,25397,136573,2510976860,0,0,0
y2207,20220218,20220218,112602000,11:26:03,9862,25397,136573,2510976860,0,0,0
y2207,20220218,20220218,112602500,11:26:03,9862,25397,136573,2510976860,0,0,0
y2207,20220218,20220218,112603000,11:26:03,9862,25397,136573,2510976860,0,0,0
y2207,20220218,20220218,112603500,11:26:04,9862,25397,136573,2510976860,0,0,0
y2207,20220218,20220218,112605000,11:26:05,9864,25399,136573,2511174140,2,0,197280
y2207,20220218,20220218,112605500,11:26:06,9864,25399,136573,2511174140,0,0,0
y2207,20220218,20220218,112606000,11:26:06,9864,25399,136573,2511174140,0,0,0
y2207,20220218,20220218,112606500,11:26:07,9866,25412,136579,2512456720,13,6,1282580
y2207,20220218,20220218,112607000,11:26:09,9866,25412,136579,2512456720,0,0,0
y2207,20220218,20220218,112607500,11:26:09,9868,25413,136579,2512555400,1,0,98680
y2207,20220218,20220218,112609000,11:26:10,9868,25413,136579,2512555400,0,0,0
y2207,20220218,20220218,112609500,11:26:10,9868,25413,136579,2512555400,0,0,0
y2207,20220218,20220218,112610000,11:26:10,9868,25413,136579,2512555400,0,0,0
y2207,20220218,20220218,112610500,11:26:11,9868,25413,136579,2512555400,0,0,0
y2207,20220218,20220218,112611000,11:26:11,9868,25413,136579,2512555400,0,0,0
y2207,20220218,20220218,112611500,11:26:13,9868,25413,136579,2512555400,0,0,0
y2207,20220218,20220218,112612000,11:26:14,9868,25413,136579,2512555400,0,0,0
y2207,20220218,20220218,112612500,11:26:15,9868,25413,136579,2512555400,0,0,0
y2207,20220218,20220218,112613000,11:26:15,9868,25413,136579,2512555400,0,0,0
y2207,20220218,20220218,112614000,11:26:15,9868,25413,136579,2512555400,0,0,0
y2207,20220218,20220218,112614500,11:26:16,9868,25413,136579,2512555400,0,0,0
y2207,20220218,20220218,112615000,11:26:16,9868,25413,136579,2512555400,0,0,0
y2207,20220218,20220218,112615500,11:26:16,9868,25413,136579,2512555400,0,0,0
y2207,20220218,20220218,112616000,11:26:16,9868,25413,136579,2512555400,0,0,0
y2207,20220218,20220218,112616500,11:26:17,9868,25413,136579,2512555400,0,0,0
y2207,20220218,20220218,112617000,11:26:17,9868,25413,136579,2512555400,0,0,0
y2207,20220218,20220218,112617500,11:26:17,9868,25413,136579,2512555400,0,0,0
y2207,20220218,20220218,112618000,11:26:18,9868,25413,136579,2512555400,0,0,0
y2207,20220218,20220218,112618500,11:26:19,9868,25413,136579,2512555400,0,0,0
y2207,20220218,20220218,112619000,11:26:19,9868,25413,136579,2512555400,0,0,0
y2207,20220218,20220218,112619500,11:26:20,9868,25413,136579,2512555400,0,0,0
y2207,20220218,20220218,112620000,11:26:20,9868,25413,136579,2512555400,0,0,0
y2207,20220218,20220218,112620500,11:26:20,9868,25413,136579,2512555400,0,0,0
y2207,20220218,20220218,112621000,11:26:21,9868,25413,136579,2512555400,0,0,0
y2207,20220218,20220218,112621500,11:26:21,9868,25413,136579,2512555400,0,0,0
y2207,20220218,20220218,112622000,11:26:22,9868,25413,136579,2512555400,0,0,0
y2207,20220218,20220218,112622500,11:26:23,9870,25423,136579,2513542400,10,0,987000
y2207,20220218,20220218,112623000,11:26:23,9870,25423,136579,2513542400,0,0,0
y2207,20220218,20220218,112623500,11:26:23,9870,25423,136579,2513542400,0,0,0
y2207,20220218,20220218,112624000,11:26:24,9870,25423,136579,2513542400,0,0,0
y2207,20220218,20220218,112624500,11:26:24,9870,25423,136579,2513542400,0,0,0
y2207,20220218,20220218,112625000,11:26:25,9870,25423,136579,2513542400,0,0,0
y2207,20220218,20220218,112625500,11:26:26,9870,25423,136579,2513542400,0,0,0
y2207,20220218,20220218,112626000,11:26:26,9870,25423,136579,2513542400,0,0,0
y2207,20220218,20220218,112626500,11:26:27,9870,25423,136579,2513542400,0,0,0
y2207,20220218,20220218,112627000,11:26:27,9870,25423,136579,2513542400,0,0,0
y2207,20220218,20220218,112627500,11:26:27,9870,25423,136579,2513542400,0,0,0
y2207,20220218,20220218,112628000,11:26:28,9870,25423,136579,2513542400,0,0,0
y2207,20220218,20220218,112628500,11:26:28,9870,25423,136579,2513542400,0,0,0
y2207,20220218,20220218,112629000,11:26:30,9870,25423,136579,2513542400,0,0,0
y2207,20220218,20220218,112629500,11:26:31,9872,25424,136580,2513641120,1,1,98720
y2207,20220218,20220218,112630000,11:26:31,9872,25424,136580,2513641120,0,0,0
y2207,20220218,20220218,112630500,11:26:31,9872,25424,136580,2513641120,0,0,0
y2207,20220218,20220218,112631000,11:26:31,9872,25424,136580,2513641120,0,0,0
y2207,20220218,20220218,112631500,11:26:32,9872,25424,136580,2513641120,0,0,0
y2207,20220218,20220218,112632000,11:26:32,9872,25424,136580,2513641120,0,0,0
y2207,20220218,20220218,112632500,11:26:32,9872,25424,136580,2513641120,0,0,0
y2207,20220218,20220218,112633000,11:26:33,9872,25424,136580,2513641120,0,0,0
y2207,20220218,20220218,112633500,11:26:34,9872,25424,136580,2513641120,0,0,0
y2207,20220218,20220218,112634000,11:26:36,9872,25424,136580,2513641120,0,0,0
y2207,20220218,20220218,112634500,11:26:37,9872,25424,136580,2513641120,0,0,0
y2207,20220218,20220218,112635000,11:26:37,9872,25424,136580,2513641120,0,0,0
y2207,20220218,20220218,112635500,11:26:38,9872,25424,136580,2513641120,0,0,0
y2207,20220218,20220218,112637000,11:26:54,9872,25424,136580,2513641120,0,0,0
y2207,20220218,20220218,112638000,11:27:10,9872,25424,136580,2513641120,0,0,0
y2207,20220218,20220218,112653500,11:27:12,9872,25424,136580,2513641120,0,0,0
y2207,20220218,20220218,112710000,11:27:12,9872,25424,136580,2513641120,0,0,0
y2207,20220218,20220218,112710500,11:27:12,9872,25424,136580,2513641120,0,0,0
y2207,20220218,20220218,112712000,11:27:13,9872,25424,136580,2513641120,0,0,0
y2207,20220218,20220218,112712500,11:27:13,9872,25424,136580,2513641120,0,0,0
y2207,20220218,20220218,112713000,11:27:14,9872,25424,136580,2513641120,0,0,0
y2207,20220218,20220218,112713500,11:27:14,9872,25424,136580,2513641120,0,0,0
y2207,20220218,20220218,112715000,11:27:16,9872,25424,136580,2513641120,0,0,0
y2207,20220218,20220218,112715500,11:27:16,9872,25424,136580,2513641120,0,0,0
y2207,20220218,20220218,112716000,11:27:17,9872,25424,136580,2513641120,0,0,0
y2207,20220218,20220218,112716500,11:27:17,9872,25424,136580,2513641120,0,0,0
y2207,20220218,20220218,112717000,11:27:17,9872,25424,136580,2513641120,0,0,0
y2207,20220218,20220218,112717500,11:27:17,9872,25424,136580,2513641120,0,0,0
y2207,20220218,20220218,112718000,11:27:18,9872,25424,136580,2513641120,0,0,0
y2207,20220218,20220218,112718500,11:27:19,9872,25424,136580,2513641120,0,0,0
y2207,20220218,20220218,112719000,11:27:19,9872,25424,136580,2513641120,0,0,0
y2207,20220218,20220218,112719500,11:27:20,9872,25424,136580,2513641120,0,0,0
y2207,20220218,20220218,112720000,11:27:20,9872,25424,136580,2513641120,0,0,0
y2207,20220218,20220218,112720500,11:27:21,9872,25424,136580,2513641120,0,0,0
y2207,20220218,20220218,112721000,11:27:21,9872,25424,136580,2513641120,0,0,0
y2207,20220218,20220218,112721500,11:27:22,9872,25424,136580,2513641120,0,0,0
y2207,20220218,20220218,112722000,11:27:22,9872,25424,136580,2513641120,0,0,0
y2207,20220218,20220218,112722500,11:27:23,9872,25424,136580,2513641120,0,0,0
y2207,20220218,20220218,112723000,11:27:26,9872,25424,136580,2513641120,0,0,0
y2207,20220218,20220218,112723500,11:27:27,9870,25454,136573,2516602280,30,-7,2961160
y2207,20220218,20220218,112724000,11:27:27,9870,25454,136573,2516602280,0,0,0
y2207,20220218,20220218,112726500,11:27:27,9870,25454,136573,2516602280,0,0,0
y2207,20220218,20220218,112727000,11:27:27,9870,25454,136573,2516602280,0,0,0
y2207,20220218,20220218,112728000,11:27:28,9870,25454,136573,2516602280,0,0,0
y2207,20220218,20220218,112728500,11:27:28,9870,25454,136573,2516602280,0,0,0
y2207,20220218,20220218,112729000,11:27:29,9870,25454,136573,2516602280,0,0,0
y2207,20220218,20220218,112729500,11:27:30,9870,25454,136573,2516602280,0,0,0
y2207,20220218,20220218,112730000,11:27:30,9870,25454,136573,2516602280,0,0,0
y2207,20220218,20220218,112730500,11:27:31,9870,25454,136573,2516602280,0,0,0
y2207,20220218,20220218,112731000,11:27:33,9870,25454,136573,2516602280,0,0,0
y2207,20220218,20220218,112731500,11:27:35,9870,25454,136573,2516602280,0,0,0
y2207,20220218,20220218,112732000,11:27:36,9870,25454,136573,2516602280,0,0,0
y2207,20220218,20220218,112732500,11:27:36,9870,25454,136573,2516602280,0,0,0
y2207,20220218,20220218,112735500,11:27:36,9872,25457,136575,2516898440,3,2,296160
y2207,20220218,20220218,112736000,11:27:37,9872,25457,136575,2516898440,0,0,0
y2207,20220218,20220218,112736500,11:27:38,9872,25457,136575,2516898440,0,0,0
y2207,20220218,20220218,112737000,11:27:38,9872,25457,136575,2516898440,0,0,0
y2207,20220218,20220218,112737500,11:27:38,9872,25457,136575,2516898440,0,0,0
y2207,20220218,20220218,112738000,11:27:39,9872,25457,136575,2516898440,0,0,0
y2207,20220218,20220218,112738500,11:27:39,9872,25457,136575,2516898440,0,0,0
y2207,20220218,20220218,112739000,11:27:39,9872,25457,136575,2516898440,0,0,0
y2207,20220218,20220218,112739500,11:27:39,9872,25457,136575,2516898440,0,0,0
y2207,20220218,20220218,112740000,11:27:40,9872,25457,136575,2516898440,0,0,0
y2207,20220218,20220218,112740500,11:27:40,9872,25457,136575,2516898440,0,0,0
y2207,20220218,20220218,112741000,11:27:41,9872,25457,136575,2516898440,0,0,0
y2207,20220218,20220218,112741500,11:27:42,9872,25457,136575,2516898440,0,0,0
y2207,20220218,20220218,112742000,11:27:42,9872,25457,136575,2516898440,0,0,0
y2207,20220218,20220218,112742500,11:27:43,9872,25457,136575,2516898440,0,0,0
y2207,20220218,20220218,112743000,11:27:43,9872,25457,136575,2516898440,0,0,0
y2207,20220218,20220218,112743500,11:27:44,9872,25457,136575,2516898440,0,0,0
y2207,20220218,20220218,112744000,11:27:44,9872,25457,136575,2516898440,0,0,0
y2207,20220218,20220218,112744500,11:27:45,9872,25457,136575,2516898440,0,0,0
y2207,20220218,20220218,112745000,11:27:46,9872,25457,136575,2516898440,0,0,0
y2207,20220218,20220218,112745500,11:27:46,9872,25457,136575,2516898440,0,0,0
y2207,20220218,20220218,112746000,11:27:46,9872,25457,136575,2516898440,0,0,0
y2207,20220218,20220218,112746500,11:27:47,9872,25457,136575,2516898440,0,0,0
y2207,20220218,20220218,112747000,11:27:47,9872,25457,136575,2516898440,0,0,0
y2207,20220218,20220218,112747500,11:27:48,9872,25457,136575,2516898440,0,0,0
y2207,20220218,20220218,112748000,11:27:53,9872,25457,136575,2516898440,0,0,0
y2207,20220218,20220218,112748500,11:27:54,9872,25457,136575,2516898440,0,0,0
y2207,20220218,20220218,112749000,11:27:54,9872,25457,136575,2516898440,0,0,0
y2207,20220218,20220218,112749500,11:27:54,9872,25457,136575,2516898440,0,0,0
y2207,20220218,20220218,112753000,11:27:54,9872,25457,136575,2516898440,0,0,0
y2207,20220218,20220218,112754500,11:27:55,9872,25457,136575,2516898440,0,0,0
y2207,20220218,20220218,112758000,11:27:58,9870,25458,136574,2516997140,1,-1,98700
y2207,20220218,20220218,112758500,11:27:59,9870,25458,136574,2516997140,0,0,0
y2207,20220218,20220218,112759000,11:27:59,9870,25458,136574,2516997140,0,0,0
y2207,20220218,20220218,112759500,11:27:59,9870,25458,136574,2516997140,0,0,0
y2207,20220218,20220218,112800000,11:28:01,9870,25458,136574,2516997140,0,0,0
y2207,20220218,20220218,112800500,11:28:01,9870,25458,136574,2516997140,0,0,0
y2207,20220218,20220218,112801000,11:28:01,9870,25458,136574,2516997140,0,0,0
y2207,20220218,20220218,112801500,11:28:02,9870,25458,136574,2516997140,0,0,0
y2207,20220218,20220218,112802000,11:28:03,9870,25458,136574,2516997140,0,0,0
y2207,20220218,20220218,112802500,11:28:03,9870,25458,136574,2516997140,0,0,0
y2207,20220218,20220218,112804000,11:28:04,9870,25459,136574,2517095840,1,0,98700
y2207,20220218,20220218,112804500,11:28:06,9870,25459,136574,2517095840,0,0,0
y2207,20220218,20220218,112805000,11:28:06,9870,25459,136574,2517095840,0,0,0
y2207,20220218,20220218,112805500,11:28:06,9868,25465,136580,2517687920,6,6,592080
y2207,20220218,20220218,112806000,11:28:10,9868,25465,136580,2517687920,0,0,0
y2207,20220218,20220218,112806500,11:28:10,9868,25465,136580,2517687920,0,0,0
y2207,20220218,20220218,112807000,11:28:10,9868,25465,136580,2517687920,0,0,0
y2207,20220218,20220218,112810000,11:28:11,9868,25465,136580,2517687920,0,0,0
y2207,20220218,20220218,112810500,11:28:12,9868,25465,136580,2517687920,0,0,0
y2207,20220218,20220218,112811000,11:28:12,9868,25465,136580,2517687920,0,0,0
y2207,20220218,20220218,112811500,11:28:12,9868,25465,136580,2517687920,0,0,0
y2207,20220218,20220218,112812000,11:28:13,9868,25465,136580,2517687920,0,0,0
y2207,20220218,20220218,112812500,11:28:13,9866,25466,136580,2517786580,1,0,98660
y2207,20220218,20220218,112813000,11:28:13,9866,25466,136580,2517786580,0,0,0
y2207,20220218,20220218,112813500,11:28:14,9866,25466,136580,2517786580,0,0,0
y2207,20220218,20220218,112814000,11:28:14,9866,25466,136580,2517786580,0,0,0
y2207,20220218,20220218,112814500,11:28:14,9866,25466,136580,2517786580,0,0,0
y2207,20220218,20220218,112815500,11:28:15,9866,25466,136580,2517786580,0,0,0
y2207,20220218,20220218,112816000,11:28:16,9866,25466,136580,2517786580,0,0,0
y2207,20220218,20220218,112816500,11:28:16,9866,25466,136580,2517786580,0,0,0
y2207,20220218,20220218,112817000,11:28:17,9866,25466,136580,2517786580,0,0,0
y2207,20220218,20220218,112817500,11:28:17,9866,25466,136580,2517786580,0,0,0
y2207,20220218,20220218,112818000,11:28:18,9866,25466,136580,2517786580,0,0,0
y2207,20220218,20220218,112818500,11:28:18,9866,25466,136580,2517786580,0,0,0
y2207,20220218,20220218,112819000,11:28:19,9866,25466,136580,2517786580,0,0,0
y2207,20220218,20220218,112819500,11:28:20,9866,25466,136580,2517786580,0,0,0
y2207,20220218,20220218,112820000,11:28:20,9866,25466,136580,2517786580,0,0,0
y2207,20220218,20220218,112820500,11:28:20,9866,25466,136580,2517786580,0,0,0
y2207,20220218,20220218,112821500,11:28:22,9866,25466,136580,2517786580,0,0,0
y2207,20220218,20220218,112822500,11:28:22,9866,25466,136580,2517786580,0,0,0
y2207,20220218,20220218,112823000,11:28:23,9866,25466,136580,2517786580,0,0,0
y2207,20220218,20220218,112823500,11:28:24,9866,25466,136580,2517786580,0,0,0
y2207,20220218,20220218,112824000,11:28:24,9866,25466,136580,2517786580,0,0,0
y2207,20220218,20220218,112826500,11:28:27,9866,25466,136580,2517786580,0,0,0
y2207,20220218,20220218,112827000,11:28:27,9866,25466,136580,2517786580,0,0,0
y2207,20220218,20220218,112827500,11:28:27,9866,25466,136580,2517786580,0,0,0
y2207,20220218,20220218,112828000,11:28:28,9866,25466,136580,2517786580,0,0,0
y2207,20220218,20220218,112828500,11:28:28,9866,25466,136580,2517786580,0,0,0
y2207,20220218,20220218,112829500,11:28:30,9866,25466,136580,2517786580,0,0,0
y2207,20220218,20220218,112830000,11:28:30,9866,25466,136580,2517786580,0,0,0
y2207,20220218,20220218,112830500,11:28:31,9866,25466,136580,2517786580,0,0,0
y2207,20220218,20220218,112831000,11:28:31,9866,25466,136580,2517786580,0,0,0
y2207,20220218,20220218,112831500,11:28:32,9866,25466,136580,2517786580,0,0,0
y2207,20220218,20220218,112832000,11:28:33,9866,25466,136580,2517786580,0,0,0
y2207,20220218,20220218,112832500,11:28:33,9866,25466,136580,2517786580,0,0,0
y2207,20220218,20220218,112833000,11:28:33,9866,25466,136580,2517786580,0,0,0
y2207,20220218,20220218,112833500,11:28:34,9866,25466,136580,2517786580,0,0,0
y2207,20220218,20220218,112834000,11:28:34,9866,25466,136580,2517786580,0,0,0
y2207,20220218,20220218,112834500,11:28:34,9866,25466,136580,2517786580,0,0,0
y2207,20220218,20220218,112835000,11:28:35,9866,25466,136580,2517786580,0,0,0
y2207,20220218,20220218,112836000,11:28:37,9866,25466,136580,2517786580,0,0,0
y2207,20220218,20220218,112836500,11:28:37,9866,25466,136580,2517786580,0,0,0
y2207,20220218,20220218,112837000,11:28:37,9866,25466,136580,2517786580,0,0,0
y2207,20220218,20220218,112837500,11:28:38,9866,25466,136580,2517786580,0,0,0
y2207,20220218,20220218,112838000,11:28:38,9866,25466,136580,2517786580,0,0,0
y2207,20220218,20220218,112838500,11:28:38,9866,25466,136580,2517786580,0,0,0
y2207,20220218,20220218,112839500,11:28:40,9866,25466,136580,2517786580,0,0,0
y2207,20220218,20220218,112840000,11:28:40,9866,25466,136580,2517786580,0,0,0
y2207,20220218,20220218,112841500,11:28:41,9866,25466,136580,2517786580,0,0,0
y2207,20220218,20220218,112843000,11:28:43,9866,25466,136580,2517786580,0,0,0
y2207,20220218,20220218,112844000,11:28:44,9866,25466,136580,2517786580,0,0,0
y2207,20220218,20220218,112844500,11:28:44,9866,25466,136580,2517786580,0,0,0
y2207,20220218,20220218,112846000,11:28:46,9866,25466,136580,2517786580,0,0,0
y2207,20220218,20220218,112846500,11:28:46,9866,25466,136580,2517786580,0,0,0
y2207,20220218,20220218,112847000,11:28:47,9866,25466,136580,2517786580,0,0,0
y2207,20220218,20220218,112847500,11:28:48,9866,25466,136580,2517786580,0,0,0
y2207,20220218,20220218,112848000,11:28:48,9866,25466,136580,2517786580,0,0,0
y2207,20220218,20220218,112848500,11:28:48,9866,25466,136580,2517786580,0,0,0
y2207,20220218,20220218,112849000,11:28:49,9866,25466,136580,2517786580,0,0,0
y2207,20220218,20220218,112849500,11:28:50,9866,25466,136580,2517786580,0,0,0
y2207,20220218,20220218,112850000,11:28:50,9866,25466,136580,2517786580,0,0,0
y2207,20220218,20220218,112850500,11:28:51,9866,25466,136580,2517786580,0,0,0
y2207,20220218,20220218,112851000,11:28:51,9866,25466,136580,2517786580,0,0,0
y2207,20220218,20220218,112851500,11:28:52,9866,25466,136580,2517786580,0,0,0
y2207,20220218,20220218,112852000,11:28:53,9866,25466,136580,2517786580,0,0,0
y2207,20220218,20220218,112852500,11:28:54,9866,25466,136580,2517786580,0,0,0
y2207,20220218,20220218,112853000,11:28:54,9866,25466,136580,2517786580,0,0,0
y2207,20220218,20220218,112853500,11:28:54,9866,25466,136580,2517786580,0,0,0
y2207,20220218,20220218,112854000,11:28:54,9866,25466,136580,2517786580,0,0,0
y2207,20220218,20220218,112854500,11:28:54,9866,25466,136580,2517786580,0,0,0
y2207,20220218,20220218,112855000,11:28:55,9866,25466,136580,2517786580,0,0,0
y2207,20220218,20220218,112855500,11:28:56,9866,25466,136580,2517786580,0,0,0
y2207,20220218,20220218,112856000,11:28:56,9866,25466,136580,2517786580,0,0,0
y2207,20220218,20220218,112856500,11:28:56,9866,25466,136580,2517786580,0,0,0
y2207,20220218,20220218,112857000,11:28:57,9866,25466,136580,2517786580,0,0,0
y2207,20220218,20220218,112857500,11:28:58,9866,25466,136580,2517786580,0,0,0
y2207,20220218,20220218,112858000,11:28:58,9866,25466,136580,2517786580,0,0,0
y2207,20220218,20220218,112858500,11:28:59,9866,25466,136580,2517786580,0,0,0
y2207,20220218,20220218,112859000,11:28:59,9866,25466,136580,2517786580,0,0,0
y2207,20220218,20220218,112859500,11:29:00,9866,25466,136580,2517786580,0,0,0
y2207,20220218,20220218,112900000,11:29:00,9866,25466,136580,2517786580,0,0,0
y2207,20220218,20220218,112900500,11:29:01,9866,25466,136580,2517786580,0,0,0
y2207,20220218,20220218,112901000,11:29:01,9860,25486,136579,2519758720,20,-1,1972140
y2207,20220218,20220218,112901500,11:29:02,9860,25486,136579,2519758720,0,0,0
y2207,20220218,20220218,112902500,11:29:03,9860,25486,136579,2519758720,0,0,0
y2207,20220218,20220218,112903000,11:29:03,9860,25486,136579,2519758720,0,0,0
y2207,20220218,20220218,112903500,11:29:04,9860,25486,136579,2519758720,0,0,0
y2207,20220218,20220218,112904000,11:29:04,9860,25486,136579,2519758720,0,0,0
y2207,20220218,20220218,112904500,11:29:04,9860,25486,136579,2519758720,0,0,0
y2207,20220218,20220218,112905000,11:29:05,9860,25486,136579,2519758720,0,0,0
y2207,20220218,20220218,112905500,11:29:06,9860,25486,136579,2519758720,0,0,0
y2207,20220218,20220218,112906000,11:29:06,9860,25486,136579,2519758720,0,0,0
y2207,20220218,20220218,112906500,11:29:06,9860,25486,136579,2519758720,0,0,0
y2207,20220218,20220218,112907000,11:29:08,9860,25486,136579,2519758720,0,0,0
y2207,20220218,20220218,112907500,11:29:08,9860,25486,136579,2519758720,0,0,0
y2207,20220218,20220218,112908000,11:29:08,9860,25486,136579,2519758720,0,0,0
y2207,20220218,20220218,112908500,11:29:08,9860,25486,136579,2519758720,0,0,0
y2207,20220218,20220218,112909000,11:29:09,9860,25486,136579,2519758720,0,0,0
y2207,20220218,20220218,112909500,11:29:09,9860,25486,136579,2519758720,0,0,0
y2207,20220218,20220218,112910000,11:29:10,9860,25486,136579,2519758720,0,0,0
y2207,20220218,20220218,112910500,11:29:11,9860,25486,136579,2519758720,0,0,0
y2207,20220218,20220218,112911000,11:29:11,9860,25486,136579,2519758720,0,0,0
y2207,20220218,20220218,112911500,11:29:12,9860,25486,136579,2519758720,0,0,0
y2207,20220218,20220218,112912000,11:29:12,9860,25486,136579,2519758720,0,0,0
y2207,20220218,20220218,112912500,11:29:12,9860,25486,136579,2519758720,0,0,0
y2207,20220218,20220218,112913000,11:29:13,9860,25486,136579,2519758720,0,0,0
y2207,20220218,20220218,112913500,11:29:14,9860,25486,136579,2519758720,0,0,0
y2207,20220218,20220218,112914000,11:29:14,9860,25486,136579,2519758720,0,0,0
y2207,20220218,20220218,112914500,11:29:15,9860,25486,136579,2519758720,0,0,0
y2207,20220218,20220218,112915000,11:29:15,9860,25486,136579,2519758720,0,0,0
y2207,20220218,20220218,112915500,11:29:16,9864,25496,136569,2520745120,10,-10,986400
y2207,20220218,20220218,112916000,11:29:16,9864,25499,136572,2521041040,3,3,295920
y2207,20220218,20220218,112916500,11:29:20,9864,25499,136572,2521041040,0,0,0
y2207,20220218,20220218,112917000,11:29:20,9864,25499,136572,2521041040,0,0,0
y2207,20220218,20220218,112918000,11:29:21,9864,25499,136572,2521041040,0,0,0
y2207,20220218,20220218,112920000,11:29:22,9864,25499,136572,2521041040,0,0,0
y2207,20220218,20220218,112921000,11:29:22,9864,25499,136572,2521041040,0,0,0
y2207,20220218,20220218,112921500,11:29:24,9864,25499,136572,2521041040,0,0,0
y2207,20220218,20220218,112922000,11:29:24,9864,25499,136572,2521041040,0,0,0
y2207,20220218,20220218,112922500,11:29:24,9864,25499,136572,2521041040,0,0,0
y2207,20220218,20220218,112923000,11:29:24,9864,25499,136572,2521041040,0,0,0
y2207,20220218,20220218,112924000,11:29:24,9866,25529,136542,2524000840,30,-30,2959800
y2207,20220218,20220218,112924500,11:29:25,9866,25529,136542,2524000840,0,0,0
y2207,20220218,20220218,112925000,11:29:25,9866,25529,136542,2524000840,0,0,0
y2207,20220218,20220218,112925500,11:29:26,9866,25529,136542,2524000840,0,0,0
y2207,20220218,20220218,112926500,11:29:26,9866,25529,136542,2524000840,0,0,0
y2207,20220218,20220218,112927000,11:29:27,9866,25529,136542,2524000840,0,0,0
y2207,20220218,20220218,112927500,11:29:27,9866,25529,136542,2524000840,0,0,0
y2207,20220218,20220218,112928000,11:29:28,9866,25535,136548,2524592800,6,6,591960
y2207,20220218,20220218,112928500,11:29:29,9866,25535,136548,2524592800,0,0,0
y2207,20220218,20220218,112929000,11:29:29,9866,25535,136548,2524592800,0,0,0
y2207,20220218,20220218,112929500,11:29:30,9866,25535,136548,2524592800,0,0,0
y2207,20220218,20220218,112930000,11:29:30,9866,25535,136548,2524592800,0,0,0
y2207,20220218,20220218,112930500,11:29:31,9866,25535,136548,2524592800,0,0,0
y2207,20220218,20220218,112931000,11:29:32,9866,25535,136548,2524592800,0,0,0
y2207,20220218,20220218,112931500,11:29:32,9866,25535,136548,2524592800,0,0,0
y2207,20220218,20220218,112932000,11:29:36,9866,25535,136548,2524592800,0,0,0
y2207,20220218,20220218,112932500,11:29:37,9866,25535,136548,2524592800,0,0,0
y2207,20220218,20220218,112936500,11:29:38,9866,25535,136548,2524592800,0,0,0
y2207,20220218,20220218,112937500,11:29:38,9866,25535,136548,2524592800,0,0,0
y2207,20220218,20220218,112938000,11:29:38,9866,25535,136548,2524592800,0,0,0
y2207,20220218,20220218,112938500,11:29:39,9866,25535,136548,2524592800,0,0,0
y2207,20220218,20220218,112939000,11:29:39,9868,25537,136549,2524790160,2,1,197360
y2207,20220218,20220218,112939500,11:29:40,9868,25537,136549,2524790160,0,0,0
y2207,20220218,20220218,112940000,11:29:40,9868,25537,136549,2524790160,0,0,0
y2207,20220218,20220218,112940500,11:29:40,9868,25537,136549,2524790160,0,0,0
y2207,20220218,20220218,112941000,11:29:41,9868,25537,136549,2524790160,0,0,0
y2207,20220218,20220218,112941500,11:29:42,9868,25537,136549,2524790160,0,0,0
y2207,20220218,20220218,112942000,11:29:44,9868,25537,136549,2524790160,0,0,0
y2207,20220218,20220218,112942500,11:29:44,9868,25537,136549,2524790160,0,0,0
y2207,20220218,20220218,112943000,11:29:45,9868,25537,136549,2524790160,0,0,0
y2207,20220218,20220218,112943500,11:29:45,9868,25537,136549,2524790160,0,0,0
y2207,20220218,20220218,112945000,11:29:46,9868,25537,136549,2524790160,0,0,0
y2207,20220218,20220218,112945500,11:29:46,9868,25537,136549,2524790160,0,0,0
y2207,20220218,20220218,112946000,11:29:47,9868,25537,136549,2524790160,0,0,0
y2207,20220218,20220218,112946500,11:29:47,9868,25537,136549,2524790160,0,0,0
y2207,20220218,20220218,112947000,11:29:47,9868,25537,136549,2524790160,0,0,0
y2207,20220218,20220218,112947500,11:29:48,9872,25538,136549,2524888880,1,0,98720
y2207,20220218,20220218,112948000,11:29:49,9872,25538,136549,2524888880,0,0,0
y2207,20220218,20220218,112950000,11:29:51,9872,25538,136549,2524888880,0,0,0
y2207,20220218,20220218,112950500,11:29:52,9872,25538,136549,2524888880,0,0,0
y2207,20220218,20220218,112952000,11:29:53,9872,25538,136549,2524888880,0,0,0
y2207,20220218,20220218,112952500,11:29:53,9872,25538,136549,2524888880,0,0,0
y2207,20220218,20220218,112953000,11:29:54,9872,25538,136549,2524888880,0,0,0
y2207,20220218,20220218,112953500,11:29:54,9872,25538,136549,2524888880,0,0,0
y2207,20220218,20220218,112954000,11:29:54,9872,25538,136549,2524888880,0,0,0
y2207,20220218,20220218,112954500,11:29:54,9872,25538,136549,2524888880,0,0,0
y2207,20220218,20220218,112955000,11:29:55,9872,25538,136549,2524888880,0,0,0
y2207,20220218,20220218,112955500,11:29:56,9872,25538,136549,2524888880,0,0,0
y2207,20220218,20220218,133001500,13:30:02,9872,25538,136549,2524888880,0,0,0
y2207,20220218,20220218,133002000,13:30:08,9864,25541,136546,2525184800,3,-3,295920
y2207,20220218,20220218,133008000,13:30:10,9864,25541,136546,2525184800,0,0,0
y2207,20220218,20220218,133009500,13:30:11,9864,25541,136546,2525184800,0,0,0
y2207,20220218,20220218,133010000,13:30:11,9864,25541,136546,2525184800,0,0,0
y2207,20220218,20220218,133010500,13:30:12,9864,25541,136546,2525184800,0,0,0
y2207,20220218,20220218,133011000,13:30:13,9864,25541,136546,2525184800,0,0,0
y2207,20220218,20220218,133012500,13:30:13,9864,25541,136546,2525184800,0,0,0
y2207,20220218,20220218,133013000,13:30:14,9864,25541,136546,2525184800,0,0,0
y2207,20220218,20220218,133013500,13:30:14,9860,25574,136541,2528438580,33,-5,3253780
y2207,20220218,20220218,133014000,13:30:16,9860,25576,136541,2528635780,2,0,197200
y2207,20220218,20220218,133014500,13:30:17,9860,25576,136541,2528635780,0,0,0
y2207,20220218,20220218,133016500,13:30:18,9860,25576,136541,2528635780,0,0,0
y2207,20220218,20220218,133017000,13:30:18,9856,25577,136541,2528734340,1,0,98560
y2207,20220218,20220218,133017500,13:30:19,9856,25577,136541,2528734340,0,0,0
y2207,20220218,20220218,133018000,13:30:19,9856,25577,136541,2528734340,0,0,0
y2207,20220218,20220218,133018500,13:30:20,9856,25577,136541,2528734340,0,0,0
y2207,20220218,20220218,133019000,13:30:20,9856,25577,136541,2528734340,0,0,0
y2207,20220218,20220218,133019500,13:30:21,9856,25577,136541,2528734340,0,0,0
y2207,20220218,20220218,133020000,13:30:21,9856,25577,136541,2528734340,0,0,0
y2207,20220218,20220218,133020500,13:30:21,9856,25577,136541,2528734340,0,0,0
y2207,20220218,20220218,133021000,13:30:21,9856,25577,136541,2528734340,0,0,0
y2207,20220218,20220218,133021500,13:30:22,9856,25577,136541,2528734340,0,0,0
y2207,20220218,20220218,133022000,13:30:38,9856,25577,136541,2528734340,0,0,0
y2207,20220218,20220218,133022500,13:30:38,9854,25589,136541,2529916940,12,0,1182600
y2207,20220218,20220218,133038000,13:30:41,9854,25589,136541,2529916940,0,0,0
y2207,20220218,20220218,133038500,13:30:42,9854,25589,136541,2529916940,0,0,0
y2207,20220218,20220218,133040500,13:30:43,9852,25611,136528,2532084540,22,-13,2167600
y2207,20220218,20220218,133041000,13:30:43,9852,25611,136528,2532084540,0,0,0
y2207,20220218,20220218,133042000,13:30:44,9852,25611,136528,2532084540,0,0,0
y2207,20220218,20220218,133042500,13:30:44,9852,25611,136528,2532084540,0,0,0
y2207,20220218,20220218,133043000,13:30:44,9852,25611,136528,2532084540,0,0,0
y2207,20220218,20220218,133044000,13:30:46,9852,25611,136528,2532084540,0,0,0
y2207,20220218,20220218,133044500,13:30:46,9852,25611,136528,2532084540,0,0,0
y2207,20220218,20220218,133045000,13:30:46,9850,25617,136522,2532675540,6,-6,591000
y2207,20220218,20220218,133045500,13:30:46,9850,25617,136522,2532675540,0,0,0
y2207,20220218,20220218,133046000,13:30:47,9850,25617,136522,2532675540,0,0,0
y2207,20220218,20220218,133047000,13:30:48,9850,25617,136522,2532675540,0,0,0
y2207,20220218,20220218,133047500,13:30:48,9850,25617,136522,2532675540,0,0,0
y2207,20220218,20220218,133048000,13:30:48,9850,25617,136522,2532675540,0,0,0
y2207,20220218,20220218,133049000,13:30:50,9850,25617,136522,2532675540,0,0,0
y2207,20220218,20220218,133049500,13:30:50,9850,25617,136522,2532675540,0,0,0
y2207,20220218,20220218,133050000,13:30:51,9852,25623,136528,2533266660,6,6,591120
y2207,20220218,20220218,133050500,13:30:52,9852,25623,136528,2533266660,0,0,0
y2207,20220218,20220218,133051000,13:30:52,9852,25623,136528,2533266660,0,0,0
y2207,20220218,20220218,133051500,13:30:52,9852,25623,136528,2533266660,0,0,0
y2207,20220218,20220218,133052000,13:30:53,9852,25623,136528,2533266660,0,0,0
y2207,20220218,20220218,133052500,13:30:54,9852,25623,136528,2533266660,0,0,0
y2207,20220218,20220218,133053000,13:30:54,9852,25623,136528,2533266660,0,0,0
y2207,20220218,20220218,133053500,13:30:54,9852,25623,136528,2533266660,0,0,0
y2207,20220218,20220218,133054000,13:30:55,9852,25623,136528,2533266660,0,0,0
y2207,20220218,20220218,133055500,13:30:56,9852,25623,136528,2533266660,0,0,0
y2207,20220218,20220218,133056000,13:30:57,9852,25623,136528,2533266660,0,0,0
y2207,20220218,20220218,133056500,13:30:57,9852,25623,136528,2533266660,0,0,0
y2207,20220218,20220218,133057000,13:30:58,9852,25623,136528,2533266660,0,0,0
y2207,20220218,20220218,133057500,13:30:58,9852,25623,136528,2533266660,0,0,0
y2207,20220218,20220218,133058000,13:30:58,9858,25629,136522,2533858140,6,-6,591480
y2207,20220218,20220218,133058500,13:30:59,9858,25629,136522,2533858140,0,0,0
y2207,20220218,20220218,133059000,13:30:59,9858,25629,136522,2533858140,0,0,0
y2207,20220218,20220218,133059500,13:31:00,9858,25629,136522,2533858140,0,0,0
y2207,20220218,20220218,133100000,13:31:00,9858,25629,136522,2533858140,0,0,0
y2207,20220218,20220218,133100500,13:31:01,9858,25629,136522,2533858140,0,0,0
y2207,20220218,20220218,133101000,13:31:01,9858,25629,136522,2533858140,0,0,0
y2207,20220218,20220218,133101500,13:31:01,9858,25629,136522,2533858140,0,0,0
y2207,20220218,20220218,133102000,13:31:02,9858,25629,136522,2533858140,0,0,0
y2207,20220218,20220218,133102500,13:31:03,9858,25629,136522,2533858140,0,0,0
y2207,20220218,20220218,133103000,13:31:03,9858,25629,136522,2533858140,0,0,0
y2207,20220218,20220218,133103500,13:31:05,9858,25629,136522,2533858140,0,0,0
y2207,20220218,20220218,133104000,13:31:06,9858,25629,136522,2533858140,0,0,0
y2207,20220218,20220218,133104500,13:31:07,9858,25629,136522,2533858140,0,0,0
y2207,20220218,20220218,133105500,13:31:08,9858,25629,136522,2533858140,0,0,0
y2207,20220218,20220218,133107000,13:31:09,9858,25629,136522,2533858140,0,0,0
y2207,20220218,20220218,133107500,13:31:09,9858,25629,136522,2533858140,0,0,0
y2207,20220218,20220218,133108500,13:31:09,9858,25629,136522,2533858140,0,0,0
y2207,20220218,20220218,133109000,13:31:10,9858,25629,136522,2533858140,0,0,0
y2207,20220218,20220218,133109500,13:31:10,9858,25629,136522,2533858140,0,0,0
y2207,20220218,20220218,133110000,13:31:11,9858,25649,136529,2535829740,20,7,1971600
y2207,20220218,20220218,133110500,13:31:11,9858,25653,136529,2536224060,4,0,394320
y2207,20220218,20220218,133111000,13:31:12,9858,25653,136529,2536224060,0,0,0
y2207,20220218,20220218,133112000,13:31:13,9858,25653,136529,2536224060,0,0,0
y2207,20220218,20220218,133112500,13:31:13,9858,25653,136529,2536224060,0,0,0
y2207,20220218,20220218,133113000,13:31:14,9858,25653,136529,2536224060,0,0,0
y2207,20220218,20220218,133113500,13:31:15,9858,25653,136529,2536224060,0,0,0
y2207,20220218,20220218,133114000,13:31:15,9858,25653,136529,2536224060,0,0,0
y2207,20220218,20220218,133114500,13:31:15,9858,25653,136529,2536224060,0,0,0
y2207,20220218,20220218,133115000,13:31:15,9858,25653,136529,2536224060,0,0,0
y2207,20220218,20220218,133115500,13:31:16,9858,25653,136529,2536224060,0,0,0
y2207,20220218,20220218,133116000,13:31:16,9858,25653,136529,2536224060,0,0,0
y2207,20220218,20220218,133116500,13:31:17,9858,25653,136529,2536224060,0,0,0
y2207,20220218,20220218,133117000,13:31:18,9858,25653,136529,2536224060,0,0,0
y2207,20220218,20220218,133117500,13:31:18,9858,25653,136529,2536224060,0,0,0
y2207,20220218,20220218,133118000,13:31:19,9858,25653,136529,2536224060,0,0,0
y2207,20220218,20220218,133118500,13:31:19,9864,25659,136527,2536815900,6,-2,591840
y2207,20220218,20220218,133119000,13:31:20,9864,25659,136527,2536815900,0,0,0
y2207,20220218,20220218,133119500,13:31:20,9864,25659,136527,2536815900,0,0,0
y2207,20220218,20220218,133120000,13:31:20,9864,25659,136527,2536815900,0,0,0
y2207,20220218,20220218,133120500,13:31:21,9864,25659,136527,2536815900,0,0,0
y2207,20220218,20220218,133121000,13:31:21,9864,25659,136527,2536815900,0,0,0
y2207,20220218,20220218,133121500,13:31:22,9864,25659,136527,2536815900,0,0,0
y2207,20220218,20220218,133122000,13:31:23,9864,25659,136527,2536815900,0,0,0
y2207,20220218,20220218,133122500,13:31:23,9864,25659,136527,2536815900,0,0,0
y2207,20220218,20220218,133123000,13:31:25,9864,25659,136527,2536815900,0,0,0
y2207,20220218,20220218,133123500,13:31:25,9864,25659,136527,2536815900,0,0,0
y2207,20220218,20220218,133124500,13:31:25,9864,25659,136527,2536815900,0,0,0
y2207,20220218,20220218,133156000,13:31:56,9864,25659,136527,2536815900,0,0,0
y2207,20220218,20220218,133158500,13:31:58,9870,25678,136527,2538691200,19,0,1875300
y2207,20220218,20220218,133159500,13:32:00,9870,25678,136527,2538691200,0,0,0
y2207,20220218,20220218,133201000,13:32:01,9870,25678,136527,2538691200,0,0,0
y2207,20220218,20220218,133201500,13:32:01,9870,25678,136527,2538691200,0,0,0
y2207,20220218,20220218,133202000,13:32:03,9870,25678,136527,2538691200,0,0,0
y2207,20220218,20220218,133202500,13:32:04,9870,25678,136527,2538691200,0,0,0
y2207,20220218,20220218,133203000,13:32:05,9872,25728,136530,2543627000,50,3,4935800
y2207,20220218,20220218,133203500,13:32:05,9872,25728,136530,2543627000,0,0,0
y2207,20220218,20220218,133205000,13:32:06,9872,25728,136530,2543627000,0,0,0
y2207,20220218,20220218,133205500,13:32:06,9872,25728,136530,2543627000,0,0,0
y2207,20220218,20220218,133206000,13:32:07,9872,25728,136530,2543627000,0,0,0
y2207,20220218,20220218,133206500,13:32:07,9872,25728,136530,2543627000,0,0,0
y2207,20220218,20220218,133207000,13:32:07,9872,25728,136530,2543627000,0,0,0
y2207,20220218,20220218,133207500,13:32:07,9872,25728,136530,2543627000,0,0,0
y2207,20220218,20220218,133208000,13:32:09,9872,25728,136530,2543627000,0,0,0
y2207,20220218,20220218,133208500,13:32:10,9872,25728,136530,2543627000,0,0,0
y2207,20220218,20220218,133209000,13:32:10,9872,25728,136530,2543627000,0,0,0
y2207,20220218,20220218,133209500,13:32:10,9872,25728,136530,2543627000,0,0,0
y2207,20220218,20220218,133210000,13:32:13,9872,25728,136530,2543627000,0,0,0
y2207,20220218,20220218,133210500,13:32:13,9872,25728,136530,2543627000,0,0,0
y2207,20220218,20220218,133211000,13:32:14,9872,25728,136530,2543627000,0,0,0
y2207,20220218,20220218,133212500,13:32:15,9872,25728,136530,2543627000,0,0,0
y2207,20220218,20220218,133214000,13:32:15,9872,25728,136530,2543627000,0,0,0
y2207,20220218,20220218,133215000,13:32:16,9872,25728,136530,2543627000,0,0,0
y2207,20220218,20220218,133215500,13:32:17,9874,25734,136526,2544219280,6,-4,592280
y2207,20220218,20220218,133216000,13:32:17,9872,25736,136525,2544416720,2,-1,197440
y2207,20220218,20220218,133216500,13:32:17,9872,25736,136525,2544416720,0,0,0
y2207,20220218,20220218,133217000,13:32:18,9872,25736,136525,2544416720,0,0,0
y2207,20220218,20220218,133217500,13:32:18,9872,25736,136525,2544416720,0,0,0
y2207,20220218,20220218,133218000,13:32:18,9872,25736,136525,2544416720,0,0,0
y2207,20220218,20220218,133218500,13:32:19,9876,25737,136525,2544515480,1,0,98760
y2207,20220218,20220218,133219000,13:32:20,9876,25737,136525,2544515480,0,0,0
y2207,20220218,20220218,133219500,13:32:20,9876,25737,136525,2544515480,0,0,0
y2207,20220218,20220218,133220000,13:32:21,9876,25737,136525,2544515480,0,0,0
y2207,20220218,20220218,133221000,13:32:22,9876,25737,136525,2544515480,0,0,0
y2207,20220218,20220218,133221500,13:32:22,9876,25737,136525,2544515480,0,0,0
y2207,20220218,20220218,133222000,13:32:23,9876,25737,136525,2544515480,0,0,0
y2207,20220218,20220218,133222500,13:32:24,9876,25737,136525,2544515480,0,0,0
y2207,20220218,20220218,133223000,13:32:24,9876,25737,136525,2544515480,0,0,0
y2207,20220218,20220218,133224000,13:32:24,9876,25737,136525,2544515480,0,0,0
y2207,20220218,20220218,133224500,13:32:25,9876,25737,136525,2544515480,0,0,0
y2207,20220218,20220218,133225000,13:32:25,9876,25737,136525,2544515480,0,0,0
y2207,20220218,20220218,133225500,13:32:26,9876,25738,136524,2544614240,1,-1,98760
y2207,20220218,20220218,133226000,13:32:27,9876,25738,136524,2544614240,0,0,0
y2207,20220218,20220218,133226500,13:32:27,9876,25738,136524,2544614240,0,0,0
y2207,20220218,20220218,133232000,13:32:35,9876,25738,136524,2544614240,0,0,0
y2207,20220218,20220218,133234500,13:32:36,9876,25738,136524,2544614240,0,0,0
y2207,20220218,20220218,133235000,13:32:36,9876,25738,136524,2544614240,0,0,0
y2207,20220218,20220218,133235500,13:32:36,9876,25738,136524,2544614240,0,0,0
y2207,20220218,20220218,133238000,13:32:38,9876,25738,136524,2544614240,0,0,0
y2207,20220218,20220218,133240500,13:32:41,9876,25738,136524,2544614240,0,0,0
y2207,20220218,20220218,133241000,13:32:41,9876,25738,136524,2544614240,0,0,0
y2207,20220218,20220218,133241500,13:32:42,9876,25738,136524,2544614240,0,0,0
y2207,20220218,20220218,133242000,13:32:42,9876,25738,136524,2544614240,0,0,0
y2207,20220218,20220218,133242500,13:32:42,9876,25738,136524,2544614240,0,0,0
y2207,20220218,20220218,133243000,13:32:43,9876,25738,136524,2544614240,0,0,0
y2207,20220218,20220218,133243500,13:32:44,9876,25738,136524,2544614240,0,0,0
y2207,20220218,20220218,133244000,13:32:44,9876,25738,136524,2544614240,0,0,0
y2207,20220218,20220218,133244500,13:32:45,9876,25738,136524,2544614240,0,0,0
y2207,20220218,20220218,133245000,13:32:45,9876,25738,136524,2544614240,0,0,0
y2207,20220218,20220218,133245500,13:32:45,9876,25738,136524,2544614240,0,0,0
y2207,20220218,20220218,133246000,13:32:47,9870,25780,136518,2548759640,42,-6,4145400
y2207,20220218,20220218,133246500,13:32:47,9868,25789,136511,2549647760,9,-7,888120
y2207,20220218,20220218,133247000,13:32:47,9868,25796,136514,2550338520,7,3,690760
y2207,20220218,20220218,133247500,13:32:48,9868,25796,136514,2550338520,0,0,0
y2207,20220218,20220218,133248000,13:32:49,9868,25796,136514,2550338520,0,0,0
y2207,20220218,20220218,133248500,13:32:49,9868,25796,136514,2550338520,0,0,0
y2207,20220218,20220218,133249000,13:32:49,9868,25796,136514,2550338520,0,0,0
y2207,20220218,20220218,133249500,13:32:50,9868,25796,136514,2550338520,0,0,0
y2207,20220218,20220218,133250000,13:32:51,9868,25796,136514,2550338520,0,0,0
y2207,20220218,20220218,133250500,13:32:52,9868,25796,136514,2550338520,0,0,0
y2207,20220218,20220218,133251000,13:32:53,9868,25796,136514,2550338520,0,0,0
y2207,20220218,20220218,133251500,13:32:53,9868,25796,136514,2550338520,0,0,0
y2207,20220218,20220218,133252500,13:32:53,9868,25796,136514,2550338520,0,0,0
y2207,20220218,20220218,133253000,13:32:53,9868,25796,136514,2550338520,0,0,0
y2207,20220218,20220218,133253500,13:32:54,9868,25796,136514,2550338520,0,0,0
y2207,20220218,20220218,133254000,13:32:54,9868,25796,136514,2550338520,0,0,0
y2207,20220218,20220218,133254500,13:32:55,9868,25796,136514,2550338520,0,0,0
y2207,20220218,20220218,133255000,13:32:55,9868,25796,136514,2550338520,0,0,0
y2207,20220218,20220218,133255500,13:32:55,9868,25796,136514,2550338520,0,0,0
y2207,20220218,20220218,133256000,13:32:56,9868,25796,136514,2550338520,0,0,0
y2207,20220218,20220218,133256500,13:32:57,9868,25796,136514,2550338520,0,0,0
y2207,20220218,20220218,133257000,13:32:59,9868,25796,136514,2550338520,0,0,0
y2207,20220218,20220218,133257500,13:33:00,9868,25796,136514,2550338520,0,0,0
y2207,20220218,20220218,133258000,13:33:00,9868,25796,136514,2550338520,0,0,0
y2207,20220218,20220218,133259500,13:33:01,9868,25796,136514,2550338520,0,0,0
y2207,20220218,20220218,133300000,13:33:01,9868,25796,136514,2550338520,0,0,0
y2207,20220218,20220218,133300500,13:33:01,9868,25796,136514,2550338520,0,0,0
y2207,20220218,20220218,133301000,13:33:02,9868,25796,136514,2550338520,0,0,0
y2207,20220218,20220218,133301500,13:33:02,9868,25796,136514,2550338520,0,0,0
y2207,20220218,20220218,133302000,13:33:03,9868,25796,136514,2550338520,0,0,0
y2207,20220218,20220218,133302500,13:33:03,9868,25796,136514,2550338520,0,0,0
y2207,20220218,20220218,133303000,13:33:04,9868,25796,136514,2550338520,0,0,0
y2207,20220218,20220218,133303500,13:33:04,9868,25796,136514,2550338520,0,0,0
y2207,20220218,20220218,133304000,13:33:04,9868,25796,136514,2550338520,0,0,0
y2207,20220218,20220218,133304500,13:33:05,9868,25796,136514,2550338520,0,0,0
y2207,20220218,20220218,133305000,13:33:05,9868,25796,136514,2550338520,0,0,0
y2207,20220218,20220218,133305500,13:33:06,9868,25796,136514,2550338520,0,0,0
y2207,20220218,20220218,133306000,13:33:06,9870,25820,136502,2552707320,24,-12,2368800
y2207,20220218,20220218,133306500,13:33:06,9870,25820,136502,2552707320,0,0,0
y2207,20220218,20220218,133307000,13:33:07,9870,25820,136502,2552707320,0,0,0
y2207,20220218,20220218,133307500,13:33:08,9870,25820,136502,2552707320,0,0,0
y2207,20220218,20220218,133308000,13:33:08,9870,25820,136502,2552707320,0,0,0
y2207,20220218,20220218,133308500,13:33:09,9870,25820,136502,2552707320,0,0,0
y2207,20220218,20220218,133309000,13:33:09,9870,25820,136502,2552707320,0,0,0
y2207,20220218,20220218,133309500,13:33:11,9872,25821,136502,2552806040,1,0,98720
y2207,20220218,20220218,133310000,13:33:11,9872,25832,136497,2553891960,11,-5,1085920
y2207,20220218,20220218,133311000,13:33:14,9872,25832,136497,2553891960,0,0,0
y2207,20220218,20220218,133311500,13:33:14,9872,25832,136497,2553891960,0,0,0
y2207,20220218,20220218,133313500,13:33:15,9872,25832,136497,2553891960,0,0,0
y2207,20220218,20220218,133314000,13:33:17,9872,25832,136497,2553891960,0,0,0
y2207,20220218,20220218,133314500,13:33:18,9872,25832,136497,2553891960,0,0,0
y2207,20220218,20220218,133315000,13:33:18,9872,25832,136497,2553891960,0,0,0
y2207,20220218,20220218,133317000,13:33:19,9872,25832,136497,2553891960,0,0,0
y2207,20220218,20220218,133318000,13:33:19,9872,25832,136497,2553891960,0,0,0
y2207,20220218,20220218,133318500,13:33:19,9872,25832,136497,2553891960,0,0,0
y2207,20220218,20220218,133319000,13:33:20,9872,25832,136497,2553891960,0,0,0
y2207,20220218,20220218,133319500,13:33:21,9872,25832,136497,2553891960,0,0,0
y2207,20220218,20220218,133320000,13:33:21,9872,25832,136497,2553891960,0,0,0
y2207,20220218,20220218,133320500,13:33:22,9876,25836,136498,2554287000,4,1,395040
y2207,20220218,20220218,133321000,13:33:22,9876,25836,136498,2554287000,0,0,0
y2207,20220218,20220218,133321500,13:33:22,9876,25836,136498,2554287000,0,0,0
y2207,20220218,20220218,133322000,13:33:22,9876,25836,136498,2554287000,0,0,0
y2207,20220218,20220218,133322500,13:33:22,9878,25838,136497,2554484560,2,-1,197560
y2207,20220218,20220218,133323000,13:33:23,9878,25838,136497,2554484560,0,0,0
y2207,20220218,20220218,133323500,13:33:24,9878,25838,136497,2554484560,0,0,0
y2207,20220218,20220218,133324000,13:33:24,9878,25838,136497,2554484560,0,0,0
y2207,20220218,20220218,133324500,13:33:25,9878,25838,136497,2554484560,0,0,0
y2207,20220218,20220218,133325000,13:33:26,9878,25839,136497,2554583340,1,0,98780
y2207,20220218,20220218,133325500,13:33:27,9878,25839,136497,2554583340,0,0,0
y2207,20220218,20220218,133326000,13:33:28,9878,25839,136497,2554583340,0,0,0
y2207,20220218,20220218,133327000,13:33:29,9878,25840,136497,2554682120,1,0,98780
y2207,20220218,20220218,133328500,13:33:30,9878,25840,136497,2554682120,0,0,0
y2207,20220218,20220218,133329000,13:33:30,9880,25845,136497,2555176040,5,0,493920
y2207,20220218,20220218,133329500,13:33:30,9880,25845,136497,2555176040,0,0,0
y2207,20220218,20220218,133330000,13:33:30,9880,25845,136497,2555176040,0,0,0
y2207,20220218,20220218,133330500,13:33:31,9880,25845,136497,2555176040,0,0,0
y2207,20220218,20220218,133331000,13:33:32,9880,25845,136497,2555176040,0,0,0
y2207,20220218,20220218,133331500,13:33:32,9880,25845,136497,2555176040,0,0,0
y2207,20220218,20220218,133332000,13:33:32,9880,25845,136497,2555176040,0,0,0
y2207,20220218,20220218,133332500,13:33:33,9880,25845,136497,2555176040,0,0,0
y2207,20220218,20220218,133333000,13:33:33,9880,25845,136497,2555176040,0,0,0
y2207,20220218,20220218,133333500,13:33:34,9880,25845,136497,2555176040,0,0,0
y2207,20220218,20220218,133334000,13:33:34,9880,25845,136497,2555176040,0,0,0
y2207,20220218,20220218,133334500,13:33:34,9880,25845,136497,2555176040,0,0,0
y2207,20220218,20220218,133335000,13:33:35,9880,25845,136497,2555176040,0,0,0
y2207,20220218,20220218,133335500,13:33:35,9880,25845,136497,2555176040,0,0,0
y2207,20220218,20220218,133336000,13:33:36,9880,25845,136497,2555176040,0,0,0
y2207,20220218,20220218,133336500,13:33:36,9880,25848,136494,2555472440,3,-3,296400
y2207,20220218,20220218,133337000,13:33:37,9882,25851,136491,2555768900,3,-3,296460
y2207,20220218,20220218,133337500,13:33:37,9882,25852,136491,2555867720,1,0,98820
y2207,20220218,20220218,133338000,13:33:38,9884,25854,136489,2556065400,2,-2,197680
y2207,20220218,20220218,133338500,13:33:39,9884,25854,136489,2556065400,0,0,0
y2207,20220218,20220218,133339000,13:33:39,9884,25854,136489,2556065400,0,0,0
y2207,20220218,20220218,133339500,13:33:40,9884,25854,136489,2556065400,0,0,0
y2207,20220218,20220218,133340000,13:33:40,9884,25854,136489,2556065400,0,0,0
y2207,20220218,20220218,133340500,13:33:41,9884,25854,136489,2556065400,0,0,0
y2207,20220218,20220218,133341000,13:33:41,9884,25854,136489,2556065400,0,0,0
y2207,20220218,20220218,133341500,13:33:42,9884,25854,136489,2556065400,0,0,0
y2207,20220218,20220218,133342000,13:33:42,9884,25857,136488,2556361960,3,-1,296560
y2207,20220218,20220218,133342500,13:33:42,9880,25902,136493,2560808360,45,5,4446400
y2207,20220218,20220218,133343000,13:33:43,9876,25941,136498,2564660380,39,5,3852020
y2207,20220218,20220218,133343500,13:33:44,9878,25970,136489,2567524740,29,-9,2864360
y2207,20220218,20220218,133344000,13:33:45,9878,25974,136485,2567919860,4,-4,395120
y2207,20220218,20220218,133344500,13:33:45,9878,25986,136483,2569105220,12,-2,1185360
y2207,20220218,20220218,133345000,13:33:45,9878,25986,136483,2569105220,0,0,0
y2207,20220218,20220218,133345500,13:33:46,9878,25986,136483,2569105220,0,0,0
y2207,20220218,20220218,133346000,13:33:48,9878,25986,136483,2569105220,0,0,0
y2207,20220218,20220218,133346500,13:33:48,9880,25987,136482,2569204020,1,-1,98800
y2207,20220218,20220218,133347000,13:33:49,9880,25987,136482,2569204020,0,0,0
y2207,20220218,20220218,133347500,13:33:49,9880,25989,136482,2569401620,2,0,197600
y2207,20220218,20220218,133348000,13:33:49,9880,25989,136482,2569401620,0,0,0
y2207,20220218,20220218,133348500,13:33:50,9880,25989,136482,2569401620,0,0,0
y2207,20220218,20220218,133349000,13:33:50,9880,25989,136482,2569401620,0,0,0
y2207,20220218,20220218,133349500,13:33:50,9880,25989,136482,2569401620,0,0,0
y2207,20220218,20220218,133350000,13:33:50,9880,25989,136482,2569401620,0,0,0
y2207,20220218,20220218,133350500,13:33:50,9880,25989,136482,2569401620,0,0,0
y2207,20220218,20220218,133351000,13:33:51,9880,25989,136482,2569401620,0,0,0
y2207,20220218,20220218,133351500,13:33:52,9880,25989,136482,2569401620,0,0,0
y2207,20220218,20220218,133352000,13:33:52,9880,25989,136482,2569401620,0,0,0
y2207,20220218,20220218,133352500,13:33:53,9880,25989,136482,2569401620,0,0,0
y2207,20220218,20220218,133353500,13:33:53,9880,25989,136482,2569401620,0,0,0
y2207,20220218,20220218,133354000,13:33:54,9880,25989,136482,2569401620,0,0,0
y2207,20220218,20220218,133354500,13:33:55,9880,25989,136482,2569401620,0,0,0
y2207,20220218,20220218,133355000,13:33:56,9880,25989,136482,2569401620,0,0,0
y2207,20220218,20220218,133355500,13:33:56,9880,25989,136482,2569401620,0,0,0
y2207,20220218,20220218,133356000,13:33:57,9880,25989,136482,2569401620,0,0,0
y2207,20220218,20220218,133356500,13:33:57,9880,25989,136482,2569401620,0,0,0
y2207,20220218,20220218,133357000,13:33:58,9880,25989,136482,2569401620,0,0,0
y2207,20220218,20220218,133358000,13:33:58,9880,25989,136482,2569401620,0,0,0
y2207,20220218,20220218,133358500,13:33:59,9880,25989,136482,2569401620,0,0,0
y2207,20220218,20220218,133359000,13:33:59,9880,25989,136482,2569401620,0,0,0
y2207,20220218,20220218,133359500,13:34:00,9880,25989,136482,2569401620,0,0,0
y2207,20220218,20220218,133400000,13:34:00,9880,25989,136482,2569401620,0,0,0
y2207,20220218,20220218,133400500,13:34:00,9878,25991,136482,2569599180,2,0,197560
y2207,20220218,20220218,133401000,13:34:02,9878,25991,136482,2569599180,0,0,0
y2207,20220218,20220218,133401500,13:34:02,9878,25991,136482,2569599180,0,0,0
y2207,20220218,20220218,133402000,13:34:10,9878,25991,136482,2569599180,0,0,0
y2207,20220218,20220218,133402500,13:34:10,9878,25991,136482,2569599180,0,0,0
y2207,20220218,20220218,133403000,13:34:11,9880,26011,136473,2571575180,20,-9,1976000
y2207,20220218,20220218,133410000,13:34:12,9880,26011,136473,2571575180,0,0,0
y2207,20220218,20220218,133410500,13:34:12,9880,26011,136473,2571575180,0,0,0
y2207,20220218,20220218,133411500,13:34:12,9880,26011,136473,2571575180,0,0,0
y2207,20220218,20220218,133412000,13:34:13,9880,26011,136473,2571575180,0,0,0
y2207,20220218,20220218,133412500,13:34:13,9880,26011,136473,2571575180,0,0,0
y2207,20220218,20220218,133413000,13:34:13,9880,26011,136473,2571575180,0,0,0
y2207,20220218,20220218,133413500,13:34:14,9880,26011,136473,2571575180,0,0,0
y2207,20220218,20220218,133414000,13:34:14,9880,26011,136473,2571575180,0,0,0
y2207,20220218,20220218,133414500,13:34:15,9880,26011,136473,2571575180,0,0,0
y2207,20220218,20220218,133415000,13:34:15,9880,26011,136473,2571575180,0,0,0
y2207,20220218,20220218,133415500,13:34:16,9880,26011,136473,2571575180,0,0,0
y2207,20220218,20220218,133416000,13:34:16,9880,26011,136473,2571575180,0,0,0
y2207,20220218,20220218,133416500,13:34:17,9880,26011,136473,2571575180,0,0,0
y2207,20220218,20220218,133417000,13:34:17,9880,26011,136473,2571575180,0,0,0
y2207,20220218,20220218,133417500,13:34:17,9888,26028,136489,2573255620,17,16,1680440
y2207,20220218,20220218,133418000,13:34:18,9888,26028,136489,2573255620,0,0,0
y2207,20220218,20220218,133418500,13:34:19,9888,26028,136489,2573255620,0,0,0
y2207,20220218,20220218,133419000,13:34:19,9888,26028,136489,2573255620,0,0,0
y2207,20220218,20220218,133419500,13:34:20,9888,26028,136489,2573255620,0,0,0
y2207,20220218,20220218,133420000,13:34:20,9888,26028,136489,2573255620,0,0,0
y2207,20220218,20220218,133420500,13:34:23,9888,26028,136489,2573255620,0,0,0
y2207,20220218,20220218,133421000,13:34:23,9888,26028,136489,2573255620,0,0,0
y2207,20220218,20220218,133421500,13:34:23,9888,26028,136489,2573255620,0,0,0
y2207,20220218,20220218,133423000,13:34:24,9888,26028,136489,2573255620,0,0,0
y2207,20220218,20220218,133423500,13:34:24,9888,26028,136489,2573255620,0,0,0
y2207,20220218,20220218,133424000,13:34:24,9888,26028,136489,2573255620,0,0,0
y2207,20220218,20220218,133424500,13:34:24,9888,26028,136489,2573255620,0,0,0
y2207,20220218,20220218,133425000,13:34:25,9888,26028,136489,2573255620,0,0,0
y2207,20220218,20220218,133425500,13:34:26,9888,26028,136489,2573255620,0,0,0
y2207,20220218,20220218,133426000,13:34:26,9888,26028,136489,2573255620,0,0,0
y2207,20220218,20220218,133426500,13:34:26,9888,26028,136489,2573255620,0,0,0
y2207,20220218,20220218,133427000,13:34:27,9888,26028,136489,2573255620,0,0,0
y2207,20220218,20220218,133427500,13:34:27,9888,26028,136489,2573255620,0,0,0
y2207,20220218,20220218,133428000,13:34:28,9888,26028,136489,2573255620,0,0,0
y2207,20220218,20220218,133428500,13:34:29,9888,26028,136489,2573255620,0,0,0
y2207,20220218,20220218,133429000,13:34:29,9888,26028,136489,2573255620,0,0,0
y2207,20220218,20220218,133429500,13:34:29,9888,26028,136489,2573255620,0,0,0
y2207,20220218,20220218,133430000,13:34:30,9888,26028,136489,2573255620,0,0,0
y2207,20220218,20220218,133430500,13:34:30,9888,26028,136489,2573255620,0,0,0
y2207,20220218,20220218,133431000,13:34:31,9888,26028,136489,2573255620,0,0,0
y2207,20220218,20220218,133431500,13:34:31,9888,26028,136489,2573255620,0,0,0
y2207,20220218,20220218,133432000,13:34:32,9888,26028,136489,2573255620,0,0,0
y2207,20220218,20220218,133432500,13:34:32,9888,26028,136489,2573255620,0,0,0
y2207,20220218,20220218,133433000,13:34:33,9888,26028,136489,2573255620,0,0,0
y2207,20220218,20220218,133433500,13:34:34,9888,26028,136489,2573255620,0,0,0
y2207,20220218,20220218,133434000,13:34:34,9888,26028,136489,2573255620,0,0,0
y2207,20220218,20220218,133434500,13:34:35,9888,26028,136489,2573255620,0,0,0
y2207,20220218,20220218,133435000,13:34:35,9888,26028,136489,2573255620,0,0,0
y2207,20220218,20220218,133435500,13:34:36,9888,26028,136489,2573255620,0,0,0
y2207,20220218,20220218,133436000,13:34:36,9888,26028,136489,2573255620,0,0,0
y2207,20220218,20220218,133436500,13:34:36,9890,26136,136484,2583936820,108,-5,10681200
y2207,20220218,20220218,133437000,13:34:37,9894,26156,136487,2585915360,20,3,1978540
y2207,20220218,20220218,133437500,13:34:38,9894,26170,136496,2587300520,14,9,1385160
y2207,20220218,20220218,133438000,13:34:38,9894,26171,136496,2587399460,1,0,98940
y2207,20220218,20220218,133438500,13:34:39,9894,26171,136496,2587399460,0,0,0
y2207,20220218,20220218,133439000,13:34:39,9896,26177,136502,2587993220,6,6,593760
y2207,20220218,20220218,133439500,13:34:40,9896,26177,136502,2587993220,0,0,0
y2207,20220218,20220218,133440000,13:34:40,9896,26178,136502,2588092180,1,0,98960
y2207,20220218,20220218,133440500,13:34:41,9896,26186,136505,2588883860,8,3,791680
y2207,20220218,20220218,133441000,13:34:41,9894,26190,136509,2589279620,4,4,395760
y2207,20220218,20220218,133441500,13:34:43,9896,26191,136509,2589378580,1,0,98960
y2207,20220218,20220218,133442000,13:34:44,9896,26191,136509,2589378580,0,0,0
y2207,20220218,20220218,133442500,13:34:44,9896,26191,136509,2589378580,0,0,0
y2207,20220218,20220218,133443500,13:34:45,9894,26198,136508,2590071160,7,-1,692580
y2207,20220218,20220218,133444000,13:34:45,9894,26198,136508,2590071160,0,0,0
y2207,20220218,20220218,133444500,13:34:46,9894,26198,136508,2590071160,0,0,0
y2207,20220218,20220218,133445000,13:34:46,9894,26198,136508,2590071160,0,0,0
y2207,20220218,20220218,133445500,13:34:46,9894,26198,136508,2590071160,0,0,0
y2207,20220218,20220218,133446000,13:34:46,9894,26198,136508,2590071160,0,0,0
y2207,20220218,20220218,133446500,13:34:47,9894,26198,136508,2590071160,0,0,0
y2207,20220218,20220218,133447000,13:34:47,9894,26217,136504,2591950900,19,-4,1879740
y2207,20220218,20220218,133447500,13:34:47,9894,26217,136504,2591950900,0,0,0
y2207,20220218,20220218,133448000,13:34:48,9894,26217,136504,2591950900,0,0,0
y2207,20220218,20220218,133448500,13:34:49,9894,26217,136504,2591950900,0,0,0
y2207,20220218,20220218,133449000,13:34:49,9892,26223,136504,2592544420,6,0,593520
y2207,20220218,20220218,133449500,13:34:49,9892,26223,136504,2592544420,0,0,0
y2207,20220218,20220218,133450000,13:34:51,9892,26223,136504,2592544420,0,0,0
y2207,20220218,20220218,133450500,13:34:51,9892,26223,136504,2592544420,0,0,0
y2207,20220218,20220218,133451000,13:34:51,9892,26223,136504,2592544420,0,0,0
y2207,20220218,20220218,133451500,13:34:52,9892,26223,136504,2592544420,0,0,0
y2207,20220218,20220218,133452000,13:34:52,9892,26223,136504,2592544420,0,0,0
y2207,20220218,20220218,133453000,13:34:53,9890,26225,136504,2592742220,2,0,197800
y2207,20220218,20220218,133453500,13:34:56,9890,26225,136504,2592742220,0,0,0
y2207,20220218,20220218,133454000,13:34:56,9890,26225,136504,2592742220,0,0,0
y2207,20220218,20220218,133454500,13:34:56,9890,26225,136504,2592742220,0,0,0
y2207,20220218,20220218,133455500,13:34:56,9890,26225,136504,2592742220,0,0,0
y2207,20220218,20220218,133456000,13:34:57,9890,26225,136504,2592742220,0,0,0
y2207,20220218,20220218,133456500,13:34:57,9890,26225,136504,2592742220,0,0,0
y2207,20220218,20220218,133457000,13:34:57,9890,26225,136504,2592742220,0,0,0
y2207,20220218,20220218,133458000,13:34:58,9890,26225,136504,2592742220,0,0,0
y2207,20220218,20220218,133500500,13:35:00,9892,26228,136504,2593038980,3,0,296760
y2207,20220218,20220218,133501500,13:35:05,9892,26228,136504,2593038980,0,0,0
y2207,20220218,20220218,133502000,13:35:10,9892,26228,136504,2593038980,0,0,0
y2207,20220218,20220218,133504500,13:35:10,9892,26238,136501,2594028180,10,-3,989200
y2207,20220218,20220218,133510000,13:35:11,9892,26238,136501,2594028180,0,0,0
y2207,20220218,20220218,133510500,13:35:11,9892,26238,136501,2594028180,0,0,0
y2207,20220218,20220218,133511000,13:35:11,9892,26238,136501,2594028180,0,0,0
y2207,20220218,20220218,133511500,13:35:12,9892,26238,136501,2594028180,0,0,0
y2207,20220218,20220218,133512000,13:35:13,9892,26238,136501,2594028180,0,0,0
y2207,20220218,20220218,133512500,13:35:13,9892,26238,136501,2594028180,0,0,0
y2207,20220218,20220218,133513000,13:35:13,9892,26238,136501,2594028180,0,0,0
y2207,20220218,20220218,133513500,13:35:14,9892,26238,136501,2594028180,0,0,0
y2207,20220218,20220218,133514000,13:35:14,9892,26238,136501,2594028180,0,0,0
y2207,20220218,20220218,133514500,13:35:15,9892,26238,136501,2594028180,0,0,0
y2207,20220218,20220218,133515000,13:35:15,9892,26238,136501,2594028180,0,0,0
y2207,20220218,20220218,133515500,13:35:16,9892,26238,136501,2594028180,0,0,0
y2207,20220218,20220218,133516000,13:35:16,9892,26238,136501,2594028180,0,0,0
y2207,20220218,20220218,133516500,13:35:17,9892,26238,136501,2594028180,0,0,0
y2207,20220218,20220218,133517000,13:35:17,9892,26238,136501,2594028180,0,0,0
y2207,20220218,20220218,133518000,13:35:19,9892,26262,136507,2596402260,24,6,2374080
y2207,20220218,20220218,133518500,13:35:19,9892,26262,136507,2596402260,0,0,0
y2207,20220218,20220218,133519500,13:35:20,9892,26262,136507,2596402260,0,0,0
y2207,20220218,20220218,133520000,13:35:20,9892,26262,136507,2596402260,0,0,0
y2207,20220218,20220218,133520500,13:35:21,9892,26262,136507,2596402260,0,0,0
y2207,20220218,20220218,133521000,13:35:21,9892,26262,136507,2596402260,0,0,0
y2207,20220218,20220218,133521500,13:35:22,9892,26262,136507,2596402260,0,0,0
y2207,20220218,20220218,133522000,13:35:22,9892,26262,136507,2596402260,0,0,0
y2207,20220218,20220218,133524500,13:35:25,9892,26262,136507,2596402260,0,0,0
y2207,20220218,20220218,133525000,13:35:26,9892,26262,136507,2596402260,0,0,0
y2207,20220218,20220218,133525500,13:35:26,9892,26262,136507,2596402260,0,0,0
y2207,20220218,20220218,133526000,13:35:26,9892,26262,136507,2596402260,0,0,0
y2207,20220218,20220218,133526500,13:35:27,9892,26262,136507,2596402260,0,0,0
y2207,20220218,20220218,133527000,13:35:31,9892,26262,136507,2596402260,0,0,0
y2207,20220218,20220218,133531000,13:35:37,9892,26262,136507,2596402260,0,0,0
y2207,20220218,20220218,133531500,13:35:42,9892,26262,136507,2596402260,0,0,0
y2207,20220218,20220218,133532000,13:35:42,9892,26262,136507,2596402260,0,0,0
y2207,20220218,20220218,133540500,13:35:43,9892,26262,136507,2596402260,0,0,0
y2207,20220218,20220218,133542000,13:35:44,9892,26262,136507,2596402260,0,0,0
y2207,20220218,20220218,133542500,13:35:44,9892,26262,136507,2596402260,0,0,0
y2207,20220218,20220218,133543500,13:35:44,9892,26262,136507,2596402260,0,0,0
y2207,20220218,20220218,133544500,13:35:45,9892,26262,136507,2596402260,0,0,0
y2207,20220218,20220218,133545000,13:35:46,9888,26307,136515,2600852560,45,8,4450300
y2207,20220218,20220218,133546000,13:35:46,9888,26307,136515,2600852560,0,0,0
y2207,20220218,20220218,133548000,13:35:48,9888,26307,136515,2600852560,0,0,0
y2207,20220218,20220218,133548500,13:35:48,9888,26307,136515,2600852560,0,0,0
y2207,20220218,20220218,133549000,13:35:49,9888,26307,136515,2600852560,0,0,0
y2207,20220218,20220218,133549500,13:35:49,9886,26313,136515,2601445720,6,0,593160
y2207,20220218,20220218,133550000,13:35:50,9886,26313,136515,2601445720,0,0,0
y2207,20220218,20220218,133550500,13:35:51,9886,26313,136515,2601445720,0,0,0
y2207,20220218,20220218,133551000,13:35:51,9886,26313,136515,2601445720,0,0,0
y2207,20220218,20220218,133551500,13:35:52,9884,26314,136515,2601544560,1,0,98840
y2207,20220218,20220218,133552000,13:35:52,9884,26314,136515,2601544560,0,0,0
y2207,20220218,20220218,133552500,13:35:53,9884,26314,136515,2601544560,0,0,0
y2207,20220218,20220218,133553000,13:35:55,9884,26314,136515,2601544560,0,0,0
y2207,20220218,20220218,133555000,13:35:56,9884,26314,136515,2601544560,0,0,0
y2207,20220218,20220218,133555500,13:35:56,9884,26318,136515,2601939920,4,0,395360
y2207,20220218,20220218,133556000,13:35:56,9884,26318,136515,2601939920,0,0,0
y2207,20220218,20220218,133556500,13:35:57,9884,26318,136515,2601939920,0,0,0
y2207,20220218,20220218,133557000,13:35:59,9884,26318,136515,2601939920,0,0,0
y2207,20220218,20220218,133557500,13:36:00,9884,26318,136515,2601939920,0,0,0
y2207,20220218,20220218,133558000,13:36:01,9884,26318,136515,2601939920,0,0,0
y2207,20220218,20220218,133559500,13:36:03,9884,26318,136515,2601939920,0,0,0
y2207,20220218,20220218,133601500,13:36:03,9884,26318,136515,2601939920,0,0,0
y2207,20220218,20220218,133602500,13:36:04,9884,26318,136515,2601939920,0,0,0
y2207,20220218,20220218,133603000,13:36:05,9884,26318,136515,2601939920,0,0,0
y2207,20220218,20220218,133603500,13:36:05,9884,26318,136515,2601939920,0,0,0
y2207,20220218,20220218,133605000,13:36:06,9884,26318,136515,2601939920,0,0,0
y2207,20220218,20220218,133605500,13:36:07,9880,26325,136509,2602631520,7,-6,691600
y2207,20220218,20220218,133606000,13:36:07,9880,26331,136509,2603224320,6,0,592800
y2207,20220218,20220218,133606500,13:36:07,9880,26331,136509,2603224320,0,0,0
y2207,20220218,20220218,133607000,13:36:08,9880,26331,136509,2603224320,0,0,0
y2207,20220218,20220218,133607500,13:36:08,9880,26331,136509,2603224320,0,0,0
y2207,20220218,20220218,133608000,13:36:08,9880,26331,136509,2603224320,0,0,0
y2207,20220218,20220218,133608500,13:36:09,9878,26332,136508,2603323100,1,-1,98780
y2207,20220218,20220218,133609000,13:36:09,9878,26332,136508,2603323100,0,0,0
y2207,20220218,20220218,133609500,13:36:10,9878,26332,136508,2603323100,0,0,0
y2207,20220218,20220218,133610000,13:36:11,9878,26332,136508,2603323100,0,0,0
y2207,20220218,20220218,133610500,13:36:11,9878,26332,136508,2603323100,0,0,0
y2207,20220218,20220218,133611000,13:36:11,9878,26332,136508,2603323100,0,0,0
y2207,20220218,20220218,133611500,13:36:12,9878,26332,136508,2603323100,0,0,0
y2207,20220218,20220218,133612000,13:36:12,9878,26332,136508,2603323100,0,0,0
y2207,20220218,20220218,133612500,13:36:12,9882,26338,136502,2603916020,6,-6,592920
y2207,20220218,20220218,133613000,13:36:13,9882,26338,136502,2603916020,0,0,0
y2207,20220218,20220218,133613500,13:36:14,9880,26339,136503,2604014820,1,1,98800
y2207,20220218,20220218,133614000,13:36:14,9880,26339,136503,2604014820,0,0,0
y2207,20220218,20220218,133614500,13:36:14,9880,26339,136503,2604014820,0,0,0
y2207,20220218,20220218,133615000,13:36:15,9880,26339,136503,2604014820,0,0,0
y2207,20220218,20220218,133615500,13:36:16,9880,26339,136503,2604014820,0,0,0
y2207,20220218,20220218,133616000,13:36:16,9880,26339,136503,2604014820,0,0,0
y2207,20220218,20220218,133616500,13:36:17,9882,26340,136502,2604113640,1,-1,98820
y2207,20220218,20220218,133617000,13:36:19,9882,26340,136502,2604113640,0,0,0
y2207,20220218,20220218,133617500,13:36:19,9882,26340,136502,2604113640,0,0,0
y2207,20220218,20220218,133618000,13:36:19,9882,26340,136502,2604113640,0,0,0
y2207,20220218,20220218,133618500,13:36:19,9882,26340,136502,2604113640,0,0,0
y2207,20220218,20220218,133619000,13:36:19,9882,26340,136502,2604113640,0,0,0
y2207,20220218,20220218,133619500,13:36:20,9882,26340,136502,2604113640,0,0,0
y2207,20220218,20220218,133620500,13:36:20,9882,26340,136502,2604113640,0,0,0
y2207,20220218,20220218,133621000,13:36:21,9882,26340,136502,2604113640,0,0,0
y2207,20220218,20220218,133621500,13:36:21,9882,26340,136502,2604113640,0,0,0
y2207,20220218,20220218,133626500,13:36:27,9882,26340,136502,2604113640,0,0,0
y2207,20220218,20220218,133627000,13:36:28,9882,26340,136502,2604113640,0,0,0
y2207,20220218,20220218,133627500,13:36:28,9882,26340,136502,2604113640,0,0,0
y2207,20220218,20220218,133628000,13:36:28,9882,26340,136502,2604113640,0,0,0
y2207,20220218,20220218,133628500,13:36:29,9882,26340,136502,2604113640,0,0,0
y2207,20220218,20220218,133629000,13:36:30,9882,26340,136502,2604113640,0,0,0
y2207,20220218,20220218,133629500,13:36:30,9882,26340,136502,2604113640,0,0,0
y2207,20220218,20220218,133630000,13:36:30,9882,26340,136502,2604113640,0,0,0
y2207,20220218,20220218,133630500,13:36:31,9882,26340,136502,2604113640,0,0,0
y2207,20220218,20220218,133631000,13:36:31,9882,26340,136502,2604113640,0,0,0
y2207,20220218,20220218,133631500,13:36:31,9882,26340,136502,2604113640,0,0,0
y2207,20220218,20220218,133632000,13:36:32,9882,26340,136502,2604113640,0,0,0
y2207,20220218,20220218,133632500,13:36:33,9882,26340,136502,2604113640,0,0,0
y2207,20220218,20220218,133633000,13:36:33,9882,26340,136502,2604113640,0,0,0
y2207,20220218,20220218,133633500,13:36:34,9882,26340,136502,2604113640,0,0,0
y2207,20220218,20220218,133634000,13:36:34,9882,26340,136502,2604113640,0,0,0
y2207,20220218,20220218,133634500,13:36:35,9882,26340,136502,2604113640,0,0,0
y2207,20220218,20220218,133635000,13:36:36,9882,26340,136502,2604113640,0,0,0
y2207,20220218,20220218,133635500,13:36:36,9882,26340,136502,2604113640,0,0,0
y2207,20220218,20220218,133636000,13:36:36,9882,26340,136502,2604113640,0,0,0
y2207,20220218,20220218,133636500,13:36:36,9882,26340,136502,2604113640,0,0,0
y2207,20220218,20220218,133637000,13:36:38,9882,26340,136502,2604113640,0,0,0
y2207,20220218,20220218,133639500,13:36:40,9882,26340,136502,2604113640,0,0,0
y2207,20220218,20220218,133640000,13:36:40,9882,26340,136502,2604113640,0,0,0
y2207,20220218,20220218,133642000,13:36:42,9882,26340,136502,2604113640,0,0,0
y2207,20220218,20220218,133642500,13:36:43,9882,26340,136502,2604113640,0,0,0
y2207,20220218,20220218,133643000,13:36:43,9882,26340,136502,2604113640,0,0,0
y2207,20220218,20220218,133643500,13:36:44,9882,26340,136502,2604113640,0,0,0
y2207,20220218,20220218,133644000,13:36:44,9882,26340,136502,2604113640,0,0,0
y2207,20220218,20220218,133644500,13:36:44,9882,26340,136502,2604113640,0,0,0
y2207,20220218,20220218,133645000,13:36:45,9882,26340,136502,2604113640,0,0,0
y2207,20220218,20220218,133645500,13:36:46,9882,26340,136502,2604113640,0,0,0
y2207,20220218,20220218,133646000,13:36:46,9882,26340,136502,2604113640,0,0,0
y2207,20220218,20220218,133646500,13:36:46,9882,26340,136502,2604113640,0,0,0
y2207,20220218,20220218,133647000,13:36:47,9882,26340,136502,2604113640,0,0,0
y2207,20220218,20220218,133647500,13:36:48,9882,26340,136502,2604113640,0,0,0
y2207,20220218,20220218,133648000,13:36:48,9882,26340,136502,2604113640,0,0,0
y2207,20220218,20220218,133649500,13:36:49,9882,26340,136502,2604113640,0,0,0
y2207,20220218,20220218,133650000,13:36:50,9882,26340,136502,2604113640,0,0,0
y2207,20220218,20220218,133650500,13:36:50,9882,26340,136502,2604113640,0,0,0
y2207,20220218,20220218,133651000,13:36:51,9882,26340,136502,2604113640,0,0,0
y2207,20220218,20220218,133651500,13:36:52,9882,26340,136502,2604113640,0,0,0
y2207,20220218,20220218,133652000,13:36:52,9882,26340,136502,2604113640,0,0,0
y2207,20220218,20220218,133652500,13:36:53,9882,26340,136502,2604113640,0,0,0
y2207,20220218,20220218,133653000,13:36:53,9882,26340,136502,2604113640,0,0,0
y2207,20220218,20220218,133653500,13:36:54,9882,26340,136502,2604113640,0,0,0
y2207,20220218,20220218,133654000,13:36:54,9882,26340,136502,2604113640,0,0,0
y2207,20220218,20220218,133654500,13:36:54,9882,26340,136502,2604113640,0,0,0
y2207,20220218,20220218,133655000,13:36:55,9882,26340,136502,2604113640,0,0,0
y2207,20220218,20220218,133655500,13:36:56,9882,26340,136502,2604113640,0,0,0
y2207,20220218,20220218,133656000,13:36:56,9882,26340,136502,2604113640,0,0,0
y2207,20220218,20220218,133656500,13:36:57,9882,26340,136502,2604113640,0,0,0
y2207,20220218,20220218,133657000,13:36:58,9882,26340,136502,2604113640,0,0,0
y2207,20220218,20220218,133657500,13:36:58,9882,26340,136502,2604113640,0,0,0
y2207,20220218,20220218,133658000,13:36:58,9882,26340,136502,2604113640,0,0,0
y2207,20220218,20220218,133658500,13:36:59,9882,26340,136502,2604113640,0,0,0
y2207,20220218,20220218,133659000,13:36:59,9882,26340,136502,2604113640,0,0,0
y2207,20220218,20220218,133659500,13:37:00,9882,26340,136502,2604113640,0,0,0
y2207,20220218,20220218,133700000,13:37:00,9882,26340,136502,2604113640,0,0,0
y2207,20220218,20220218,133700500,13:37:00,9882,26340,136502,2604113640,0,0,0
y2207,20220218,20220218,133701000,13:37:01,9882,26340,136502,2604113640,0,0,0
y2207,20220218,20220218,133701500,13:37:02,9882,26340,136502,2604113640,0,0,0
y2207,20220218,20220218,133702000,13:37:02,9882,26340,136502,2604113640,0,0,0
y2207,20220218,20220218,133702500,13:37:03,9882,26340,136502,2604113640,0,0,0
y2207,20220218,20220218,133703000,13:37:03,9882,26340,136502,2604113640,0,0,0
y2207,20220218,20220218,133703500,13:37:03,9890,26341,136502,2604212540,1,0,98900
y2207,20220218,20220218,133704000,13:37:04,9890,26341,136502,2604212540,0,0,0
y2207,20220218,20220218,133704500,13:37:05,9890,26341,136502,2604212540,0,0,0
y2207,20220218,20220218,133705000,13:37:05,9890,26341,136502,2604212540,0,0,0
y2207,20220218,20220218,133705500,13:37:08,9890,26341,136502,2604212540,0,0,0
y2207,20220218,20220218,133706000,13:37:08,9890,26341,136502,2604212540,0,0,0
y2207,20220218,20220218,133706500,13:37:08,9890,26341,136502,2604212540,0,0,0
y2207,20220218,20220218,133707500,13:37:08,9890,26341,136502,2604212540,0,0,0
y2207,20220218,20220218,133708000,13:37:08,9890,26341,136502,2604212540,0,0,0
y2207,20220218,20220218,133708500,13:37:08,9890,26341,136502,2604212540,0,0,0
y2207,20220218,20220218,133709000,13:37:09,9890,26341,136502,2604212540,0,0,0
y2207,20220218,20220218,133709500,13:37:11,9890,26348,136502,2604904840,7,0,692300
y2207,20220218,20220218,133710000,13:37:11,9890,26348,136502,2604904840,0,0,0
y2207,20220218,20220218,133710500,13:37:11,9890,26348,136502,2604904840,0,0,0
y2207,20220218,20220218,133711000,13:37:12,9890,26348,136502,2604904840,0,0,0
y2207,20220218,20220218,133711500,13:37:13,9890,26348,136502,2604904840,0,0,0
y2207,20220218,20220218,133712000,13:37:13,9890,26348,136502,2604904840,0,0,0
y2207,20220218,20220218,133713500,13:37:14,9890,26348,136502,2604904840,0,0,0
y2207,20220218,20220218,133715000,13:37:15,9886,26349,136502,2605003700,1,0,98860
y2207,20220218,20220218,133715500,13:37:16,9886,26349,136502,2605003700,0,0,0
y2207,20220218,20220218,133716000,13:37:16,9888,26350,136503,2605102580,1,1,98880
y2207,20220218,20220218,133716500,13:37:17,9888,26350,136503,2605102580,0,0,0
y2207,20220218,20220218,133717000,13:37:18,9888,26350,136503,2605102580,0,0,0
y2207,20220218,20220218,133717500,13:37:18,9888,26350,136503,2605102580,0,0,0
y2207,20220218,20220218,133718000,13:37:19,9888,26350,136503,2605102580,0,0,0
y2207,20220218,20220218,133718500,13:37:19,9888,26350,136503,2605102580,0,0,0
y2207,20220218,20220218,133719000,13:37:19,9888,26350,136503,2605102580,0,0,0
y2207,20220218,20220218,133719500,13:37:20,9888,26350,136503,2605102580,0,0,0
y2207,20220218,20220218,133720000,13:37:21,9888,26350,136503,2605102580,0,0,0
y2207,20220218,20220218,133720500,13:37:21,9888,26350,136503,2605102580,0,0,0
y2207,20220218,20220218,133721000,13:37:21,9888,26350,136503,2605102580,0,0,0
y2207,20220218,20220218,133721500,13:37:22,9884,26351,136504,2605201420,1,1,98840
y2207,20220218,20220218,133722000,13:37:22,9884,26352,136503,2605300260,1,-1,98840
y2207,20220218,20220218,133722500,13:37:23,9884,26352,136503,2605300260,0,0,0
y2207,20220218,20220218,133723000,13:37:23,9884,26352,136503,2605300260,0,0,0
y2207,20220218,20220218,133723500,13:37:23,9886,26353,136504,2605399120,1,1,98860
y2207,20220218,20220218,133724000,13:37:24,9886,26353,136504,2605399120,0,0,0
y2207,20220218,20220218,133724500,13:37:25,9886,26353,136504,2605399120,0,0,0
y2207,20220218,20220218,133725000,13:37:25,9886,26353,136504,2605399120,0,0,0
y2207,20220218,20220218,133728000,13:37:28,9886,26353,136504,2605399120,0,0,0
y2207,20220218,20220218,133728500,13:37:29,9886,26353,136504,2605399120,0,0,0
y2207,20220218,20220218,133729000,13:37:29,9886,26353,136504,2605399120,0,0,0
y2207,20220218,20220218,133732000,13:37:32,9886,26354,136505,2605497980,1,1,98860
y2207,20220218,20220218,133732500,13:37:33,9886,26357,136508,2605794560,3,3,296580
y2207,20220218,20220218,133733000,13:37:33,9886,26357,136508,2605794560,0,0,0
y2207,20220218,20220218,133733500,13:37:33,9886,26357,136508,2605794560,0,0,0
y2207,20220218,20220218,133734500,13:37:34,9886,26357,136508,2605794560,0,0,0
y2207,20220218,20220218,133735000,13:37:35,9886,26357,136508,2605794560,0,0,0
y2207,20220218,20220218,133735500,13:37:36,9886,26357,136508,2605794560,0,0,0
y2207,20220218,20220218,133736000,13:37:36,9886,26357,136508,2605794560,0,0,0
y2207,20220218,20220218,133736500,13:37:37,9886,26357,136508,2605794560,0,0,0
y2207,20220218,20220218,133737000,13:37:37,9886,26357,136508,2605794560,0,0,0
y2207,20220218,20220218,133737500,13:37:37,9886,26357,136508,2605794560,0,0,0
y2207,20220218,20220218,133738000,13:37:39,9886,26357,136508,2605794560,0,0,0
y2207,20220218,20220218,133738500,13:37:39,9886,26357,136508,2605794560,0,0,0
y2207,20220218,20220218,133739000,13:37:39,9886,26357,136508,2605794560,0,0,0
y2207,20220218,20220218,133739500,13:37:39,9886,26357,136508,2605794560,0,0,0
y2207,20220218,20220218,133740000,13:37:40,9886,26357,136508,2605794560,0,0,0
y2207,20220218,20220218,133740500,13:37:40,9886,26357,136508,2605794560,0,0,0
y2207,20220218,20220218,133741000,13:37:41,9886,26357,136508,2605794560,0,0,0
y2207,20220218,20220218,133741500,13:37:42,9886,26357,136508,2605794560,0,0,0
y2207,20220218,20220218,133742000,13:37:42,9886,26357,136508,2605794560,0,0,0
y2207,20220218,20220218,133742500,13:37:43,9886,26357,136508,2605794560,0,0,0
y2207,20220218,20220218,133743000,13:37:44,9886,26357,136508,2605794560,0,0,0
y2207,20220218,20220218,133743500,13:37:44,9886,26357,136508,2605794560,0,0,0
y2207,20220218,20220218,133744000,13:37:45,9886,26357,136508,2605794560,0,0,0
y2207,20220218,20220218,133744500,13:37:45,9886,26357,136508,2605794560,0,0,0
y2207,20220218,20220218,133745000,13:37:45,9886,26357,136508,2605794560,0,0,0
y2207,20220218,20220218,133745500,13:37:45,9886,26357,136508,2605794560,0,0,0
y2207,20220218,20220218,133746000,13:37:46,9886,26357,136508,2605794560,0,0,0
y2207,20220218,20220218,133746500,13:37:47,9886,26357,136508,2605794560,0,0,0
y2207,20220218,20220218,133747000,13:37:47,9886,26357,136508,2605794560,0,0,0
y2207,20220218,20220218,133747500,13:37:48,9886,26357,136508,2605794560,0,0,0
