y2205,20220218,20220218,112003000,11:20:04,9968,519220,473418,52064832620,519220,419,52064832620
y2205,20220218,20220218,112004500,11:20:10,9968,519255,473407,52068321460,35,-11,3488840
y2205,20220218,20220218,112005000,11:20:10,9968,519388,473374,52081581440,133,-33,13259980
y2205,20220218,20220218,112006000,11:20:10,9968,519397,473372,52082478660,9,-2,897220
y2205,20220218,20220218,112006500,11:20:10,9968,519397,473372,52082478660,0,0,0
y2205,20220218,20220218,112007000,11:20:10,9970,519498,473388,52092548360,101,16,10069700
y2205,20220218,20220218,112007500,11:20:10,9970,519498,473388,52092548360,0,0,0
y2205,20220218,20220218,112008000,11:20:10,9970,519501,473385,52092847460,3,-3,299100
y2205,20220218,20220218,112008500,11:20:10,9970,519504,473384,52093146560,3,-1,299100
y2205,20220218,20220218,112009000,11:20:10,9970,519515,473374,52094243260,11,-10,1096700
y2205,20220218,20220218,112009500,11:20:10,9972,519517,473372,52094442700,2,-2,199440
y2205,20220218,20220218,112010000,11:20:10,9972,519517,473372,52094442700,0,0,0
y2205,20220218,20220218,112010500,11:20:10,9970,519518,473372,52094542400,1,0,99700
y2205,20220218,20220218,112011000,11:20:11,9970,519518,473372,52094542400,0,0,0
y2205,20220218,20220218,112011500,11:20:12,9970,519518,473372,52094542400,0,0,0
y2205,20220218,20220218,112012000,11:20:12,9970,519519,473371,52094642100,1,-1,99700
y2205,20220218,20220218,112012500,11:20:12,9970,519552,473345,52097932200,33,-26,3290100
y2205,20220218,20220218,112013000,11:20:13,9970,519553,473345,52098031900,1,0,99700
y2205,20220218,20220218,112013500,11:20:13,9970,519564,473345,52099128600,11,0,1096700
y2205,20220218,20220218,112014000,11:20:14,9972,519565,473344,52099228320,1,-1,99720
y2205,20220218,20220218,112014500,11:20:14,9972,519708,473284,52113488280,143,-60,14259960
y2205,20220218,20220218,112015000,11:20:15,9972,519711,473282,52113787440,3,-2,299160
y2205,20220218,20220218,112015500,11:20:16,9972,519711,473282,52113787440,0,0,0
y2205,20220218,20220218,112016000,11:20:16,9972,519720,473276,52114684920,9,-6,897480
y2205,20220218,20220218,112016500,11:20:16,9972,519720,473276,52114684920,0,0,0
y2205,20220218,20220218,112017000,11:20:17,9974,519721,473276,52114784660,1,0,99740
y2205,20220218,20220218,112017500,11:20:17,9972,519748,473264,52117477120,27,-12,2692460
y2205,20220218,20220218,112018000,11:20:18,9972,519829,473262,52125554440,81,-2,8077320
y2205,20220218,20220218,112018500,11:20:18,9972,519841,473262,52126751080,12,0,1196640
y2205,20220218,20220218,112019000,11:20:19,9972,519852,473258,52127848000,11,-4,1096920
y2205,20220218,20220218,112019500,11:20:20,9972,519877,473250,52130341000,25,-8,2493000
y2205,20220218,20220218,112020000,11:20:20,9972,519890,473256,52131637360,13,6,1296360
y2205,20220218,20220218,112020500,11:20:21,9972,519892,473256,52131836800,2,0,199440
y2205,20220218,20220218,112021000,11:20:21,9970,519902,473246,52132833820,10,-10,997020
y2205,20220218,20220218,112021500,11:20:21,9970,519904,473245,52133033240,2,-1,199420
y2205,20220218,20220218,112022000,11:20:22,9970,519904,473245,52133033240,0,0,0
y2205,20220218,20220218,112022500,11:20:23,9972,519907,473244,52133332400,3,-1,299160
y2205,20220218,20220218,112023000,11:20:23,9972,519971,473272,52139714480,64,28,6382080
y2205,20220218,20220218,112023500,11:20:23,9972,519984,473283,52141010860,13,11,1296380
y2205,20220218,20220218,112024000,11:20:24,9972,519984,473283,52141010860,0,0,0
y2205,20220218,20220218,112024500,11:20:24,9972,519985,473284,52141110580,1,1,99720
y2205,20220218,20220218,112025000,11:20:25,9972,519987,473284,52141310020,2,0,199440
y2205,20220218,20220218,112025500,11:20:25,9972,519989,473285,52141509460,2,1,199440
y2205,20220218,20220218,112026000,11:20:26,9974,519990,473285,52141609200,1,0,99740
y2205,20220218,20220218,112027000,11:20:27,9974,519990,473285,52141609200,0,0,0
y2205,20220218,20220218,112027500,11:20:28,9972,520030,473294,52145598000,40,9,3988800
y2205,20220218,20220218,112028000,11:20:28,9972,520031,473294,52145697720,1,0,99720
y2205,20220218,20220218,112028500,11:20:28,9972,520031,473294,52145697720,0,0,0
y2205,20220218,20220218,112029500,11:20:30,9972,520032,473294,52145797440,1,0,99720
y2205,20220218,20220218,112030000,11:20:31,9972,520083,473342,52150883160,51,48,5085720
y2205,20220218,20220218,112030500,11:20:31,9972,520084,473343,52150982880,1,1,99720
y2205,20220218,20220218,112031000,11:20:32,9972,520084,473343,52150982880,0,0,0
y2205,20220218,20220218,112031500,11:20:32,9972,520188,473340,52161353760,104,-3,10370880
y2205,20220218,20220218,112032000,11:20:32,9972,520188,473340,52161353760,0,0,0
y2205,20220218,20220218,112032500,11:20:32,9972,520194,473335,52161952080,6,-5,598320
y2205,20220218,20220218,112033000,11:20:33,9972,520195,473334,52162051800,1,-1,99720
y2205,20220218,20220218,112033500,11:20:33,9970,520196,473334,52162151500,1,0,99700
y2205,20220218,20220218,112034000,11:20:34,9970,520196,473334,52162151500,0,0,0
y2205,20220218,20220218,112034500,11:20:34,9970,520218,473325,52164344900,22,-9,2193400
y2205,20220218,20220218,112035000,11:20:35,9972,520431,473413,52185582080,213,88,21237180
y2205,20220218,20220218,112035500,11:20:35,9972,520434,473413,52185881200,3,0,299120
y2205,20220218,20220218,112036000,11:20:36,9972,520434,473413,52185881200,0,0,0
y2205,20220218,20220218,112036500,11:20:37,9970,520437,473410,52186180300,3,-3,299100
y2205,20220218,20220218,112037000,11:20:37,9970,520451,473405,52187576100,14,-5,1395800
y2205,20220218,20220218,112037500,11:20:38,9970,520472,473396,52189669800,21,-9,2093700
y2205,20220218,20220218,112038000,11:20:38,9972,520482,473402,52190666820,10,6,997020
y2205,20220218,20220218,112038500,11:20:38,9970,520532,473368,52195651820,50,-34,4985000
y2205,20220218,20220218,112039000,11:20:39,9970,520535,473370,52195950920,3,2,299100
y2205,20220218,20220218,112039500,11:20:40,9970,520543,473369,52196748520,8,-1,797600
y2205,20220218,20220218,112040000,11:20:40,9970,520543,473369,52196748520,0,0,0
y2205,20220218,20220218,112040500,11:20:41,9970,520543,473369,52196748520,0,0,0
y2205,20220218,20220218,112041500,11:20:41,9970,520563,473378,52198742520,20,9,1994000
y2205,20220218,20220218,112042000,11:20:42,9970,520563,473378,52198742520,0,0,0
y2205,20220218,20220218,112042500,11:20:42,9972,520564,473379,52198842240,1,1,99720
y2205,20220218,20220218,112043000,11:20:43,9970,520574,473380,52199839240,10,1,997000
y2205,20220218,20220218,112043500,11:20:44,9970,520574,473380,52199839240,0,0,0
y2205,20220218,20220218,112044000,11:20:44,9970,520574,473380,52199839240,0,0,0
y2205,20220218,20220218,112044500,11:20:45,9970,520582,473380,52200636840,8,0,797600
y2205,20220218,20220218,112045000,11:20:45,9970,520582,473380,52200636840,0,0,0
y2205,20220218,20220218,112045500,11:20:46,9970,520669,473428,52209310740,87,48,8673900
y2205,20220218,20220218,112046000,11:20:46,9970,520679,473418,52210307740,10,-10,997000
y2205,20220218,20220218,112046500,11:20:46,9970,520726,473418,52214993640,47,0,4685900
y2205,20220218,20220218,112047000,11:20:48,9970,520758,473426,52218184040,32,8,3190400
y2205,20220218,20220218,112047500,11:20:48,9970,520763,473426,52218682540,5,0,498500
y2205,20220218,20220218,112048000,11:20:48,9972,520836,473447,52225962080,73,21,7279540
y2205,20220218,20220218,112048500,11:20:50,9972,520843,473445,52226660120,7,-2,698040
y2205,20220218,20220218,112049000,11:20:50,9970,520873,473438,52229651560,30,-7,2991440
y2205,20220218,20220218,112049500,11:20:50,9970,520876,473435,52229950660,3,-3,299100
y2205,20220218,20220218,112050500,11:20:51,9972,520911,473441,52233440860,35,6,3490200
y2205,20220218,20220218,112051000,11:20:51,9970,520933,473420,52235634660,22,-21,2193800
y2205,20220218,20220218,112051500,11:20:51,9972,520937,473420,52236033540,4,0,398880
y2205,20220218,20220218,112052000,11:20:53,9972,520972,473448,52239523740,35,28,3490200
y2205,20220218,20220218,112052500,11:20:53,9972,520972,473448,52239523740,0,0,0
y2205,20220218,20220218,112053000,11:20:53,9972,520974,473446,52239723180,2,-2,199440
y2205,20220218,20220218,112053500,11:20:53,9972,520976,473445,52239922620,2,-1,199440
y2205,20220218,20220218,112054000,11:20:54,9972,520977,473444,52240022340,1,-1,99720
y2205,20220218,20220218,112054500,11:20:55,9974,521113,473468,52253586980,136,24,13564640
y2205,20220218,20220218,112055000,11:20:55,9974,521128,473469,52255083080,15,1,1496100
y2205,20220218,20220218,112055500,11:20:56,9974,521151,473461,52257377120,23,-8,2294040
y2205,20220218,20220218,112056000,11:20:56,9972,521164,473463,52258673720,13,2,1296600
y2205,20220218,20220218,112056500,11:20:57,9972,521164,473463,52258673720,0,0,0
y2205,20220218,20220218,112057000,11:20:58,9972,521169,473463,52259172320,5,0,498600
y2205,20220218,20220218,112058000,11:20:58,9974,521170,473463,52259272060,1,0,99740
y2205,20220218,20220218,112059000,11:20:59,9974,521170,473463,52259272060,0,0,0
y2205,20220218,20220218,112059500,11:21:00,9974,521170,473463,52259272060,0,0,0
y2205,20220218,20220218,112100000,11:21:00,9974,521170,473463,52259272060,0,0,0
y2205,20220218,20220218,112100500,11:21:00,9974,521172,473465,52259471540,2,2,199480
y2205,20220218,20220218,112101000,11:21:01,9972,521174,473465,52259670980,2,0,199440
y2205,20220218,20220218,112101500,11:21:02,9972,521174,473465,52259670980,0,0,0
y2205,20220218,20220218,112102000,11:21:03,9974,521176,473465,52259870460,2,0,199480
y2205,20220218,20220218,112102500,11:21:03,9974,521290,473456,52271240820,114,-9,11370360
y2205,20220218,20220218,112103000,11:21:03,9974,521318,473468,52274033540,28,12,2792720
y2205,20220218,20220218,112103500,11:21:04,9974,521327,473476,52274931200,9,8,897660
y2205,20220218,20220218,112104000,11:21:04,9974,521329,473476,52275130680,2,0,199480
y2205,20220218,20220218,112104500,11:21:05,9974,521330,473477,52275230420,1,1,99740
y2205,20220218,20220218,112105000,11:21:05,9974,521338,473480,52276028340,8,3,797920
y2205,20220218,20220218,112105500,11:21:06,9974,521339,473481,52276128080,1,1,99740
y2205,20220218,20220218,112106000,11:21:07,9974,521339,473481,52276128080,0,0,0
y2205,20220218,20220218,112106500,11:21:07,9976,521341,473483,52276327600,2,2,199520
y2205,20220218,20220218,112107000,11:21:09,9974,521345,473484,52276726620,4,1,399020
y2205,20220218,20220218,112107500,11:21:10,9974,521345,473484,52276726620,0,0,0
y2205,20220218,20220218,112108000,11:21:10,9974,521345,473484,52276726620,0,0,0
y2205,20220218,20220218,112108500,11:21:10,9974,521345,473484,52276726620,0,0,0
y2205,20220218,20220218,112110000,11:21:11,9974,521363,473484,52278521960,18,0,1795340
y2205,20220218,20220218,112110500,11:21:11,9974,521368,473486,52279020660,5,2,498700
y2205,20220218,20220218,112111000,11:21:11,9974,521368,473486,52279020660,0,0,0
y2205,20220218,20220218,112111500,11:21:12,9976,521369,473486,52279120420,1,0,99760
y2205,20220218,20220218,112112000,11:21:12,9976,521369,473486,52279120420,0,0,0
y2205,20220218,20220218,112112500,11:21:13,9976,521369,473486,52279120420,0,0,0
y2205,20220218,20220218,112113000,11:21:13,9974,521372,473486,52279419640,3,0,299220
y2205,20220218,20220218,112113500,11:21:13,9974,521372,473486,52279419640,0,0,0
y2205,20220218,20220218,112114000,11:21:14,9974,521374,473485,52279619140,2,-1,199500
y2205,20220218,20220218,112114500,11:21:14,9974,521375,473485,52279718880,1,0,99740
y2205,20220218,20220218,112115000,11:21:15,9974,521375,473485,52279718880,0,0,0
y2205,20220218,20220218,112115500,11:21:15,9976,521378,473485,52280018120,3,0,299240
y2205,20220218,20220218,112116000,11:21:16,9976,521506,473479,52292787380,128,-6,12769260
y2205,20220218,20220218,112116500,11:21:17,9976,521511,473481,52293286180,5,2,498800
y2205,20220218,20220218,112117000,11:21:17,9976,521512,473481,52293385940,1,0,99760
y2205,20220218,20220218,112117500,11:21:18,9976,521512,473481,52293385940,0,0,0
y2205,20220218,20220218,112118000,11:21:18,9976,521514,473481,52293585480,2,0,199540
y2205,20220218,20220218,112118500,11:21:18,9978,521534,473473,52295581020,20,-8,1995540
y2205,20220218,20220218,112119000,11:21:19,9976,521544,473469,52296578720,10,-4,997700
y2205,20220218,20220218,112119500,11:21:19,9978,521576,473478,52299771680,32,9,3192960
y2205,20220218,20220218,112120000,11:21:20,9976,521601,473479,52302265960,25,1,2494280
y2205,20220218,20220218,112120500,11:21:21,9978,521616,473469,52303762660,15,-10,1496700
y2205,20220218,20220218,112121000,11:21:22,9978,521620,473465,52304161780,4,-4,399120
y2205,20220218,20220218,112121500,11:21:22,9978,521628,473468,52304960020,8,3,798240
y2205,20220218,20220218,112122000,11:21:22,9978,521641,473457,52306257180,13,-11,1297160
y2205,20220218,20220218,112122500,11:21:22,9980,521642,473457,52306356980,1,0,99800
y2205,20220218,20220218,112123000,11:21:23,9978,521648,473453,52306955700,6,-4,598720
y2205,20220218,20220218,112123500,11:21:24,9978,521654,473447,52307554380,6,-6,598680
y2205,20220218,20220218,112124000,11:21:24,9978,521659,473444,52308053300,5,-3,498920
y2205,20220218,20220218,112124500,11:21:25,9978,521728,473396,52314938120,69,-48,6884820
y2205,20220218,20220218,112125000,11:21:29,9978,521730,473397,52315137680,2,1,199560
y2205,20220218,20220218,112125500,11:23:32,9978,521734,473398,52315536800,4,1,399120
y2205,20220218,20220218,112126000,11:23:33,9978,521734,473398,52315536800,0,0,0
y2205,20220218,20220218,112332500,11:23:33,9978,521734,473398,52315536800,0,0,0
y2205,20220218,20220218,112333000,11:23:33,9978,521734,473398,52315536800,0,0,0
y2205,20220218,20220218,112333500,11:23:33,9982,523686,473529,52510295340,1952,131,194758540
y2205,20220218,20220218,112334000,11:23:34,9982,523686,473529,52510295340,0,0,0
y2205,20220218,20220218,112334500,11:23:34,9982,523687,473529,52510395160,1,0,99820
y2205,20220218,20220218,112335000,11:23:35,9980,523697,473521,52511393160,10,-8,998000
y2205,20220218,20220218,112335500,11:23:35,9982,523698,473521,52511492980,1,0,99820
y2205,20220218,20220218,112336000,11:23:36,9982,523719,473532,52513589180,21,11,2096200
y2205,20220218,20220218,112336500,11:23:38,9982,523772,473571,52518879620,53,39,5290440
y2205,20220218,20220218,112337000,11:23:38,9982,523772,473571,52518879620,0,0,0
y2205,20220218,20220218,112338000,11:23:38,9982,523772,473571,52518879620,0,0,0
y2205,20220218,20220218,112338500,11:23:38,9980,523775,473571,52519179020,3,0,299400
y2205,20220218,20220218,112339000,11:23:39,9980,523775,473571,52519179020,0,0,0
y2205,20220218,20220218,112339500,11:23:39,9980,523775,473571,52519179020,0,0,0
y2205,20220218,20220218,112340000,11:23:40,9980,523776,473570,52519278820,1,-1,99800
y2205,20220218,20220218,112340500,11:23:40,9982,523778,473570,52519478460,2,0,199640
y2205,20220218,20220218,112341000,11:23:41,9982,523779,473569,52519578280,1,-1,99820
y2205,20220218,20220218,112341500,11:23:42,9980,523781,473569,52519777880,2,0,199600
y2205,20220218,20220218,112342000,11:23:42,9980,523784,473566,52520077300,3,-3,299420
y2205,20220218,20220218,112342500,11:23:42,9980,523785,473565,52520177100,1,-1,99800
y2205,20220218,20220218,112343000,11:23:43,9980,523804,473565,52522073300,19,0,1896200
y2205,20220218,20220218,112343500,11:23:43,9982,523843,473551,52525965520,39,-14,3892220
y2205,20220218,20220218,112344000,11:23:48,9980,523845,473551,52526165120,2,0,199600
y2205,20220218,20220218,112344500,11:23:48,9980,523848,473551,52526464520,3,0,299400
y2205,20220218,20220218,112345000,11:23:48,9980,523848,473551,52526464520,0,0,0
y2205,20220218,20220218,112345500,11:23:48,9980,523852,473553,52526863760,4,2,399240
y2205,20220218,20220218,112348000,11:23:48,9980,523861,473557,52527761980,9,4,898220
y2205,20220218,20220218,112349000,11:23:49,9980,523861,473557,52527761980,0,0,0
y2205,20220218,20220218,112349500,11:23:50,9980,523862,473556,52527861780,1,-1,99800
y2205,20220218,20220218,112350000,11:23:50,9982,523865,473555,52528161220,3,-1,299440
y2205,20220218,20220218,112350500,11:23:50,9982,523865,473555,52528161220,0,0,0
y2205,20220218,20220218,112351000,11:23:51,9980,523866,473555,52528261020,1,0,99800
y2205,20220218,20220218,112351500,11:23:51,9980,523866,473555,52528261020,0,0,0
y2205,20220218,20220218,112352500,11:23:52,9980,523866,473555,52528261020,0,0,0
y2205,20220218,20220218,112353500,11:23:53,9982,523867,473555,52528360840,1,0,99820
y2205,20220218,20220218,112354000,11:23:54,9982,523868,473556,52528460660,1,1,99820
y2205,20220218,20220218,112354500,11:23:55,9980,523870,473554,52528660260,2,-2,199600
y2205,20220218,20220218,112355000,11:23:55,9980,523870,473554,52528660260,0,0,0
y2205,20220218,20220218,112355500,11:23:55,9980,523874,473554,52529059460,4,0,399200
y2205,20220218,20220218,112356000,11:23:56,9980,523874,473554,52529059460,0,0,0
y2205,20220218,20220218,112356500,11:23:56,9982,523886,473561,52530257300,12,7,1197840
y2205,20220218,20220218,112357000,11:23:57,9980,523887,473561,52530357100,1,0,99800
y2205,20220218,20220218,112357500,11:23:57,9980,523889,473561,52530556700,2,0,199600
y2205,20220218,20220218,112358000,11:23:58,9980,523889,473561,52530556700,0,0,0
y2205,20220218,20220218,112359000,11:23:59,9980,523889,473561,52530556700,0,0,0
y2205,20220218,20220218,112359500,11:23:59,9980,523889,473561,52530556700,0,0,0
y2205,20220218,20220218,112400000,11:24:00,9980,523891,473559,52530756320,2,-2,199620
y2205,20220218,20220218,112400500,11:24:00,9980,523891,473559,52530756320,0,0,0
y2205,20220218,20220218,112401000,11:24:01,9980,523893,473557,52530955940,2,-2,199620
y2205,20220218,20220218,112401500,11:24:01,9980,523894,473557,52531055740,1,0,99800
y2205,20220218,20220218,112402000,11:24:02,9980,523895,473557,52531155540,1,0,99800
y2205,20220218,20220218,112402500,11:24:02,9980,523895,473557,52531155540,0,0,0
y2205,20220218,20220218,112403000,11:24:03,9980,523895,473557,52531155540,0,0,0
y2205,20220218,20220218,112403500,11:24:04,9980,523895,473557,52531155540,0,0,0
y2205,20220218,20220218,112404000,11:24:04,9980,523897,473557,52531355140,2,0,199600
y2205,20220218,20220218,112404500,11:24:04,9980,523922,473556,52533850140,25,-1,2495000
y2205,20220218,20220218,112405000,11:24:05,9980,523923,473556,52533949940,1,0,99800
y2205,20220218,20220218,112406000,11:24:06,9982,523928,473556,52534449040,5,0,499100
y2205,20220218,20220218,112406500,11:24:06,9980,523930,473555,52534648660,2,-1,199620
y2205,20220218,20220218,112407000,11:24:07,9980,523931,473555,52534748460,1,0,99800
y2205,20220218,20220218,112407500,11:24:08,9980,523931,473555,52534748460,0,0,0
y2205,20220218,20220218,112408000,11:24:08,9982,523933,473553,52534948100,2,-2,199640
y2205,20220218,20220218,112408500,11:24:08,9980,523934,473553,52535047900,1,0,99800
y2205,20220218,20220218,112409000,11:24:09,9980,523935,473553,52535147720,1,0,99820
y2205,20220218,20220218,112410000,11:24:12,9980,523941,473553,52535746520,6,0,598800
y2205,20220218,20220218,112410500,11:24:12,9980,523941,473553,52535746520,0,0,0
y2205,20220218,20220218,112411500,11:24:12,9980,523941,473553,52535746520,0,0,0
y2205,20220218,20220218,112412000,11:24:12,9982,523943,473551,52535946160,2,-2,199640
y2205,20220218,20220218,112413000,11:24:13,9980,523946,473551,52536245600,3,0,299440
y2205,20220218,20220218,112413500,11:24:14,9980,523946,473551,52536245600,0,0,0
y2205,20220218,20220218,112414000,11:24:14,9980,523948,473551,52536445200,2,0,199600
y2205,20220218,20220218,112414500,11:24:15,9980,523949,473552,52536545000,1,1,99800
y2205,20220218,20220218,112415500,11:24:15,9982,523951,473551,52536744640,2,-1,199640
y2205,20220218,20220218,112416000,11:24:16,9982,523953,473550,52536944280,2,-1,199640
y2205,20220218,20220218,112416500,11:24:17,9982,524180,473506,52559603460,227,-44,22659180
y2205,20220218,20220218,112417000,11:24:17,9982,524181,473505,52559703280,1,-1,99820
y2205,20220218,20220218,112417500,11:24:18,9982,524181,473505,52559703280,0,0,0
y2205,20220218,20220218,112418000,11:24:18,9982,524192,473494,52560801300,11,-11,1098020
y2205,20220218,20220218,112418500,11:24:19,9984,524293,473447,52570885140,101,-47,10083840
y2205,20220218,20220218,112419000,11:24:19,9984,524327,473454,52574279760,34,7,3394620
y2205,20220218,20220218,112419500,11:24:20,9986,524351,473432,52576676380,24,-22,2396620
y2205,20220218,20220218,112420000,11:24:20,9984,524451,473387,52586660360,100,-45,9983980
y2205,20220218,20220218,112420500,11:24:20,9984,524498,473351,52591352840,47,-36,4692480
y2205,20220218,20220218,112421000,11:24:21,9986,524524,473331,52593948800,26,-20,2595960
y2205,20220218,20220218,112421500,11:24:22,9986,524527,473332,52594248380,3,1,299580
y2205,20220218,20220218,112422000,11:24:22,9984,524564,473339,52597942480,37,7,3694100
y2205,20220218,20220218,112422500,11:24:23,9984,524588,473350,52600338640,24,11,2396160
y2205,20220218,20220218,112423000,11:24:23,9986,524603,473342,52601836260,15,-8,1497620
y2205,20220218,20220218,112423500,11:24:23,9984,524609,473341,52602435300,6,-1,599040
y2205,20220218,20220218,112424000,11:24:24,9986,524623,473341,52603833340,14,0,1398040
y2205,20220218,20220218,112424500,11:24:24,9984,524625,473341,52604033020,2,0,199680
y2205,20220218,20220218,112425000,11:24:25,9986,524627,473341,52604232720,2,0,199700
y2205,20220218,20220218,112425500,11:24:25,9984,524664,473312,52607926800,37,-29,3694080
y2205,20220218,20220218,112426000,11:24:26,9984,524667,473311,52608226300,3,-1,299500
y2205,20220218,20220218,112426500,11:24:26,9984,524667,473311,52608226300,0,0,0
y2205,20220218,20220218,112427000,11:24:27,9984,524667,473311,52608226300,0,0,0
y2205,20220218,20220218,112427500,11:24:28,9984,524680,473304,52609524220,13,-7,1297920
y2205,20220218,20220218,112428000,11:24:28,9984,524695,473310,52611021800,15,6,1497580
y2205,20220218,20220218,112428500,11:24:28,9984,524696,473310,52611121640,1,0,99840
y2205,20220218,20220218,112429000,11:24:29,9984,524702,473304,52611720680,6,-6,599040
y2205,20220218,20220218,112430000,11:24:30,9984,524709,473304,52612419560,7,0,698880
y2205,20220218,20220218,112430500,11:24:30,9982,524711,473302,52612619200,2,-2,199640
y2205,20220218,20220218,112431000,11:24:31,9984,524712,473301,52612719040,1,-1,99840
y2205,20220218,20220218,112431500,11:24:31,9984,524746,473309,52616113600,34,8,3394560
y2205,20220218,20220218,112432000,11:24:32,9986,524922,473389,52633688120,176,80,17574520
y2205,20220218,20220218,112432500,11:24:32,9988,525040,473392,52645471620,118,3,11783500
y2205,20220218,20220218,112433000,11:24:33,9986,525058,473380,52647269100,18,-12,1797480
y2205,20220218,20220218,112433500,11:24:33,9986,525068,473374,52648267640,10,-6,998540
y2205,20220218,20220218,112434000,11:24:34,9984,525069,473375,52648367480,1,1,99840
y2205,20220218,20220218,112434500,11:24:34,9984,525072,473376,52648667020,3,1,299540
y2205,20220218,20220218,112435000,11:24:35,9986,525083,473385,52649765460,11,9,1098440
y2205,20220218,20220218,112435500,11:24:35,9984,525085,473387,52649965140,2,2,199680
y2205,20220218,20220218,112436500,11:24:36,9984,525085,473387,52649965140,0,0,0
y2205,20220218,20220218,112437000,11:24:37,9984,525088,473388,52650264700,3,1,299560
y2205,20220218,20220218,112438000,11:24:39,9986,525134,473393,52654858260,46,5,4593560
y2205,20220218,20220218,112438500,11:24:39,9986,525170,473387,52658453220,36,-6,3594960
y2205,20220218,20220218,112439000,11:24:40,9986,525193,473385,52660749980,23,-2,2296760
y2205,20220218,20220218,112439500,11:24:40,9986,525246,473344,52666042560,53,-41,5292580
y2205,20220218,20220218,112440000,11:24:40,9986,525251,473344,52666541860,5,0,499300
y2205,20220218,20220218,112440500,11:24:40,9986,525262,473344,52667640300,11,0,1098440
y2205,20220218,20220218,112441000,11:24:41,9986,525278,473335,52669238060,16,-9,1597760
y2205,20220218,20220218,112441500,11:24:41,9986,525285,473331,52669937080,7,-4,699020
y2205,20220218,20220218,112442000,11:24:42,9986,525287,473331,52670136800,2,0,199720
y2205,20220218,20220218,112442500,11:24:42,9984,525289,473332,52670336480,2,1,199680
y2205,20220218,20220218,112443000,11:24:43,9986,525290,473332,52670436340,1,0,99860
y2205,20220218,20220218,112443500,11:24:43,9986,525290,473332,52670436340,0,0,0
y2205,20220218,20220218,112444000,11:24:44,9986,525296,473332,52671035500,6,0,599160
y2205,20220218,20220218,112444500,11:24:44,9986,525296,473332,52671035500,0,0,0
y2205,20220218,20220218,112445000,11:24:45,9986,525296,473332,52671035500,0,0,0
y2205,20220218,20220218,112445500,11:24:45,9986,525302,473333,52671634660,6,1,599160
y2205,20220218,20220218,112446000,11:24:46,9986,525317,473322,52673132560,15,-11,1497900
y2205,20220218,20220218,112446500,11:24:46,9986,525317,473322,52673132560,0,0,0
y2205,20220218,20220218,112447000,11:24:47,9986,525318,473322,52673232420,1,0,99860
y2205,20220218,20220218,112447500,11:24:47,9988,525319,473322,52673332300,1,0,99880
y2205,20220218,20220218,112448000,11:24:48,9988,525319,473322,52673332300,0,0,0
y2205,20220218,20220218,112448500,11:24:49,9988,525321,473321,52673532040,2,-1,199740
y2205,20220218,20220218,112449000,11:24:49,9988,525321,473321,52673532040,0,0,0
y2205,20220218,20220218,112449500,11:24:49,9986,525326,473319,52674031380,5,-2,499340
y2205,20220218,20220218,112450000,11:24:50,9986,525326,473319,52674031380,0,0,0
y2205,20220218,20220218,112450500,11:24:50,9986,525326,473319,52674031380,0,0,0
y2205,20220218,20220218,112451000,11:24:51,9988,525327,473318,52674131260,1,-1,99880
y2205,20220218,20220218,112451500,11:24:52,9988,525330,473315,52674430900,3,-3,299640
y2205,20220218,20220218,112452000,11:24:52,9988,525333,473312,52674730540,3,-3,299640
y2205,20220218,20220218,112452500,11:24:52,9988,525335,473310,52674930280,2,-2,199740
y2205,20220218,20220218,112453000,11:24:53,9986,525336,473310,52675030140,1,0,99860
y2205,20220218,20220218,112453500,11:24:53,9986,525337,473309,52675130000,1,-1,99860
y2205,20220218,20220218,112454000,11:24:54,9988,525519,473328,52693308160,182,19,18178160
y2205,20220218,20220218,112454500,11:24:54,9990,525591,473383,52700500960,72,55,7192800
y2205,20220218,20220218,112455000,11:24:55,9990,525659,473365,52707294060,68,-18,6793100
y2205,20220218,20220218,112455500,11:24:56,9990,525741,473400,52715485860,82,35,8191800
y2205,20220218,20220218,112456000,11:24:56,9990,525745,473401,52715885460,4,1,399600
y2205,20220218,20220218,112456500,11:24:56,9988,525759,473404,52717284180,14,3,1398720
y2205,20220218,20220218,112457000,11:24:57,9990,525765,473405,52717883540,6,1,599360
y2205,20220218,20220218,112457500,11:24:57,9990,525772,473398,52718582840,7,-7,699300
y2205,20220218,20220218,112458000,11:24:58,9990,525773,473398,52718682740,1,0,99900
y2205,20220218,20220218,112458500,11:24:58,9988,525775,473398,52718882520,2,0,199780
y2205,20220218,20220218,112459000,11:24:59,9988,525784,473394,52719781540,9,-4,899020
y2205,20220218,20220218,112459500,11:24:59,9988,525785,473394,52719881420,1,0,99880
y2205,20220218,20220218,112500000,11:25:00,9990,525792,473388,52720580720,7,-6,699300
y2205,20220218,20220218,112500500,11:25:01,9988,525794,473388,52720780480,2,0,199760
y2205,20220218,20220218,112501000,11:25:01,9988,525804,473396,52721779300,10,8,998820
y2205,20220218,20220218,112501500,11:25:04,9988,525805,473396,52721879180,1,0,99880
y2205,20220218,20220218,112502000,11:25:05,9990,525812,473390,52722578480,7,-6,699300
y2205,20220218,20220218,112502500,11:25:06,9988,525814,473391,52722778240,2,1,199760
y2205,20220218,20220218,112504500,11:25:06,9988,525951,473451,52736461800,137,60,13683560
y2205,20220218,20220218,112505000,11:25:06,9986,525953,473450,52736661540,2,-1,199740
y2205,20220218,20220218,112505500,11:25:06,9988,525954,473450,52736761420,1,0,99880
y2205,20220218,20220218,112506000,11:25:06,9988,525955,473450,52736861300,1,0,99880
y2205,20220218,20220218,112506500,11:25:07,9988,525958,473447,52737160900,3,-3,299600
y2205,20220218,20220218,112507000,11:25:07,9988,525962,473449,52737560400,4,2,399500
y2205,20220218,20220218,112507500,11:25:07,9988,525966,473449,52737959860,4,0,399460
y2205,20220218,20220218,112508000,11:25:08,9988,525971,473454,52738459260,5,5,499400
y2205,20220218,20220218,112508500,11:25:08,9988,525971,473454,52738459260,0,0,0
y2205,20220218,20220218,112509000,11:25:09,9988,525973,473454,52738659020,2,0,199760
y2205,20220218,20220218,112509500,11:25:09,9988,525973,473454,52738659020,0,0,0
y2205,20220218,20220218,112510000,11:25:10,9986,525975,473453,52738858740,2,-1,199720
y2205,20220218,20220218,112510500,11:25:10,9988,525980,473453,52739358140,5,0,499400
y2205,20220218,20220218,112511000,11:25:11,9988,525980,473453,52739358140,0,0,0
y2205,20220218,20220218,112511500,11:25:11,9988,525980,473453,52739358140,0,0,0
y2205,20220218,20220218,112512000,11:25:12,9986,525992,473453,52740556460,12,0,1198320
y2205,20220218,20220218,112512500,11:25:12,9988,525994,473452,52740756200,2,-1,199740
y2205,20220218,20220218,112513000,11:25:13,9986,525995,473452,52740856060,1,0,99860
y2205,20220218,20220218,112513500,11:25:15,9986,525996,473452,52740955920,1,0,99860
y2205,20220218,20220218,112514000,11:25:15,9988,525998,473452,52741155680,2,0,199760
y2205,20220218,20220218,112514500,11:25:15,9988,526000,473451,52741355420,2,-1,199740
y2205,20220218,20220218,112515000,11:25:16,9986,526006,473445,52741954580,6,-6,599160
y2205,20220218,20220218,112515500,11:25:16,9988,526032,473440,52744551460,26,-5,2596880
y2205,20220218,20220218,112516000,11:25:16,9988,526082,473424,52749545300,50,-16,4993840
y2205,20220218,20220218,112516500,11:25:16,9988,526138,473408,52755138580,56,-16,5593280
y2205,20220218,20220218,112517000,11:25:18,9988,526144,473405,52755737960,6,-3,599380
y2205,20220218,20220218,112517500,11:25:18,9990,526167,473396,52758035660,23,-9,2297700
y2205,20220218,20220218,112518000,11:25:19,9990,526249,473402,52766227460,82,6,8191800
y2205,20220218,20220218,112518500,11:25:19,9990,526266,473405,52767925760,17,3,1698300
y2205,20220218,20220218,112519000,11:25:19,9990,526378,473356,52779114560,112,-49,11188800
y2205,20220218,20220218,112519500,11:25:19,9992,526379,473355,52779214480,1,-1,99920
y2205,20220218,20220218,112520000,11:25:20,9990,526401,473341,52781412700,22,-14,2198220
y2205,20220218,20220218,112520500,11:25:21,9992,526402,473341,52781512620,1,0,99920
y2205,20220218,20220218,112521000,11:25:21,9990,526410,473342,52782311820,8,1,799200
y2205,20220218,20220218,112521500,11:25:22,9992,526412,473340,52782511640,2,-2,199820
y2205,20220218,20220218,112522000,11:25:22,9992,526543,473361,52795601160,131,21,13089520
y2205,20220218,20220218,112522500,11:25:23,9992,526547,473364,52796000860,4,3,399700
y2205,20220218,20220218,112523000,11:25:23,9994,526551,473364,52796400580,4,0,399720
y2205,20220218,20220218,112523500,11:25:24,9992,526629,473337,52804195880,78,-27,7795300
y2205,20220218,20220218,112524000,11:25:25,9992,526632,473337,52804495660,3,0,299780
y2205,20220218,20220218,112524500,11:25:25,9992,526680,473346,52809292700,48,9,4797040
y2205,20220218,20220218,112525000,11:25:25,9992,526685,473342,52809792380,5,-4,499680
y2205,20220218,20220218,112525500,11:25:26,9992,526693,473343,52810591880,8,1,799500
y2205,20220218,20220218,112526000,11:25:26,9994,526703,473339,52811591280,10,-4,999400
y2205,20220218,20220218,112526500,11:25:27,9994,526721,473326,52813390200,18,-13,1798920
y2205,20220218,20220218,112527000,11:25:27,9994,526734,473327,52814689380,13,1,1299180
y2205,20220218,20220218,112527500,11:25:28,9994,526837,473331,52824983200,103,4,10293820
y2205,20220218,20220218,112528000,11:25:28,9994,526874,473345,52828680980,37,14,3697780
y2205,20220218,20220218,112528500,11:25:28,9994,526890,473341,52830279940,16,-4,1598960
y2205,20220218,20220218,112529000,11:25:29,9992,526964,473320,52837674040,74,-21,7394100
y2205,20220218,20220218,112529500,11:25:30,9992,526966,473320,52837873880,2,0,199840
y2205,20220218,20220218,112530000,11:25:30,9994,527050,473250,52846267380,84,-70,8393500
y2205,20220218,20220218,112530500,11:25:31,9990,527093,473230,52850563960,43,-20,4296580
y2205,20220218,20220218,112531000,11:25:31,9992,527102,473232,52851463240,9,2,899280
y2205,20220218,20220218,112531500,11:25:32,9992,527103,473232,52851563160,1,0,99920
y2205,20220218,20220218,112532000,11:25:32,9992,527153,473262,52856559160,50,30,4996000
y2205,20220218,20220218,112532500,11:25:33,9992,527153,473262,52856559160,0,0,0
y2205,20220218,20220218,112533000,11:25:33,9992,527154,473262,52856659080,1,0,99920
y2205,20220218,20220218,112533500,11:25:33,9994,527157,473261,52856958860,3,-1,299780
y2205,20220218,20220218,112534000,11:25:34,9992,527161,473261,52857358540,4,0,399680
y2205,20220218,20220218,112534500,11:25:35,9994,527165,473261,52857758260,4,0,399720
y2205,20220218,20220218,112535000,11:25:36,9994,527174,473261,52858657620,9,0,899360
y2205,20220218,20220218,112535500,11:25:37,9994,527177,473259,52858957420,3,-2,299800
y2205,20220218,20220218,112536000,11:25:37,9994,527177,473259,52858957420,0,0,0
y2205,20220218,20220218,112536500,11:25:37,9994,527179,473258,52859157280,2,-1,199860
y2205,20220218,20220218,112537000,11:25:37,9994,527188,473251,52860056700,9,-7,899420
y2205,20220218,20220218,112537500,11:25:38,9992,527191,473253,52860356480,3,2,299780
y2205,20220218,20220218,112538000,11:25:38,9992,527194,473254,52860656260,3,1,299780
y2205,20220218,20220218,112538500,11:25:39,9992,527197,473253,52860956040,3,-1,299780
y2205,20220218,20220218,112539000,11:25:39,9992,527198,473254,52861055960,1,1,99920
y2205,20220218,20220218,112539500,11:25:40,9994,527221,473232,52863354540,23,-22,2298580
y2205,20220218,20220218,112540000,11:25:40,9992,527242,473212,52865453260,21,-20,2098720
y2205,20220218,20220218,112540500,11:25:41,9994,527262,473199,52867452060,20,-13,1998800
y2205,20220218,20220218,112541000,11:25:41,9992,527267,473196,52867951660,5,-3,499600
y2205,20220218,20220218,112541500,11:25:41,9994,527290,473190,52870250260,23,-6,2298600
y2205,20220218,20220218,112542000,11:25:42,9994,527298,473186,52871049740,8,-4,799480
y2205,20220218,20220218,112542500,11:25:43,9994,527300,473186,52871249620,2,0,199880
y2205,20220218,20220218,112543000,11:25:43,9992,527301,473187,52871349540,1,1,99920
y2205,20220218,20220218,112543500,11:25:43,9994,527302,473187,52871449480,1,0,99940
y2205,20220218,20220218,112544000,11:25:44,9994,527317,473197,52872948540,15,10,1499060
y2205,20220218,20220218,112544500,11:25:44,9994,527364,473179,52877645640,47,-18,4697100
y2205,20220218,20220218,112545000,11:25:45,9994,527382,473178,52879444540,18,-1,1798900
y2205,20220218,20220218,112545500,11:25:46,9994,527448,473167,52886040580,66,-11,6596040
y2205,20220218,20220218,112546000,11:25:47,9994,527466,473158,52887839500,18,-9,1798920
y2205,20220218,20220218,112546500,11:25:47,9994,527472,473157,52888439240,6,-1,599740
y2205,20220218,20220218,112547000,11:25:48,9994,527473,473157,52888539180,1,0,99940
y2205,20220218,20220218,112547500,11:25:48,9994,527507,473140,52891937140,34,-17,3397960
y2205,20220218,20220218,112548000,11:25:48,9994,527541,473159,52895335100,34,19,3397960
y2205,20220218,20220218,112548500,11:25:48,9994,527553,473160,52896534420,12,1,1199320
y2205,20220218,20220218,112549000,11:25:49,9994,527572,473172,52898433280,19,12,1898860
y2205,20220218,20220218,112549500,11:25:49,9994,527574,473170,52898633160,2,-2,199880
y2205,20220218,20220218,112550000,11:25:50,9994,527577,473169,52898932980,3,-1,299820
y2205,20220218,20220218,112550500,11:25:51,9994,527580,473169,52899232780,3,0,299800
y2205,20220218,20220218,112551000,11:25:51,9994,527585,473169,52899732480,5,0,499700
y2205,20220218,20220218,112551500,11:25:51,9994,527586,473169,52899832420,1,0,99940
y2205,20220218,20220218,112552000,11:25:52,9994,527586,473169,52899832420,0,0,0
y2205,20220218,20220218,112552500,11:25:52,9992,527603,473174,52901531380,17,5,1698960
y2205,20220218,20220218,112553000,11:25:53,9994,527604,473174,52901631320,1,0,99940
y2205,20220218,20220218,112553500,11:25:54,9994,527605,473173,52901731260,1,-1,99940
y2205,20220218,20220218,112554000,11:25:54,9994,527605,473173,52901731260,0,0,0
y2205,20220218,20220218,112554500,11:25:55,9994,527605,473173,52901731260,0,0,0
y2205,20220218,20220218,112555000,11:25:55,9994,527605,473173,52901731260,0,0,0
y2205,20220218,20220218,112555500,11:25:56,9992,527626,473164,52903829620,21,-9,2098360
y2205,20220218,20220218,112556000,11:25:57,9992,527707,473153,52911923140,81,-11,8093520
y2205,20220218,20220218,112556500,11:25:57,9992,527725,473157,52913721700,18,4,1798560
y2205,20220218,20220218,112557000,11:25:57,9994,527727,473158,52913921580,2,1,199880
y2205,20220218,20220218,112557500,11:25:57,9994,527788,473158,52920017920,61,0,6096340
y2205,20220218,20220218,112558000,11:25:59,9992,527791,473158,52920317680,3,0,299760
y2205,20220218,20220218,112558500,11:25:59,9992,527792,473159,52920417600,1,1,99920
y2205,20220218,20220218,112559000,11:26:00,9994,527843,473171,52925514540,51,12,5096940
y2205,20220218,20220218,112559500,11:26:00,9992,527856,473165,52926813740,13,-6,1299200
y2205,20220218,20220218,112600000,11:26:00,9994,527866,473167,52927813100,10,2,999360
y2205,20220218,20220218,112600500,11:26:01,9994,527900,473188,52931211060,34,21,3397960
y2205,20220218,20220218,112601000,11:26:01,9992,527936,473169,52934808880,36,-19,3597820
y2205,20220218,20220218,112601500,11:26:01,9994,527990,473197,52940205640,54,28,5396760
y2205,20220218,20220218,112602000,11:26:03,9994,528053,473191,52946501880,63,-6,6296240
y2205,20220218,20220218,112602500,11:26:03,9994,528065,473200,52947701080,12,9,1199200
y2205,20220218,20220218,112603000,11:26:03,9994,528076,473206,52948800420,11,6,1099340
y2205,20220218,20220218,112603500,11:26:03,9994,528076,473206,52948800420,0,0,0
y2205,20220218,20220218,112604000,11:26:05,9994,528077,473205,52948900360,1,-1,99940
y2205,20220218,20220218,112604500,11:26:05,9994,528084,473206,52949599900,7,1,699540
y2205,20220218,20220218,112605000,11:26:05,9994,528120,473191,52953197740,36,-15,3597840
y2205,20220218,20220218,112605500,11:26:05,9994,528120,473191,52953197740,0,0,0
y2205,20220218,20220218,112606000,11:26:06,9994,528120,473191,52953197740,0,0,0
y2205,20220218,20220218,112606500,11:26:07,9996,528384,473236,52979587180,264,45,26389440
y2205,20220218,20220218,112607000,11:26:09,9996,528407,473228,52981886560,23,-8,2299380
y2205,20220218,20220218,112607500,11:26:09,10000,528538,473255,52994984260,131,27,13097700
y2205,20220218,20220218,112608000,11:26:09,10000,528755,473343,53016684280,217,88,21700020
y2205,20220218,20220218,112609000,11:26:10,10002,528833,473319,53024484400,78,-24,7800120
y2205,20220218,20220218,112609500,11:26:10,10002,528864,473308,53027584980,31,-11,3100580
y2205,20220218,20220218,112610000,11:26:10,10000,528969,473209,53038087060,105,-99,10502080
y2205,20220218,20220218,112610500,11:26:10,10002,529075,473252,53048689100,106,43,10602040
y2205,20220218,20220218,112611000,11:26:11,10002,529116,473234,53052789920,41,-18,4100820
y2205,20220218,20220218,112611500,11:26:13,10000,529197,473228,53060890020,81,-6,8100100
y2205,20220218,20220218,112612000,11:26:14,10000,529201,473227,53061290020,4,-1,400000
y2205,20220218,20220218,112612500,11:26:14,10000,529202,473227,53061390020,1,0,100000
y2205,20220218,20220218,112613000,11:26:15,10000,529248,473217,53065990020,46,-10,4600000
y2205,20220218,20220218,112613500,11:26:15,10000,529256,473217,53066790020,8,0,800000
y2205,20220218,20220218,112614000,11:26:15,9998,529273,473210,53068489980,17,-7,1699960
y2205,20220218,20220218,112614500,11:26:15,10000,529280,473207,53069189980,7,-3,700000
y2205,20220218,20220218,112615000,11:26:16,9998,529283,473207,53069489960,3,0,299980
y2205,20220218,20220218,112615500,11:26:16,10000,529321,473219,53073289940,38,12,3799980
y2205,20220218,20220218,112616000,11:26:16,10000,529336,473222,53074790000,15,3,1500060
y2205,20220218,20220218,112616500,11:26:16,10000,529376,473220,53078789860,40,-2,3999860
y2205,20220218,20220218,112617000,11:26:17,10000,529379,473221,53079089860,3,1,300000
y2205,20220218,20220218,112617500,11:26:17,9998,529405,473204,53081689380,26,-17,2599520
y2205,20220218,20220218,112618000,11:26:18,10000,529416,473195,53082789280,11,-9,1099900
y2205,20220218,20220218,112618500,11:26:18,10000,529423,473193,53083489200,7,-2,699920
y2205,20220218,20220218,112619000,11:26:19,10000,529433,473186,53084489200,10,-7,1000000
y2205,20220218,20220218,112619500,11:26:20,10000,529435,473186,53084689200,2,0,200000
y2205,20220218,20220218,112620000,11:26:20,10000,529439,473183,53085089160,4,-3,399960
y2205,20220218,20220218,112620500,11:26:20,10000,529445,473182,53085689120,6,-1,599960
y2205,20220218,20220218,112621000,11:26:21,9998,529449,473181,53086089080,4,-1,399960
y2205,20220218,20220218,112621500,11:26:21,10000,529459,473174,53087089080,10,-7,1000000
y2205,20220218,20220218,112622000,11:26:22,10000,529482,473173,53089388680,23,-1,2299600
y2205,20220218,20220218,112622500,11:26:22,10000,529535,473208,53094688680,53,35,5300000
y2205,20220218,20220218,112623000,11:26:23,10000,529542,473211,53095388720,7,3,700040
y2205,20220218,20220218,112623500,11:26:23,10002,529562,473213,53097388860,20,2,2000140
y2205,20220218,20220218,112624000,11:26:24,10000,529580,473209,53099189080,18,-4,1800220
y2205,20220218,20220218,112624500,11:26:24,10002,529619,473199,53103089760,39,-10,3900680
y2205,20220218,20220218,112625000,11:26:25,10000,529707,473264,53111890080,88,65,8800320
y2205,20220218,20220218,112625500,11:26:25,10002,529718,473259,53112990300,11,-5,1100220
y2205,20220218,20220218,112626000,11:26:26,10002,529747,473269,53115890860,29,10,2900560
y2205,20220218,20220218,112626500,11:26:26,10002,529758,473262,53116991040,11,-7,1100180
y2205,20220218,20220218,112627000,11:26:27,10000,529760,473263,53117191040,2,1,200000
y2205,20220218,20220218,112627500,11:26:27,10004,529798,473276,53120991820,38,13,3800780
y2205,20220218,20220218,112628000,11:26:28,10002,529846,473256,53125792720,48,-20,4800900
y2205,20220218,20220218,112628500,11:26:28,10002,529892,473278,53130393640,46,22,4600920
y2205,20220218,20220218,112629000,11:26:29,10002,529928,473276,53133994360,36,-2,3600720
y2205,20220218,20220218,112629500,11:26:30,10002,529967,473281,53137895140,39,5,3900780
y2205,20220218,20220218,112630000,11:26:31,10002,530019,473281,53143096160,52,0,5201020
y2205,20220218,20220218,112630500,11:26:31,10000,530022,473281,53143396180,3,0,300020
y2205,20220218,20220218,112631000,11:26:31,10000,530025,473282,53143696220,3,1,300040
y2205,20220218,20220218,112631500,11:26:32,10002,530031,473282,53144296340,6,0,600120
y2205,20220218,20220218,112632000,11:26:32,10002,530037,473284,53144896420,6,2,600080
y2205,20220218,20220218,112632500,11:26:32,10002,530071,473282,53148297100,34,-2,3400680
y2205,20220218,20220218,112633000,11:26:33,10000,530109,473291,53152097700,38,9,3800600
y2205,20220218,20220218,112633500,11:26:34,10002,530119,473287,53153097880,10,-4,1000180
y2205,20220218,20220218,112634000,11:26:34,10002,530137,473286,53154898240,18,-1,1800360
y2205,20220218,20220218,112634500,11:26:37,10002,530142,473286,53155398340,5,0,500100
y2205,20220218,20220218,112635000,11:26:37,10002,530174,473287,53158599180,32,1,3200840
y2205,20220218,20220218,112635500,11:26:38,10002,530204,473283,53161599840,30,-4,3000660
y2205,20220218,20220218,112636000,11:26:38,10002,530265,473248,53167701700,61,-35,6101860
y2205,20220218,20220218,112637000,11:26:54,10002,530293,473252,53170502600,28,4,2800900
y2205,20220218,20220218,112637500,11:26:54,10002,530294,473253,53170602620,1,1,100020
y2205,20220218,20220218,112638000,11:27:10,10002,530296,473253,53170802660,2,0,200040
y2205,20220218,20220218,112638500,11:27:10,10002,530298,473254,53171002700,2,1,200040
y2205,20220218,20220218,112653500,11:27:12,10000,530897,473277,53230913660,599,23,59910960
y2205,20220218,20220218,112710000,11:27:12,10000,531317,473298,53272914760,420,21,42001100
y2205,20220218,20220218,112710500,11:27:12,10002,531319,473297,53273114800,2,-1,200040
y2205,20220218,20220218,112712000,11:27:13,10002,531371,473289,53278315800,52,-8,5201000
y2205,20220218,20220218,112712500,11:27:13,10002,531375,473293,53278715840,4,4,400040
y2205,20220218,20220218,112713000,11:27:14,10002,531382,473292,53279415880,7,-1,700040
y2205,20220218,20220218,112713500,11:27:14,10002,531383,473293,53279515900,1,1,100020
y2205,20220218,20220218,112714000,11:27:15,10002,531383,473293,53279515900,0,0,0
y2205,20220218,20220218,112714500,11:27:15,10000,531394,473294,53280615960,11,1,1100060
y2205,20220218,20220218,112715000,11:27:16,10000,531394,473294,53280615960,0,0,0
y2205,20220218,20220218,112715500,11:27:16,10000,531399,473298,53281116020,5,4,500060
y2205,20220218,20220218,112716000,11:27:16,10000,531407,473303,53281916120,8,5,800100
y2205,20220218,20220218,112716500,11:27:17,10002,531421,473303,53283316140,14,0,1400020
y2205,20220218,20220218,112717000,11:27:17,10002,531425,473304,53283716160,4,1,400020
y2205,20220218,20220218,112717500,11:27:17,10002,531439,473306,53285116420,14,2,1400260
y2205,20220218,20220218,112718000,11:27:18,10000,531440,473307,53285216420,1,1,100000
y2205,20220218,20220218,112718500,11:27:19,10002,531448,473307,53286016580,8,0,800160
y2205,20220218,20220218,112719000,11:27:19,10000,531468,473314,53288016580,20,7,2000000
y2205,20220218,20220218,112719500,11:27:20,10000,531469,473314,53288116580,1,0,100000
y2205,20220218,20220218,112720000,11:27:20,10000,531473,473316,53288516600,4,2,400020
y2205,20220218,20220218,112720500,11:27:21,10000,531484,473316,53289616740,11,0,1100140
y2205,20220218,20220218,112721000,11:27:21,10000,531489,473321,53290116840,5,5,500100
y2205,20220218,20220218,112721500,11:27:22,10002,531491,473322,53290316880,2,1,200040
y2205,20220218,20220218,112722000,11:27:22,10000,531492,473322,53290416880,1,0,100000
y2205,20220218,20220218,112722500,11:27:22,10002,531498,473321,53291016980,6,-1,600100
y2205,20220218,20220218,112723000,11:27:26,10002,531498,473321,53291016980,0,0,0
y2205,20220218,20220218,112723500,11:27:27,10000,531566,473280,53297816980,68,-41,6800000
y2205,20220218,20220218,112724000,11:27:27,10000,531567,473281,53297916980,1,1,100000
y2205,20220218,20220218,112726500,11:27:27,10002,531724,473291,53313618620,157,10,15701640
y2205,20220218,20220218,112727000,11:27:27,10002,531725,473292,53313718640,1,1,100020
y2205,20220218,20220218,112727500,11:27:27,10004,531735,473293,53314718940,10,1,1000300
y2205,20220218,20220218,112728000,11:27:28,10002,531741,473297,53315319060,6,4,600120
y2205,20220218,20220218,112728500,11:27:28,10002,531775,473317,53318719760,34,20,3400700
y2205,20220218,20220218,112729000,11:27:29,10002,531785,473325,53319719960,10,8,1000200
y2205,20220218,20220218,112729500,11:27:29,10002,531796,473316,53320820180,11,-9,1100220
y2205,20220218,20220218,112730000,11:27:30,10000,531799,473316,53321120180,3,0,300000
y2205,20220218,20220218,112730500,11:27:31,10002,531817,473306,53322920540,18,-10,1800360
y2205,20220218,20220218,112731000,11:27:32,10002,531835,473317,53324720900,18,11,1800360
y2205,20220218,20220218,112731500,11:27:35,10002,531838,473318,53325020960,3,1,300060
y2205,20220218,20220218,112732000,11:27:36,10002,531842,473315,53325421080,4,-3,400120
y2205,20220218,20220218,112732500,11:27:36,10004,531868,473319,53328021640,26,4,2600560
y2205,20220218,20220218,112735500,11:27:36,10004,531921,473326,53333322720,53,7,5301080
y2205,20220218,20220218,112736000,11:27:37,10004,531922,473326,53333422760,1,0,100040
y2205,20220218,20220218,112736500,11:27:38,10004,531939,473327,53335123160,17,1,1700400
y2205,20220218,20220218,112737000,11:27:38,10002,531973,473339,53338523860,34,12,3400700
y2205,20220218,20220218,112737500,11:27:38,10002,531986,473343,53339824120,13,4,1300260
y2205,20220218,20220218,112738000,11:27:39,10002,531994,473343,53340624280,8,0,800160
y2205,20220218,20220218,112738500,11:27:39,10000,531995,473343,53340724280,1,0,100000
y2205,20220218,20220218,112739000,11:27:39,10000,532004,473349,53341624300,9,6,900020
y2205,20220218,20220218,112739500,11:27:39,10002,532031,473357,53344324840,27,8,2700540
y2205,20220218,20220218,112740000,11:27:40,10002,532033,473356,53344524880,2,-1,200040
y2205,20220218,20220218,112740500,11:27:40,10002,532036,473354,53344824940,3,-2,300060
y2205,20220218,20220218,112741000,11:27:41,10002,532046,473352,53345825140,10,-2,1000200
y2205,20220218,20220218,112741500,11:27:42,10002,532049,473350,53346125200,3,-2,300060
y2205,20220218,20220218,112742000,11:27:42,10002,532065,473354,53347725540,16,4,1600340
y2205,20220218,20220218,112742500,11:27:43,10002,532072,473357,53348425680,7,3,700140
y2205,20220218,20220218,112743000,11:27:43,10002,532074,473358,53348625720,2,1,200040
y2205,20220218,20220218,112743500,11:27:43,10004,532076,473359,53348825780,2,1,200060
y2205,20220218,20220218,112744000,11:27:44,10002,532193,473315,53360526420,117,-44,11700640
y2205,20220218,20220218,112744500,11:27:45,10002,532193,473315,53360526420,0,0,0
y2205,20220218,20220218,112745000,11:27:45,10002,532228,473334,53364027120,35,19,3500700
y2205,20220218,20220218,112745500,11:27:46,10000,532278,473327,53369027720,50,-7,5000600
y2205,20220218,20220218,112746000,11:27:46,10000,532278,473327,53369027720,0,0,0
y2205,20220218,20220218,112746500,11:27:47,10002,532280,473327,53369227760,2,0,200040
y2205,20220218,20220218,112747000,11:27:47,10002,532324,473345,53373628620,44,18,4400860
y2205,20220218,20220218,112747500,11:27:47,10002,532332,473345,53374428780,8,0,800160
y2205,20220218,20220218,112748000,11:27:52,10000,532333,473346,53374528780,1,1,100000
y2205,20220218,20220218,112748500,11:27:54,10002,532335,473345,53374728820,2,-1,200040
y2205,20220218,20220218,112749000,11:27:54,10002,532335,473345,53374728820,0,0,0
y2205,20220218,20220218,112749500,11:27:54,10000,532340,473346,53375228900,5,1,500080
y2205,20220218,20220218,112754000,11:27:54,10000,532340,473346,53375228900,0,0,0
y2205,20220218,20220218,112754500,11:27:54,10002,532369,473361,53378129220,29,15,2900320
y2205,20220218,20220218,112755000,11:27:55,10000,532371,473362,53378329240,2,1,200020
y2205,20220218,20220218,112755500,11:27:55,10002,532372,473363,53378429260,1,1,100020
y2205,20220218,20220218,112756000,11:27:56,10002,532373,473363,53378529280,1,0,100020
y2205,20220218,20220218,112756500,11:27:56,10002,532375,473364,53378729300,2,1,200020
y2205,20220218,20220218,112757500,11:27:57,10002,532380,473367,53379229400,5,3,500100
y2205,20220218,20220218,112758000,11:27:58,10000,532420,473347,53383229420,40,-20,4000020
y2205,20220218,20220218,112758500,11:27:59,10000,532425,473345,53383729420,5,-2,500000
y2205,20220218,20220218,112759000,11:27:59,10000,532450,473342,53386229420,25,-3,2500000
y2205,20220218,20220218,112759500,11:27:59,10000,532450,473342,53386229420,0,0,0
y2205,20220218,20220218,112800000,11:28:00,10002,532520,473361,53393230820,70,19,7001400
y2205,20220218,20220218,112800500,11:28:01,10002,532536,473371,53394831140,16,10,1600320
y2205,20220218,20220218,112801000,11:28:01,10002,532536,473371,53394831140,0,0,0
y2205,20220218,20220218,112801500,11:28:02,10000,532555,473361,53396731160,19,-10,1900020
y2205,20220218,20220218,112802000,11:28:03,10000,532557,473360,53396931180,2,-1,200020
y2205,20220218,20220218,112802500,11:28:03,10002,532579,473374,53399131220,22,14,2200040
y2205,20220218,20220218,112803000,11:28:04,10002,532582,473373,53399431260,3,-1,300040
y2205,20220218,20220218,112803500,11:28:04,10000,532588,473376,53400031340,6,3,600080
y2205,20220218,20220218,112804000,11:28:04,10000,532649,473358,53406131340,61,-18,6100000
y2205,20220218,20220218,112804500,11:28:05,10000,532652,473356,53406431340,3,-2,300000
y2205,20220218,20220218,112805000,11:28:06,10000,532665,473344,53407731120,13,-12,1299780
y2205,20220218,20220218,112805500,11:28:06,9998,532738,473300,53415029660,73,-44,7298540
y2205,20220218,20220218,112806000,11:28:10,9998,532743,473300,53415529540,5,0,499880
y2205,20220218,20220218,112806500,11:28:10,9998,532772,473304,53418428960,29,4,2899420
y2205,20220218,20220218,112807000,11:28:10,10000,532777,473300,53418928960,5,-4,500000
y2205,20220218,20220218,112807500,11:28:11,9996,532843,473336,53425527500,66,36,6598540
y2205,20220218,20220218,112810000,11:28:11,9996,532843,473336,53425527500,0,0,0
y2205,20220218,20220218,112810500,11:28:12,9996,532912,473359,53432425960,69,23,6898460
y2205,20220218,20220218,112811000,11:28:12,9998,532913,473359,53432525940,1,0,99980
y2205,20220218,20220218,112811500,11:28:12,9998,532914,473358,53432625920,1,-1,99980
y2205,20220218,20220218,112812000,11:28:13,9996,532921,473354,53433325700,7,-4,699780
y2205,20220218,20220218,112812500,11:28:13,9996,532923,473353,53433525620,2,-1,199920
y2205,20220218,20220218,112813000,11:28:13,9996,532930,473354,53434225380,7,1,699760
y2205,20220218,20220218,112813500,11:28:14,9998,532968,473332,53438024600,38,-22,3799220
y2205,20220218,20220218,112814000,11:28:14,9998,532970,473333,53438224560,2,1,199960
y2205,20220218,20220218,112814500,11:28:14,9998,532975,473335,53438724460,5,2,499900
y2205,20220218,20220218,112815000,11:28:15,9998,532977,473336,53438924420,2,1,199960
y2205,20220218,20220218,112815500,11:28:15,10000,532980,473335,53439224400,3,-1,299980
y2205,20220218,20220218,112816000,11:28:16,9998,532991,473328,53440324260,11,-7,1099860
y2205,20220218,20220218,112816500,11:28:16,9998,533005,473320,53441723980,14,-8,1399720
y2205,20220218,20220218,112817000,11:28:17,9998,533011,473320,53442323860,6,0,599880
y2205,20220218,20220218,112817500,11:28:17,9998,533011,473320,53442323860,0,0,0
y2205,20220218,20220218,112818000,11:28:18,9998,533014,473318,53442623800,3,-2,299940
y2205,20220218,20220218,112818500,11:28:18,9998,533055,473291,53446722980,41,-27,4099180
y2205,20220218,20220218,112819000,11:28:19,9998,533055,473291,53446722980,0,0,0
y2205,20220218,20220218,112819500,11:28:19,9998,533056,473290,53446822960,1,-1,99980
y2205,20220218,20220218,112820000,11:28:20,9996,533058,473288,53447022900,2,-2,199940
y2205,20220218,20220218,112820500,11:28:20,9996,533063,473284,53447522760,5,-4,499860
y2205,20220218,20220218,112821000,11:28:21,9998,533066,473284,53447822700,3,0,299940
y2205,20220218,20220218,112821500,11:28:22,9996,533070,473283,53448222540,4,-1,399840
y2205,20220218,20220218,112822000,11:28:22,9996,533071,473283,53448322500,1,0,99960
y2205,20220218,20220218,112822500,11:28:22,9998,533079,473283,53449122340,8,0,799840
y2205,20220218,20220218,112823000,11:28:23,9996,533126,473275,53453821380,47,-8,4699040
y2205,20220218,20220218,112823500,11:28:24,9996,533130,473272,53454221220,4,-3,399840
y2205,20220218,20220218,112824000,11:28:24,9996,533132,473273,53454421140,2,1,199920
y2205,20220218,20220218,112824500,11:28:24,9998,533134,473273,53454621100,2,0,199960
y2205,20220218,20220218,112825000,11:28:25,9998,533134,473273,53454621100,0,0,0
y2205,20220218,20220218,112825500,11:28:25,9998,533135,473273,53454721080,1,0,99980
y2205,20220218,20220218,112826000,11:28:26,9998,533141,473272,53455320860,6,-1,599780
y2205,20220218,20220218,112826500,11:28:27,9996,533207,473275,53461918220,66,3,6597360
y2205,20220218,20220218,112827000,11:28:27,9996,533209,473274,53462118140,2,-1,199920
y2205,20220218,20220218,112827500,11:28:27,9996,533210,473273,53462218100,1,-1,99960
y2205,20220218,20220218,112828000,11:28:28,9996,533212,473271,53462418020,2,-2,199920
y2205,20220218,20220218,112828500,11:28:28,9996,533212,473271,53462418020,0,0,0
y2205,20220218,20220218,112829000,11:28:29,9996,533224,473270,53463617480,12,-1,1199460
y2205,20220218,20220218,112829500,11:28:29,9996,533224,473270,53463617480,0,0,0
y2205,20220218,20220218,112830000,11:28:30,9996,533226,473269,53463817400,2,-1,199920
y2205,20220218,20220218,112831000,11:28:31,9994,533267,473287,53467914960,41,18,4097560
y2205,20220218,20220218,112831500,11:28:31,9994,533271,473286,53468314760,4,-1,399800
y2205,20220218,20220218,112832000,11:28:32,9994,533326,473278,53473811440,55,-8,5496680
y2205,20220218,20220218,112832500,11:28:33,9994,533328,473277,53474011320,2,-1,199880
y2205,20220218,20220218,112833000,11:28:33,9992,533332,473276,53474411020,4,-1,399700
y2205,20220218,20220218,112833500,11:28:33,9992,533348,473277,53476009800,16,1,1598780
y2205,20220218,20220218,112834000,11:28:34,9992,533357,473272,53476909120,9,-5,899320
y2205,20220218,20220218,112834500,11:28:34,9992,533358,473271,53477009040,1,-1,99920
y2205,20220218,20220218,112835000,11:28:35,9992,533359,473271,53477108960,1,0,99920
y2205,20220218,20220218,112835500,11:28:35,9994,533360,473271,53477208900,1,0,99940
y2205,20220218,20220218,112836000,11:28:37,9992,533369,473264,53478108200,9,-7,899300
y2205,20220218,20220218,112836500,11:28:37,9992,533391,473261,53480306460,22,-3,2198260
y2205,20220218,20220218,112837000,11:28:37,9992,533450,473265,53486202440,59,4,5895980
y2205,20220218,20220218,112837500,11:28:37,9992,533455,473263,53486702040,5,-2,499600
y2205,20220218,20220218,112838000,11:28:38,9994,533458,473261,53487001820,3,-2,299780
y2205,20220218,20220218,112838500,11:28:38,9992,533461,473262,53487301580,3,1,299760
y2205,20220218,20220218,112839000,11:28:40,9994,533472,473256,53488400740,11,-6,1099160
y2205,20220218,20220218,112839500,11:28:40,9992,533474,473256,53488600600,2,0,199860
y2205,20220218,20220218,112840000,11:28:40,9994,533475,473255,53488700540,1,-1,99940
y2205,20220218,20220218,112840500,11:28:40,9992,533483,473251,53489499900,8,-4,799360
y2205,20220218,20220218,112841000,11:28:41,9994,533484,473250,53489599840,1,-1,99940
y2205,20220218,20220218,112841500,11:28:41,9992,533495,473244,53490698980,11,-6,1099140
y2205,20220218,20220218,112842000,11:28:42,9992,533500,473243,53491198600,5,-1,499620
y2205,20220218,20220218,112842500,11:28:43,9992,533502,473241,53491398440,2,-2,199840
y2205,20220218,20220218,112843000,11:28:43,9992,533507,473239,53491898060,5,-2,499620
y2205,20220218,20220218,112843500,11:28:44,9992,533507,473239,53491898060,0,0,0
y2205,20220218,20220218,112844000,11:28:44,9994,533510,473238,53492197860,3,-1,299800
y2205,20220218,20220218,112844500,11:28:44,9992,533511,473238,53492297780,1,0,99920
y2205,20220218,20220218,112845000,11:28:45,9992,533512,473238,53492397700,1,0,99920
y2205,20220218,20220218,112845500,11:28:45,9992,533512,473238,53492397700,0,0,0
y2205,20220218,20220218,112846000,11:28:46,9994,533513,473238,53492497640,1,0,99940
y2205,20220218,20220218,112846500,11:28:46,9992,533514,473237,53492597560,1,-1,99920
y2205,20220218,20220218,112847000,11:28:47,9994,533591,473211,53500292880,77,-26,7695320
y2205,20220218,20220218,112847500,11:28:48,9994,533601,473216,53501292280,10,5,999400
y2205,20220218,20220218,112848000,11:28:48,9994,533603,473216,53501492160,2,0,199880
y2205,20220218,20220218,112848500,11:28:48,9994,533603,473216,53501492160,0,0,0
y2205,20220218,20220218,112849000,11:28:49,9994,533603,473216,53501492160,0,0,0
y2205,20220218,20220218,112849500,11:28:50,9996,533607,473214,53501891960,4,-2,399800
y2205,20220218,20220218,112850000,11:28:50,9996,533607,473214,53501891960,0,0,0
y2205,20220218,20220218,112850500,11:28:50,9994,533618,473204,53502991300,11,-10,1099340
y2205,20220218,20220218,112851000,11:28:51,9994,533623,473199,53503491000,5,-5,499700
y2205,20220218,20220218,112851500,11:28:51,9994,533624,473199,53503590940,1,0,99940
y2205,20220218,20220218,112852000,11:28:53,9996,533626,473198,53503790840,2,-1,199900
y2205,20220218,20220218,112852500,11:28:54,9996,533629,473198,53504090720,3,0,299880
y2205,20220218,20220218,112853000,11:28:54,9994,533632,473200,53504390540,3,2,299820
y2205,20220218,20220218,112853500,11:28:54,9994,533632,473200,53504390540,0,0,0
y2205,20220218,20220218,112854000,11:28:54,9994,533633,473200,53504490480,1,0,99940
y2205,20220218,20220218,112854500,11:28:54,9994,533634,473199,53504590420,1,-1,99940
y2205,20220218,20220218,112855000,11:28:55,9996,533635,473199,53504690380,1,0,99960
y2205,20220218,20220218,112855500,11:28:56,9994,533665,473223,53507688580,30,24,2998200
y2205,20220218,20220218,112856000,11:28:56,9994,533666,473223,53507788520,1,0,99940
y2205,20220218,20220218,112856500,11:28:56,9994,533680,473219,53509187680,14,-4,1399160
y2205,20220218,20220218,112857000,11:28:57,9994,533685,473218,53509687380,5,-1,499700
y2205,20220218,20220218,112857500,11:28:58,9994,533685,473218,53509687380,0,0,0
y2205,20220218,20220218,112858000,11:28:58,9994,533686,473218,53509787320,1,0,99940
y2205,20220218,20220218,112858500,11:28:59,9994,533686,473218,53509787320,0,0,0
y2205,20220218,20220218,112859000,11:28:59,9994,533686,473218,53509787320,0,0,0
y2205,20220218,20220218,112859500,11:29:00,9994,533707,473208,53511885860,21,-10,2098540
y2205,20220218,20220218,112900000,11:29:00,9994,533712,473208,53512385560,5,0,499700
y2205,20220218,20220218,112900500,11:29:01,9992,533720,473208,53513184940,8,0,799380
y2205,20220218,20220218,112901000,11:29:01,9992,533728,473206,53513984300,8,-2,799360
y2205,20220218,20220218,112901500,11:29:01,9992,533730,473205,53514184140,2,-1,199840
y2205,20220218,20220218,112902000,11:29:02,9994,533732,473203,53514384020,2,-2,199880
y2205,20220218,20220218,112902500,11:29:03,9992,533739,473201,53515083460,7,-2,699440
y2205,20220218,20220218,112903000,11:29:03,9992,533740,473201,53515183380,1,0,99920
y2205,20220218,20220218,112903500,11:29:04,9992,533740,473201,53515183380,0,0,0
y2205,20220218,20220218,112904000,11:29:04,9992,533742,473201,53515383220,2,0,199840
y2205,20220218,20220218,112904500,11:29:04,9994,533753,473192,53516482480,11,-9,1099260
y2205,20220218,20220218,112905000,11:29:05,9994,533753,473192,53516482480,0,0,0
y2205,20220218,20220218,112905500,11:29:06,9992,533754,473192,53516582400,1,0,99920
y2205,20220218,20220218,112906000,11:29:06,9992,533756,473192,53516782260,2,0,199860
y2205,20220218,20220218,112906500,11:29:06,9992,533756,473192,53516782260,0,0,0
y2205,20220218,20220218,112907000,11:29:07,9994,533768,473187,53517981320,12,-5,1199060
y2205,20220218,20220218,112907500,11:29:08,9992,533769,473186,53518081240,1,-1,99920
y2205,20220218,20220218,112908000,11:29:08,9994,533771,473188,53518281120,2,2,199880
y2205,20220218,20220218,112908500,11:29:08,9994,533783,473177,53519480380,12,-11,1199260
y2205,20220218,20220218,112909000,11:29:09,9994,533785,473175,53519680260,2,-2,199880
y2205,20220218,20220218,112909500,11:29:09,9992,533790,473176,53520179920,5,1,499660
y2205,20220218,20220218,112910000,11:29:10,9994,533791,473175,53520279860,1,-1,99940
y2205,20220218,20220218,112910500,11:29:10,9994,533792,473174,53520379800,1,-1,99940
y2205,20220218,20220218,112911000,11:29:11,9992,533888,473130,53529972120,96,-44,9592320
y2205,20220218,20220218,112911500,11:29:12,9992,533905,473113,53531670760,17,-17,1698640
y2205,20220218,20220218,112912000,11:29:12,9992,533911,473113,53532270260,6,0,599500
y2205,20220218,20220218,112912500,11:29:12,9992,533912,473113,53532370180,1,0,99920
y2205,20220218,20220218,112913000,11:29:13,9992,533913,473113,53532470100,1,0,99920
y2205,20220218,20220218,112913500,11:29:14,9992,533913,473113,53532470100,0,0,0
y2205,20220218,20220218,112914000,11:29:14,9992,533913,473113,53532470100,0,0,0
y2205,20220218,20220218,112914500,11:29:15,9992,533914,473113,53532570020,1,0,99920
y2205,20220218,20220218,112915000,11:29:15,9992,533919,473111,53533069620,5,-2,499600
y2205,20220218,20220218,112915500,11:29:16,9992,534201,473173,53561253080,282,62,28183460
y2205,20220218,20220218,112916000,11:29:16,9994,534206,473172,53561752780,5,-1,499700
y2205,20220218,20220218,112916500,11:29:20,9994,534211,473169,53562252500,5,-3,499720
y2205,20220218,20220218,112917000,11:29:20,9994,534213,473167,53562452380,2,-2,199880
y2205,20220218,20220218,112917500,11:29:21,9994,534216,473168,53562752200,3,1,299820
y2205,20220218,20220218,112918000,11:29:21,9994,534217,473169,53562852140,1,1,99940
y2205,20220218,20220218,112920500,11:29:22,9994,534217,473169,53562852140,0,0,0
y2205,20220218,20220218,112921000,11:29:22,9994,534254,473178,53566550440,37,9,3698300
y2205,20220218,20220218,112921500,11:29:24,9994,534258,473174,53566950200,4,-4,399760
y2205,20220218,20220218,112922000,11:29:24,9994,534263,473169,53567449900,5,-5,499700
y2205,20220218,20220218,112922500,11:29:24,9996,534264,473170,53567549860,1,1,99960
y2205,20220218,20220218,112923000,11:29:24,9996,534270,473171,53568149580,6,1,599720
y2205,20220218,20220218,112924000,11:29:24,9994,534272,473169,53568349460,2,-2,199880
y2205,20220218,20220218,112924500,11:29:25,9996,534273,473168,53568449420,1,-1,99960
y2205,20220218,20220218,112925000,11:29:25,9996,534273,473168,53568449420,0,0,0
y2205,20220218,20220218,112925500,11:29:25,9996,534274,473168,53568549380,1,0,99960
y2205,20220218,20220218,112926000,11:29:26,9994,534279,473169,53569049160,5,1,499780
y2205,20220218,20220218,112926500,11:29:26,9996,534296,473165,53570748480,17,-4,1699320
y2205,20220218,20220218,112927000,11:29:27,9996,534301,473161,53571248280,5,-4,499800
y2205,20220218,20220218,112927500,11:29:27,9996,534341,473125,53575246680,40,-36,3998400
y2205,20220218,20220218,112928000,11:29:28,9996,534356,473122,53576746080,15,-3,1499400
y2205,20220218,20220218,112928500,11:29:29,9996,534370,473113,53578145520,14,-9,1399440
y2205,20220218,20220218,112929000,11:29:29,9996,534370,473113,53578145520,0,0,0
y2205,20220218,20220218,112929500,11:29:29,9996,534371,473113,53578245480,1,0,99960
y2205,20220218,20220218,112930000,11:29:30,9996,534390,473112,53580144720,19,-1,1899240
y2205,20220218,20220218,112930500,11:29:31,9998,534442,473113,53585343680,52,1,5198960
y2205,20220218,20220218,112931000,11:29:32,9998,534496,473113,53590743520,54,0,5399840
y2205,20220218,20220218,112931500,11:29:32,10000,534526,473105,53593743520,30,-8,3000000
y2205,20220218,20220218,112932000,11:29:32,10002,534547,473118,53595843600,21,13,2100080
y2205,20220218,20220218,112932500,11:29:36,10002,534551,473118,53596243640,4,0,400040
y2205,20220218,20220218,112933000,11:29:37,10000,534560,473124,53597143660,9,6,900020
y2205,20220218,20220218,112933500,11:29:38,10000,534560,473124,53597143660,0,0,0
y2205,20220218,20220218,112936500,11:29:38,10002,534692,473153,53610345700,132,29,13202040
y2205,20220218,20220218,112937500,11:29:38,10006,534895,473223,53630654380,203,70,20308680
y2205,20220218,20220218,112938000,11:29:38,10004,534930,473224,53634156220,35,1,3501840
y2205,20220218,20220218,112938500,11:29:39,10006,534937,473222,53634856540,7,-2,700320
y2205,20220218,20220218,112939000,11:29:39,10006,534946,473225,53635756940,9,3,900400
y2205,20220218,20220218,112939500,11:29:40,10004,534969,473233,53638057860,23,8,2300920
y2205,20220218,20220218,112940000,11:29:40,10004,534973,473233,53638458020,4,0,400160
y2205,20220218,20220218,112940500,11:29:40,10002,534981,473235,53639258300,8,2,800280
y2205,20220218,20220218,112941000,11:29:41,10006,534989,473235,53640058680,8,0,800380
y2205,20220218,20220218,112941500,11:29:42,10004,534999,473239,53641059080,10,4,1000400
y2205,20220218,20220218,112942000,11:29:42,10002,535001,473239,53641259140,2,0,200060
y2205,20220218,20220218,112942500,11:29:44,10002,535065,473194,53647660480,64,-45,6401340
y2205,20220218,20220218,112943000,11:29:45,10004,535087,473192,53649860940,22,-2,2200460
y2205,20220218,20220218,112943500,11:29:45,10004,535098,473195,53650961340,11,3,1100400
y2205,20220218,20220218,112944000,11:29:45,10004,535105,473195,53651661520,7,0,700180
y2205,20220218,20220218,112944500,11:29:46,10002,535109,473193,53652061600,4,-2,400080
y2205,20220218,20220218,112945000,11:29:46,10002,535128,473180,53653961940,19,-13,1900340
y2205,20220218,20220218,112945500,11:29:46,10004,535134,473186,53654562080,6,6,600140
y2205,20220218,20220218,112946000,11:29:46,10000,535137,473186,53654862120,3,0,300040
y2205,20220218,20220218,112946500,11:29:47,10004,535171,473195,53658263460,34,9,3401340
y2205,20220218,20220218,112947000,11:29:47,10004,535183,473201,53659463720,12,6,1200260
y2205,20220218,20220218,112947500,11:29:48,10004,535202,473191,53661364480,19,-10,1900760
y2205,20220218,20220218,112948000,11:29:48,10004,535207,473187,53661864680,5,-4,500200
y2205,20220218,20220218,112948500,11:29:49,10004,535212,473184,53662364900,5,-3,500220
y2205,20220218,20220218,112949000,11:29:50,10006,535218,473185,53662965200,6,1,600300
y2205,20220218,20220218,112949500,11:29:50,10004,535224,473182,53663565460,6,-3,600260
y2205,20220218,20220218,112950000,11:29:51,10004,535234,473183,53664565860,10,1,1000400
y2205,20220218,20220218,112950500,11:29:51,10004,535240,473184,53665166100,6,1,600240
y2205,20220218,20220218,112951500,11:29:52,10004,535265,473192,53667667100,25,8,2501000
y2205,20220218,20220218,112952000,11:29:52,10004,535267,473192,53667867180,2,0,200080
y2205,20220218,20220218,112952500,11:29:53,10004,535284,473177,53669567860,17,-15,1700680
y2205,20220218,20220218,112953000,11:29:53,10004,535314,473157,53672569280,30,-20,3001420
y2205,20220218,20220218,112953500,11:29:54,10006,535347,473154,53675870800,33,-3,3301520
y2205,20220218,20220218,112954000,11:29:54,10006,535372,473148,53678371760,25,-6,2500960
y2205,20220218,20220218,112954500,11:29:54,10002,535390,473154,53680172560,18,6,1800800
y2205,20220218,20220218,112955000,11:29:55,10004,535393,473155,53680472680,3,1,300120
y2205,20220218,20220218,112955500,11:29:56,10002,535401,473154,53681272880,8,-1,800200
y2205,20220218,20220218,112956000,11:29:56,10004,535403,473154,53681472960,2,0,200080
y2205,20220218,20220218,112956500,11:30:00,10002,535408,473151,53681973140,5,-3,500180
y2205,20220218,20220218,112957000,11:30:00,10004,535425,473151,53683673680,17,0,1700540
y2205,20220218,20220218,112957500,11:30:02,10004,535433,473153,53684473980,8,2,800300
y2205,20220218,20220218,112959500,11:30:03,10002,535469,473157,53688075040,36,4,3601060
y2205,20220218,20220218,113000000,11:30:03,10002,535476,473157,53688775180,7,0,700140
y2205,20220218,20220218,113001000,11:30:03,10000,535480,473157,53689175200,4,0,400020
y2205,20220218,20220218,113001500,11:30:03,10000,535483,473158,53689475240,3,1,300040
y2205,20220218,20220218,133001500,13:30:02,9994,535565,473145,53697674000,82,-13,8198760
y2205,20220218,20220218,133002000,13:30:08,9998,535795,473162,53720668180,230,17,22994180
y2205,20220218,20220218,133002500,13:30:09,9998,535913,473174,53732466900,118,12,11798720
y2205,20220218,20220218,133008000,13:30:10,9988,536443,473202,53785419160,530,28,52952260
y2205,20220218,20220218,133008500,13:30:10,9988,536512,473229,53792310880,69,27,6891720
y2205,20220218,20220218,133009500,13:30:11,9988,536580,473230,53799104060,68,1,6793180
y2205,20220218,20220218,133010000,13:30:11,9990,536616,473250,53802700240,36,20,3596180
y2205,20220218,20220218,133010500,13:30:12,9988,536634,473242,53804498340,18,-8,1798100
y2205,20220218,20220218,133011000,13:30:13,9990,536699,473206,53810990680,65,-36,6492340
y2205,20220218,20220218,133011500,13:30:13,9988,536737,473196,53814786320,38,-10,3795640
y2205,20220218,20220218,133012500,13:30:13,9986,536796,473201,53820679320,59,5,5893000
y2205,20220218,20220218,133013000,13:30:13,9988,536810,473199,53822077460,14,-2,1398140
y2205,20220218,20220218,133013500,13:30:14,9990,536862,473196,53827272180,52,-3,5194720
y2205,20220218,20220218,133014000,13:30:16,9990,536871,473189,53828171280,9,-7,899100
y2205,20220218,20220218,133014500,13:30:17,9990,536880,473189,53829070380,9,0,899100
y2205,20220218,20220218,133015000,13:30:18,9990,536904,473188,53831467940,24,-1,2397560
y2205,20220218,20220218,133016500,13:30:18,9986,537094,473259,53850444180,190,71,18976240
y2205,20220218,20220218,133017000,13:30:18,9988,537148,473261,53855837220,54,2,5393040
y2205,20220218,20220218,133017500,13:30:19,9986,537211,473257,53862129200,63,-4,6291980
y2205,20220218,20220218,133018000,13:30:19,9988,537270,473242,53868022320,59,-15,5893120
y2205,20220218,20220218,133018500,13:30:20,9990,537288,473240,53869820460,18,-2,1798140
y2205,20220218,20220218,133019000,13:30:20,9988,537296,473237,53870619520,8,-3,799060
y2205,20220218,20220218,133019500,13:30:21,9988,537323,473233,53873316460,27,-4,2696940
y2205,20220218,20220218,133020000,13:30:21,9990,537348,473231,53875813660,25,-2,2497200
y2205,20220218,20220218,133020500,13:30:21,9988,537373,473232,53878310860,25,1,2497200
y2205,20220218,20220218,133021000,13:30:21,9990,537387,473234,53879709400,14,2,1398540
y2205,20220218,20220218,133021500,13:30:22,9990,537391,473236,53880108960,4,2,399560
y2205,20220218,20220218,133022000,13:30:38,9988,537428,473262,53883804560,37,26,3695600
y2205,20220218,20220218,133022500,13:30:38,9986,537571,473249,53898084540,143,-13,14279980
y2205,20220218,20220218,133023000,13:30:38,9986,537577,473248,53898683700,6,-1,599160
y2205,20220218,20220218,133038000,13:30:41,9984,538318,473071,53972671920,741,-177,73988220
y2205,20220218,20220218,133038500,13:30:42,9986,538322,473070,53973071320,4,-1,399400
y2205,20220218,20220218,133040500,13:30:43,9984,538486,473088,53989442400,164,18,16371080
y2205,20220218,20220218,133041000,13:30:43,9984,538494,473085,53990241040,8,-3,798640
y2205,20220218,20220218,133042500,13:30:44,9982,538553,473077,53996130380,59,-8,5889340
y2205,20220218,20220218,133043000,13:30:44,9984,538564,473087,53997228600,11,10,1098220
y2205,20220218,20220218,133043500,13:30:45,9984,538592,473072,54000023500,28,-15,2794900
y2205,20220218,20220218,133044000,13:30:46,9982,538597,473070,54000522600,5,-2,499100
y2205,20220218,20220218,133044500,13:30:46,9980,538721,473144,54012898160,124,74,12375560
y2205,20220218,20220218,133045000,13:30:46,9982,538807,473162,54021481520,86,18,8583360
y2205,20220218,20220218,133045500,13:30:46,9982,538814,473160,54022180260,7,-2,698740
y2205,20220218,20220218,133046000,13:30:47,9980,538831,473159,54023877000,17,-1,1696740
y2205,20220218,20220218,133046500,13:30:47,9980,538840,473156,54024775300,9,-3,898300
y2205,20220218,20220218,133047000,13:30:48,9982,538891,473159,54029865880,51,3,5090580
y2205,20220218,20220218,133047500,13:30:48,9982,538894,473160,54030165340,3,1,299460
y2205,20220218,20220218,133048000,13:30:48,9982,538902,473168,54030963920,8,8,798580
y2205,20220218,20220218,133048500,13:30:49,9982,538906,473170,54031363240,4,2,399320
y2205,20220218,20220218,133049000,13:30:49,9984,538936,473155,54034358440,30,-15,2995200
y2205,20220218,20220218,133049500,13:30:50,9984,538951,473142,54035856040,15,-13,1497600
y2205,20220218,20220218,133050000,13:30:51,9984,539071,473202,54047834960,120,60,11978920
y2205,20220218,20220218,133050500,13:30:52,9986,539097,473221,54050430820,26,19,2595860
y2205,20220218,20220218,133051000,13:30:52,9986,539112,473214,54051928540,15,-7,1497720
y2205,20220218,20220218,133051500,13:30:52,9982,539126,473217,54053326220,14,3,1397680
y2205,20220218,20220218,133052000,13:30:53,9984,539142,473225,54054923660,16,8,1597440
y2205,20220218,20220218,133052500,13:30:54,9984,539157,473230,54056421260,15,5,1497600
y2205,20220218,20220218,133053000,13:30:54,9984,539167,473223,54057419660,10,-7,998400
y2205,20220218,20220218,133053500,13:30:54,9984,539178,473219,54058517900,11,-4,1098240
y2205,20220218,20220218,133054000,13:30:55,9984,539186,473222,54059316620,8,3,798720
y2205,20220218,20220218,133054500,13:30:55,9986,539188,473222,54059516320,2,0,199700
y2205,20220218,20220218,133055000,13:30:55,9986,539192,473226,54059915760,4,4,399440
y2205,20220218,20220218,133055500,13:30:56,9986,539286,473257,54069302620,94,31,9386860
y2205,20220218,20220218,133056000,13:30:57,9988,539289,473259,54069602220,3,2,299600
y2205,20220218,20220218,133056500,13:30:57,9986,539297,473259,54070401160,8,0,798940
y2205,20220218,20220218,133057000,13:30:58,9986,539297,473259,54070401160,0,0,0
y2205,20220218,20220218,133057500,13:30:58,9988,539322,473259,54072898060,25,0,2496900
y2205,20220218,20220218,133058000,13:30:58,9988,539513,473169,54091975140,191,-90,19077080
y2205,20220218,20220218,133058500,13:30:59,9988,539561,473161,54096769580,48,-8,4794440
y2205,20220218,20220218,133059000,13:30:59,9988,539571,473161,54097768380,10,0,998800
y2205,20220218,20220218,133059500,13:31:00,9988,539572,473160,54097868260,1,-1,99880
y2205,20220218,20220218,133100000,13:31:00,9988,539575,473161,54098167900,3,1,299640
y2205,20220218,20220218,133100500,13:31:00,9988,539576,473160,54098267780,1,-1,99880
y2205,20220218,20220218,133101000,13:31:01,9988,539616,473178,54102262960,40,18,3995180
y2205,20220218,20220218,133101500,13:31:01,9988,539628,473173,54103461520,12,-5,1198560
y2205,20220218,20220218,133102000,13:31:02,9988,539641,473177,54104759960,13,4,1298440
y2205,20220218,20220218,133102500,13:31:03,9988,539642,473178,54104859840,1,1,99880
y2205,20220218,20220218,133103000,13:31:03,9988,539643,473178,54104959720,1,0,99880
y2205,20220218,20220218,133103500,13:31:05,9990,539716,473203,54112252420,73,25,7292700
y2205,20220218,20220218,133104000,13:31:06,9992,539816,473251,54122244400,100,48,9991980
y2205,20220218,20220218,133104500,13:31:07,9990,539832,473247,54123843060,16,-4,1598660
y2205,20220218,20220218,133105500,13:31:08,9990,539861,473233,54126740340,29,-14,2897280
y2205,20220218,20220218,133106000,13:31:08,9990,539863,473231,54126940140,2,-2,199800
y2205,20220218,20220218,133107000,13:31:09,9988,540022,473171,54142822820,159,-60,15882680
y2205,20220218,20220218,133107500,13:31:09,9988,540107,473153,54151312720,85,-18,8489900
y2205,20220218,20220218,133108500,13:31:09,9988,540169,473184,54157505280,62,31,6192560
y2205,20220218,20220218,133109000,13:31:09,9990,540198,473182,54160401920,29,-2,2896640
y2205,20220218,20220218,133109500,13:31:10,9990,540250,473190,54165596700,52,8,5194780
y2205,20220218,20220218,133110000,13:31:11,9990,540260,473190,54166595700,10,0,999000
y2205,20220218,20220218,133110500,13:31:11,9990,540306,473173,54171190880,46,-17,4595180
y2205,20220218,20220218,133111000,13:31:11,9990,540328,473176,54173388660,22,3,2197780
y2205,20220218,20220218,133111500,13:31:12,9988,540340,473173,54174587420,12,-3,1198760
y2205,20220218,20220218,133112000,13:31:12,9990,540359,473185,54176485520,19,12,1898100
y2205,20220218,20220218,133112500,13:31:13,9992,540360,473186,54176585440,1,1,99920
y2205,20220218,20220218,133113000,13:31:13,9990,540365,473189,54177085000,5,3,499560
y2205,20220218,20220218,133113500,13:31:14,9990,540367,473190,54177284820,2,1,199820
y2205,20220218,20220218,133114000,13:31:15,9992,540396,473178,54180182480,29,-12,2897660
y2205,20220218,20220218,133114500,13:31:15,9992,540442,473195,54184778820,46,17,4596340
y2205,20220218,20220218,133115000,13:31:15,9992,540457,473198,54186277640,15,3,1498820
y2205,20220218,20220218,133115500,13:31:16,9992,540463,473198,54186877160,6,0,599520
y2205,20220218,20220218,133116000,13:31:16,9992,540471,473200,54187676600,8,2,799440
y2205,20220218,20220218,133116500,13:31:17,9992,540490,473206,54189575080,19,6,1898480
y2205,20220218,20220218,133117000,13:31:17,9992,540498,473208,54190374460,8,2,799380
y2205,20220218,20220218,133117500,13:31:18,9994,540500,473210,54190574340,2,2,199880
y2205,20220218,20220218,133118000,13:31:19,9994,540544,473222,54194971680,44,12,4397340
y2205,20220218,20220218,133118500,13:31:19,9996,540553,473222,54195871220,9,0,899540
y2205,20220218,20220218,133119000,13:31:19,9996,540637,473225,54204267840,84,3,8396620
y2205,20220218,20220218,133119500,13:31:20,9996,540654,473225,54205966920,17,0,1699080
y2205,20220218,20220218,133120000,13:31:20,9996,540662,473225,54206766580,8,0,799660
y2205,20220218,20220218,133120500,13:31:21,9994,540674,473225,54207966080,12,0,1199500
y2205,20220218,20220218,133121000,13:31:21,9994,540747,473272,54215263480,73,47,7297400
y2205,20220218,20220218,133121500,13:31:22,9996,540771,473279,54217662920,24,7,2399440
y2205,20220218,20220218,133122000,13:31:23,9996,540776,473275,54218162780,5,-4,499860
y2205,20220218,20220218,133122500,13:31:23,9998,540819,473284,54222461720,43,9,4298940
y2205,20220218,20220218,133123000,13:31:25,9998,540864,473280,54226960760,45,-4,4499040
y2205,20220218,20220218,133123500,13:31:25,9996,540956,473257,54236157660,92,-23,9196900
y2205,20220218,20220218,133124500,13:31:25,9998,541036,473260,54244156060,80,3,7998400
y2205,20220218,20220218,133156000,13:31:56,10000,541043,473258,54244856020,7,-2,699960
y2205,20220218,20220218,133158500,13:31:58,10000,541326,473289,54273155980,283,31,28299960
y2205,20220218,20220218,133159500,13:32:00,10002,541334,473292,54273956140,8,3,800160
y2205,20220218,20220218,133201000,13:32:01,10002,543379,473746,54478501720,2045,454,204545580
y2205,20220218,20220218,133201500,13:32:01,10004,543394,473733,54480002040,15,-13,1500320
y2205,20220218,20220218,133202000,13:32:03,10002,543419,473722,54482502560,25,-11,2500520
y2205,20220218,20220218,133202500,13:32:03,10004,543426,473718,54483202840,7,-4,700280
y2205,20220218,20220218,133203000,13:32:04,10002,543433,473713,54483903020,7,-5,700180
y2205,20220218,20220218,133203500,13:32:05,10002,543441,473720,54484703320,8,7,800300
y2205,20220218,20220218,133204000,13:32:05,10004,543443,473721,54484903380,2,1,200060
y2205,20220218,20220218,133205000,13:32:06,10004,543508,473743,54491405940,65,22,6502560
y2205,20220218,20220218,133205500,13:32:06,10004,543521,473752,54492706480,13,9,1300540
y2205,20220218,20220218,133206000,13:32:06,10004,543576,473733,54498208680,55,-19,5502200
y2205,20220218,20220218,133206500,13:32:07,10002,543593,473729,54499909340,17,-4,1700660
y2205,20220218,20220218,133207000,13:32:07,10002,543596,473729,54500209420,3,0,300080
y2205,20220218,20220218,133207500,13:32:07,10006,543635,473742,54504111000,39,13,3901580
y2205,20220218,20220218,133208000,13:32:09,10006,543635,473742,54504111000,0,0,0
y2205,20220218,20220218,133208500,13:32:10,10002,543751,473715,54515714520,116,-27,11603520
y2205,20220218,20220218,133209000,13:32:10,10004,543765,473714,54517115020,14,-1,1400500
y2205,20220218,20220218,133209500,13:32:10,10004,543771,473717,54517715240,6,3,600220
y2205,20220218,20220218,133210000,13:32:10,10002,543840,473742,54524616820,69,25,6901580
y2205,20220218,20220218,133210500,13:32:13,10002,543854,473743,54526017100,14,1,1400280
y2205,20220218,20220218,133211000,13:32:14,10002,543861,473747,54526717240,7,4,700140
y2205,20220218,20220218,133213000,13:32:15,10002,544108,473610,54551417660,247,-137,24700420
y2205,20220218,20220218,133214000,13:32:15,10002,544190,473675,54559619300,82,65,8201640
y2205,20220218,20220218,133214500,13:32:16,10004,544197,473674,54560319560,7,-1,700260
y2205,20220218,20220218,133215000,13:32:16,10004,544201,473674,54560719700,4,0,400140
y2205,20220218,20220218,133215500,13:32:16,10004,544305,473715,54571123840,104,41,10404140
y2205,20220218,20220218,133216000,13:32:17,10004,544305,473715,54571123840,0,0,0
y2205,20220218,20220218,133216500,13:32:17,10004,544306,473714,54571223880,1,-1,100040
y2205,20220218,20220218,133217000,13:32:17,10004,544364,473681,54577026180,58,-33,5802300
y2205,20220218,20220218,133217500,13:32:18,10004,544380,473688,54578626820,16,7,1600640
y2205,20220218,20220218,133218000,13:32:18,10006,544505,473710,54591134300,125,22,12507480
y2205,20220218,20220218,133218500,13:32:19,10006,544556,473713,54596237040,51,3,5102740
y2205,20220218,20220218,133219000,13:32:20,10006,544563,473718,54596937360,7,5,700320
y2205,20220218,20220218,133219500,13:32:20,10006,544575,473711,54598138060,12,-7,1200700
y2205,20220218,20220218,133220000,13:32:21,10006,544578,473710,54598438220,3,-1,300160
y2205,20220218,20220218,133220500,13:32:21,10006,544578,473710,54598438220,0,0,0
y2205,20220218,20220218,133221000,13:32:21,10006,544594,473704,54600039060,16,-6,1600840
y2205,20220218,20220218,133221500,13:32:22,10006,544597,473703,54600339240,3,-1,300180
y2205,20220218,20220218,133222000,13:32:23,10006,544608,473710,54601439700,11,7,1100460
y2205,20220218,20220218,133222500,13:32:23,10006,544623,473719,54602940400,15,9,1500700
y2205,20220218,20220218,133223000,13:32:24,10004,544625,473719,54603140500,2,0,200100
y2205,20220218,20220218,133223500,13:32:24,10006,544631,473722,54603740860,6,3,600360
y2205,20220218,20220218,133224000,13:32:24,10006,544632,473722,54603840920,1,0,100060
y2205,20220218,20220218,133224500,13:32:25,10004,544680,473714,54608642840,48,-8,4801920
y2205,20220218,20220218,133225000,13:32:25,10004,544740,473740,54614645220,60,26,6002380
y2205,20220218,20220218,133225500,13:32:26,10004,544765,473754,54617146220,25,14,2501000
y2205,20220218,20220218,133226000,13:32:27,10004,544777,473764,54618346700,12,10,1200480
y2205,20220218,20220218,133226500,13:32:27,10004,544784,473767,54619046880,7,3,700180
y2205,20220218,20220218,133227000,13:32:27,10004,544791,473771,54619747140,7,4,700260
y2205,20220218,20220218,133227500,13:32:28,10004,544791,473771,54619747140,0,0,0
y2205,20220218,20220218,133228000,13:32:32,10002,544793,473772,54619947180,2,1,200040
y2205,20220218,20220218,133228500,13:32:32,10004,544796,473772,54620247300,3,0,300120
y2205,20220218,20220218,133229000,13:32:33,10004,544800,473776,54620647460,4,4,400160
y2205,20220218,20220218,133232000,13:32:35,10002,544999,473792,54640551700,199,16,19904240
y2205,20220218,20220218,133232500,13:32:35,10004,545019,473803,54642552160,20,11,2000460
y2205,20220218,20220218,133234500,13:32:36,10002,545146,473768,54655255420,127,-35,12703260
y2205,20220218,20220218,133235000,13:32:36,10002,545152,473768,54655855480,6,0,600060
y2205,20220218,20220218,133235500,13:32:36,10002,545169,473760,54657555820,17,-8,1700340
y2205,20220218,20220218,133236000,13:32:36,10002,545175,473756,54658155920,6,-4,600100
y2205,20220218,20220218,133236500,13:32:37,10002,545177,473755,54658355940,2,-1,200020
y2205,20220218,20220218,133237000,13:32:37,10002,545180,473756,54658656000,3,1,300060
y2205,20220218,20220218,133237500,13:32:38,10002,545180,473756,54658656000,0,0,0
y2205,20220218,20220218,133238000,13:32:38,10000,545231,473705,54663756000,51,-51,5100000
y2205,20220218,20220218,133238500,13:32:39,10002,545237,473711,54664356120,6,6,600120
y2205,20220218,20220218,133239000,13:32:39,10002,545237,473711,54664356120,0,0,0
y2205,20220218,20220218,133239500,13:32:40,10002,545237,473711,54664356120,0,0,0
y2205,20220218,20220218,133240000,13:32:40,10002,545241,473715,54664756200,4,4,400080
y2205,20220218,20220218,133240500,13:32:40,10002,545296,473767,54670257300,55,52,5501100
y2205,20220218,20220218,133241000,13:32:41,10002,545322,473771,54672857820,26,4,2600520
y2205,20220218,20220218,133241500,13:32:42,10002,545326,473771,54673257900,4,0,400080
y2205,20220218,20220218,133242000,13:32:42,10002,545331,473769,54673758060,5,-2,500160
y2205,20220218,20220218,133242500,13:32:42,10002,545334,473771,54674058140,3,2,300080
y2205,20220218,20220218,133243000,13:32:43,10002,545335,473770,54674158160,1,-1,100020
y2205,20220218,20220218,133243500,13:32:43,10004,545339,473767,54674558260,4,-3,400100
y2205,20220218,20220218,133244000,13:32:44,10002,545341,473766,54674758300,2,-1,200040
y2205,20220218,20220218,133244500,13:32:45,10002,545349,473765,54675558500,8,-1,800200
y2205,20220218,20220218,133245000,13:32:45,10002,545349,473765,54675558500,0,0,0
y2205,20220218,20220218,133245500,13:32:45,10002,545375,473752,54678159060,26,-13,2600560
y2205,20220218,20220218,133246000,13:32:47,10000,545397,473730,54680359060,22,-22,2200000
y2205,20220218,20220218,133246500,13:32:47,10000,545751,473589,54715759080,354,-141,35400020
y2205,20220218,20220218,133247000,13:32:47,10000,545751,473589,54715759080,0,0,0
y2205,20220218,20220218,133247500,13:32:48,10000,545752,473590,54715859080,1,1,100000
y2205,20220218,20220218,133248000,13:32:48,9998,545762,473596,54716858880,10,6,999800
y2205,20220218,20220218,133248500,13:32:49,10000,545769,473603,54717558880,7,7,700000
y2205,20220218,20220218,133249000,13:32:49,9998,545770,473603,54717658860,1,0,99980
y2205,20220218,20220218,133249500,13:32:50,9998,545825,473597,54723157760,55,-6,5498900
y2205,20220218,20220218,133250000,13:32:50,9998,545832,473594,54723857620,7,-3,699860
y2205,20220218,20220218,133250500,13:32:52,9996,545834,473592,54724057540,2,-2,199920
y2205,20220218,20220218,133251000,13:32:52,9998,545837,473590,54724357460,3,-2,299920
y2205,20220218,20220218,133251500,13:32:53,9998,545839,473591,54724557420,2,1,199960
y2205,20220218,20220218,133252500,13:32:53,10000,545899,473590,54730556180,60,-1,5998760
y2205,20220218,20220218,133253000,13:32:53,9998,545900,473590,54730656160,1,0,99980
y2205,20220218,20220218,133253500,13:32:54,9998,545901,473589,54730756140,1,-1,99980
y2205,20220218,20220218,133254000,13:32:54,9998,545904,473589,54731056080,3,0,299940
y2205,20220218,20220218,133254500,13:32:55,9998,545904,473589,54731056080,0,0,0
y2205,20220218,20220218,133255000,13:32:55,10000,545906,473588,54731256060,2,-1,199980
y2205,20220218,20220218,133255500,13:32:55,10000,545907,473589,54731356060,1,1,100000
y2205,20220218,20220218,133256000,13:32:56,10000,545907,473589,54731356060,0,0,0
y2205,20220218,20220218,133256500,13:32:57,9998,545908,473588,54731456040,1,-1,99980
y2205,20220218,20220218,133257000,13:32:59,10000,545964,473628,54737056040,56,40,5600000
y2205,20220218,20220218,133257500,13:33:00,10000,545988,473625,54739456040,24,-3,2400000
y2205,20220218,20220218,133258000,13:33:00,9998,545989,473624,54739556020,1,-1,99980
y2205,20220218,20220218,133258500,13:33:00,10000,545992,473625,54739856000,3,1,299980
y2205,20220218,20220218,133259500,13:33:01,10000,546002,473632,54740855980,10,7,999980
y2205,20220218,20220218,133300000,13:33:01,10000,546003,473632,54740955980,1,0,100000
y2205,20220218,20220218,133300500,13:33:01,10000,546005,473631,54741155980,2,-1,200000
y2205,20220218,20220218,133301000,13:33:02,9998,546007,473629,54741355940,2,-2,199960
y2205,20220218,20220218,133301500,13:33:02,10000,546075,473646,54748155940,68,17,6800000
y2205,20220218,20220218,133302000,13:33:03,10000,546113,473647,54751955940,38,1,3800000
y2205,20220218,20220218,133302500,13:33:03,10002,546117,473646,54752356000,4,-1,400060
y2205,20220218,20220218,133303000,13:33:03,10002,546117,473646,54752356000,0,0,0
y2205,20220218,20220218,133303500,13:33:04,10000,546174,473660,54758056000,57,14,5700000
y2205,20220218,20220218,133304000,13:33:04,10000,546229,473677,54763556000,55,17,5500000
y2205,20220218,20220218,133304500,13:33:05,10000,546234,473679,54764056000,5,2,500000
y2205,20220218,20220218,133305000,13:33:05,10000,546236,473679,54764256000,2,0,200000
y2205,20220218,20220218,133305500,13:33:05,10000,546238,473681,54764456000,2,2,200000
y2205,20220218,20220218,133306000,13:33:06,10002,546289,473643,54769557020,51,-38,5101020
y2205,20220218,20220218,133306500,13:33:06,10002,546291,473645,54769757060,2,2,200040
y2205,20220218,20220218,133307000,13:33:07,10002,546301,473653,54770757260,10,8,1000200
y2205,20220218,20220218,133307500,13:33:08,10002,546301,473653,54770757260,0,0,0
y2205,20220218,20220218,133308000,13:33:08,10002,546304,473655,54771057320,3,2,300060
y2205,20220218,20220218,133308500,13:33:09,10002,546305,473656,54771157340,1,1,100020
y2205,20220218,20220218,133309000,13:33:09,10002,546310,473657,54771657440,5,1,500100
y2205,20220218,20220218,133309500,13:33:11,10004,546342,473659,54774858520,32,2,3201080
y2205,20220218,20220218,133310000,13:33:11,10004,546388,473626,54779460360,46,-33,4601840
y2205,20220218,20220218,133310500,13:33:12,10004,546407,473627,54781361120,19,1,1900760
y2205,20220218,20220218,133311000,13:33:14,10004,546412,473629,54781861320,5,2,500200
y2205,20220218,20220218,133311500,13:33:14,10004,546414,473629,54782061400,2,0,200080
y2205,20220218,20220218,133312000,13:33:14,10002,546415,473630,54782161420,1,1,100020
y2205,20220218,20220218,133313500,13:33:15,10004,546447,473620,54785362700,32,-10,3201280
y2205,20220218,20220218,133314000,13:33:17,10004,546449,473621,54785562780,2,1,200080
y2205,20220218,20220218,133314500,13:33:17,10004,546450,473622,54785662820,1,1,100040
y2205,20220218,20220218,133315000,13:33:18,10002,546467,473627,54787363480,17,5,1700660
y2205,20220218,20220218,133315500,13:33:18,10004,546472,473628,54787863720,5,1,500240
y2205,20220218,20220218,133317000,13:33:19,10006,546501,473620,54790765320,29,-8,2901600
y2205,20220218,20220218,133317500,13:33:19,10006,546508,473623,54791465700,7,3,700380
y2205,20220218,20220218,133318000,13:33:19,10004,546512,473626,54791865900,4,3,400200
y2205,20220218,20220218,133318500,13:33:19,10004,546616,473703,54802270100,104,77,10404200
y2205,20220218,20220218,133319000,13:33:20,10006,546618,473701,54802470220,2,-2,200120
y2205,20220218,20220218,133319500,13:33:20,10006,546625,473705,54803170620,7,4,700400
y2205,20220218,20220218,133320000,13:33:21,10006,546678,473739,54808473800,53,34,5303180
y2205,20220218,20220218,133320500,13:33:22,10006,546681,473740,54808774000,3,1,300200
y2205,20220218,20220218,133321000,13:33:22,10006,546682,473740,54808874060,1,0,100060
y2205,20220218,20220218,133321500,13:33:22,10008,546806,473693,54821283940,124,-47,12409880
y2205,20220218,20220218,133322000,13:33:22,10008,546935,473657,54834194320,129,-36,12910380
y2205,20220218,20220218,133322500,13:33:22,10008,546949,473658,54835595500,14,1,1401180
y2205,20220218,20220218,133323000,13:33:23,10010,547070,473643,54847706220,121,-15,12110720
y2205,20220218,20220218,133323500,13:33:24,10008,547157,473610,54856412920,87,-33,8706700
y2205,20220218,20220218,133324000,13:33:24,10008,547160,473609,54856713200,3,-1,300280
y2205,20220218,20220218,133324500,13:33:25,10010,547173,473605,54858014400,13,-4,1301200
y2205,20220218,20220218,133325000,13:33:26,10010,547177,473602,54858414800,4,-3,400400
y2205,20220218,20220218,133325500,13:33:26,10010,547185,473600,54859215560,8,-2,800760
y2205,20220218,20220218,133326000,13:33:28,10008,547196,473592,54860316640,11,-8,1101080
y2205,20220218,20220218,133326500,13:33:29,10010,547224,473611,54863119400,28,19,2802760
y2205,20220218,20220218,133327000,13:33:29,10010,547275,473624,54868224460,51,13,5105060
y2205,20220218,20220218,133327500,13:33:30,10010,547343,473586,54875031760,68,-38,6807300
y2205,20220218,20220218,133328500,13:33:30,10010,547402,473591,54880937580,59,5,5905820
y2205,20220218,20220218,133329000,13:33:30,10012,547451,473584,54885842520,49,-7,4904940
y2205,20220218,20220218,133329500,13:33:30,10012,547548,473615,54895553340,97,31,9710820
y2205,20220218,20220218,133330000,13:33:30,10012,547621,473587,54902861700,73,-28,7308360
y2205,20220218,20220218,133330500,13:33:31,10010,547624,473587,54903162000,3,0,300300
y2205,20220218,20220218,133331000,13:33:32,10012,547637,473591,54904463440,13,4,1301440
y2205,20220218,20220218,133331500,13:33:32,10012,547715,473534,54912272800,78,-57,7809360
y2205,20220218,20220218,133332000,13:33:32,10010,547740,473518,54914775780,25,-16,2502980
y2205,20220218,20220218,133332500,13:33:32,10010,547750,473514,54915776820,10,-4,1001040
y2205,20220218,20220218,133333000,13:33:33,10012,547761,473512,54916878140,11,-2,1101320
y2205,20220218,20220218,133333500,13:33:33,10012,547768,473512,54917578980,7,0,700840
y2205,20220218,20220218,133334000,13:33:34,10010,547779,473504,54918680180,11,-8,1101200
y2205,20220218,20220218,133334500,13:33:34,10012,547794,473503,54920181960,15,-1,1501780
y2205,20220218,20220218,133335000,13:33:35,10012,547809,473495,54921683740,15,-8,1501780
y2205,20220218,20220218,133335500,13:33:35,10012,547843,473490,54925087800,34,-5,3404060
y2205,20220218,20220218,133336000,13:33:36,10012,547900,473447,54930794540,57,-43,5706740
y2205,20220218,20220218,133336500,13:33:36,10012,547942,473420,54934999560,42,-27,4205020
y2205,20220218,20220218,133337000,13:33:37,10014,548038,473397,54944612160,96,-23,9612600
y2205,20220218,20220218,133337500,13:33:37,10014,548179,473354,54958732980,141,-43,14120820
y2205,20220218,20220218,133338000,13:33:38,10014,548212,473346,54962037860,33,-8,3304880
y2205,20220218,20220218,133338500,13:33:39,10014,548232,473356,54964041000,20,10,2003140
y2205,20220218,20220218,133339000,13:33:39,10016,548244,473358,54965242840,12,2,1201840
y2205,20220218,20220218,133339500,13:33:40,10016,548287,473336,54969549680,43,-22,4306840
y2205,20220218,20220218,133340000,13:33:40,10016,548340,473353,54974858120,53,17,5308440
y2205,20220218,20220218,133340500,13:33:41,10014,548351,473355,54975959760,11,2,1101640
y2205,20220218,20220218,133341000,13:33:41,10016,548361,473359,54976961360,10,4,1001600
y2205,20220218,20220218,133341500,13:33:42,10016,548370,473367,54977862800,9,8,901440
y2205,20220218,20220218,133342000,13:33:42,10014,548377,473367,54978563800,7,0,701000
y2205,20220218,20220218,133342500,13:33:42,10012,548526,473356,54993483480,149,-11,14919680
y2205,20220218,20220218,133343000,13:33:43,10010,548663,473445,55007196120,137,89,13712640
y2205,20220218,20220218,133343500,13:33:44,10010,548716,473439,55012501180,53,-6,5305060
y2205,20220218,20220218,133344000,13:33:45,10010,548745,473448,55015404100,29,9,2902920
y2205,20220218,20220218,133344500,13:33:45,10010,548784,473420,55019307980,39,-28,3903880
y2205,20220218,20220218,133345000,13:33:45,10010,548804,473425,55021309740,20,5,2001760
y2205,20220218,20220218,133345500,13:33:46,10008,548807,473425,55021610000,3,0,300260
y2205,20220218,20220218,133346000,13:33:47,10012,548850,473418,55025914300,43,-7,4304300
y2205,20220218,20220218,133346500,13:33:48,10012,548867,473426,55027616320,17,8,1702020
y2205,20220218,20220218,133347000,13:33:48,10010,548871,473426,55028016760,4,0,400440
y2205,20220218,20220218,133347500,13:33:49,10010,548873,473425,55028216960,2,-1,200200
y2205,20220218,20220218,133348000,13:33:49,10010,548913,473427,55032221020,40,2,4004060
y2205,20220218,20220218,133348500,13:33:49,10010,548931,473433,55034022900,18,6,1801880
y2205,20220218,20220218,133349000,13:33:50,10010,548987,473437,55039628500,56,4,5605600
y2205,20220218,20220218,133349500,13:33:50,10010,548991,473435,55040028960,4,-2,400460
y2205,20220218,20220218,133350000,13:33:50,10010,548993,473434,55040229160,2,-1,200200
y2205,20220218,20220218,133350500,13:33:50,10010,548994,473433,55040329260,1,-1,100100
y2205,20220218,20220218,133351000,13:33:51,10010,549014,473416,55042331600,20,-17,2002340
y2205,20220218,20220218,133351500,13:33:52,10010,549017,473415,55042631940,3,-1,300340
y2205,20220218,20220218,133352000,13:33:52,10012,549030,473412,55043933460,13,-3,1301520
y2205,20220218,20220218,133352500,13:33:52,10010,549037,473413,55044634220,7,1,700760
y2205,20220218,20220218,133353000,13:33:53,10012,549053,473426,55046235900,16,13,1601680
y2205,20220218,20220218,133353500,13:33:53,10010,549089,473426,55049839500,36,0,3603600
y2205,20220218,20220218,133354000,13:33:54,10010,549129,473432,55053843500,40,6,4004000
y2205,20220218,20220218,133354500,13:33:55,10010,549150,473418,55055945600,21,-14,2102100
y2205,20220218,20220218,133355000,13:33:56,10010,549151,473417,55056045700,1,-1,100100
y2205,20220218,20220218,133355500,13:33:56,10010,549180,473403,55058948600,29,-14,2902900
y2205,20220218,20220218,133356000,13:33:56,10010,549208,473388,55061751400,28,-15,2802800
y2205,20220218,20220218,133356500,13:33:57,10010,549211,473389,55062051680,3,1,300280
y2205,20220218,20220218,133357000,13:33:58,10010,549221,473395,55063052660,10,6,1000980
y2205,20220218,20220218,133357500,13:33:58,10008,549223,473396,55063252840,2,1,200180
y2205,20220218,20220218,133358000,13:33:58,10010,549290,473405,55069959520,67,9,6706680
y2205,20220218,20220218,133358500,13:33:58,10010,549304,473417,55071360920,14,12,1401400
y2205,20220218,20220218,133359000,13:33:59,10010,549317,473417,55072662220,13,0,1301300
y2205,20220218,20220218,133359500,13:33:59,10008,549327,473419,55073663180,10,2,1000960
y2205,20220218,20220218,133400000,13:34:00,10012,549334,473423,55074364020,7,4,700840
y2205,20220218,20220218,133400500,13:34:00,10010,549336,473421,55074564220,2,-2,200200
y2205,20220218,20220218,133401000,13:34:01,10010,549356,473414,55076566120,20,-7,2001900
y2205,20220218,20220218,133401500,13:34:02,10010,549380,473437,55078968520,24,23,2402400
y2205,20220218,20220218,133402000,13:34:04,10010,549400,473432,55080970540,20,-5,2002020
y2205,20220218,20220218,133402500,13:34:10,10010,549405,473435,55081471120,5,3,500580
y2205,20220218,20220218,133403000,13:34:10,10014,549672,473475,55108206460,267,40,26735340
y2205,20220218,20220218,133403500,13:34:11,10016,549767,473460,55117719440,95,-15,9512980
y2205,20220218,20220218,133410000,13:34:12,10020,550530,473512,55194157700,763,52,76438260
y2205,20220218,20220218,133410500,13:34:12,10020,550638,473486,55204980340,108,-26,10822640
y2205,20220218,20220218,133411500,13:34:12,10020,550816,473390,55222818160,178,-96,17837820
y2205,20220218,20220218,133412000,13:34:12,10018,550903,473357,55231535500,87,-33,8717340
