y2203,20220218,20220218,111959000,11:20:08,10384,480,2192,50019740,480,-378,50019740
y2203,20220218,20220218,112004500,11:20:10,10384,480,2192,50019740,0,0,0
y2203,20220218,20220218,112005000,11:20:10,10384,480,2192,50019740,0,0,0
y2203,20220218,20220218,112006000,11:20:10,10384,480,2192,50019740,0,0,0
y2203,20220218,20220218,112006500,11:20:10,10384,480,2192,50019740,0,0,0
y2203,20220218,20220218,112007000,11:20:10,10384,480,2192,50019740,0,0,0
y2203,20220218,20220218,112007500,11:20:10,10384,480,2192,50019740,0,0,0
y2203,20220218,20220218,112013000,11:20:13,10384,480,2192,50019740,0,0,0
y2203,20220218,20220218,112013500,11:20:13,10384,480,2192,50019740,0,0,0
y2203,20220218,20220218,112035000,11:20:35,10384,480,2192,50019740,0,0,0
y2203,20220218,20220218,112035500,11:20:35,10384,480,2192,50019740,0,0,0
y2203,20220218,20220218,112138500,11:23:33,10384,480,2192,50019740,0,0,0
y2203,20220218,20220218,112419000,11:24:19,10384,480,2192,50019740,0,0,0
y2203,20220218,20220218,112420000,11:24:20,10384,480,2192,50019740,0,0,0
y2203,20220218,20220218,112420500,11:24:20,10384,480,2192,50019740,0,0,0
y2203,20220218,20220218,112421000,11:24:21,10384,480,2192,50019740,0,0,0
y2203,20220218,20220218,112421500,11:24:22,10402,481,2191,50123760,1,-1,104020
y2203,20220218,20220218,112422000,11:24:22,10402,481,2191,50123760,0,0,0
y2203,20220218,20220218,112432500,11:24:32,10402,481,2191,50123760,0,0,0
y2203,20220218,20220218,112506000,11:25:06,10402,481,2191,50123760,0,0,0
y2203,20220218,20220218,112508000,11:25:08,10402,481,2191,50123760,0,0,0
y2203,20220218,20220218,112508500,11:25:08,10402,481,2191,50123760,0,0,0
y2203,20220218,20220218,112511000,11:25:11,10402,481,2191,50123760,0,0,0
y2203,20220218,20220218,112513000,11:25:13,10402,481,2191,50123760,0,0,0
y2203,20220218,20220218,112513500,11:25:15,10402,481,2191,50123760,0,0,0
y2203,20220218,20220218,112516500,11:25:16,10402,481,2191,50123760,0,0,0
y2203,20220218,20220218,112517000,11:25:17,10402,481,2191,50123760,0,0,0
y2203,20220218,20220218,112519000,11:25:19,10402,481,2191,50123760,0,0,0
y2203,20220218,20220218,112522500,11:25:22,10402,481,2191,50123760,0,0,0
y2203,20220218,20220218,112524500,11:25:25,10402,481,2191,50123760,0,0,0
y2203,20220218,20220218,112607000,11:26:09,10402,481,2191,50123760,0,0,0
y2203,20220218,20220218,112610500,11:26:10,10402,481,2191,50123760,0,0,0
y2203,20220218,20220218,112611000,11:26:11,10402,481,2191,50123760,0,0,0
y2203,20220218,20220218,112624500,11:26:24,10402,481,2191,50123760,0,0,0
y2203,20220218,20220218,112625000,11:26:25,10402,481,2191,50123760,0,0,0
y2203,20220218,20220218,112626000,11:26:26,10402,481,2191,50123760,0,0,0
y2203,20220218,20220218,112626500,11:26:26,10402,481,2191,50123760,0,0,0
y2203,20220218,20220218,112627500,11:26:27,10402,481,2191,50123760,0,0,0
y2203,20220218,20220218,112628000,11:26:28,10402,481,2191,50123760,0,0,0
y2203,20220218,20220218,112628500,11:26:28,10402,481,2191,50123760,0,0,0
y2203,20220218,20220218,112629000,11:26:29,10402,481,2191,50123760,0,0,0
y2203,20220218,20220218,112630000,11:26:31,10402,481,2191,50123760,0,0,0
y2203,20220218,20220218,112630500,11:26:31,10402,481,2191,50123760,0,0,0
y2203,20220218,20220218,112634000,11:26:34,10402,481,2191,50123760,0,0,0
y2203,20220218,20220218,112634500,11:26:37,10402,481,2191,50123760,0,0,0
y2203,20220218,20220218,112635500,11:26:37,10402,481,2191,50123760,0,0,0
y2203,20220218,20220218,112636000,11:26:38,10402,481,2191,50123760,0,0,0
y2203,20220218,20220218,112641500,11:27:12,10402,481,2191,50123760,0,0,0
y2203,20220218,20220218,112712000,11:27:13,10402,481,2191,50123760,0,0,0
y2203,20220218,20220218,112726000,11:27:27,10402,481,2191,50123760,0,0,0
y2203,20220218,20220218,112729000,11:27:29,10402,481,2191,50123760,0,0,0
y2203,20220218,20220218,112731000,11:27:32,10402,481,2191,50123760,0,0,0
y2203,20220218,20220218,112735000,11:27:36,10402,481,2191,50123760,0,0,0
y2203,20220218,20220218,112737000,11:27:38,10402,481,2191,50123760,0,0,0
y2203,20220218,20220218,112737500,11:27:38,10402,481,2191,50123760,0,0,0
y2203,20220218,20220218,112738000,11:27:38,10402,481,2191,50123760,0,0,0
y2203,20220218,20220218,112739500,11:27:39,10402,481,2191,50123760,0,0,0
y2203,20220218,20220218,112740000,11:27:40,10402,481,2191,50123760,0,0,0
y2203,20220218,20220218,112741000,11:27:41,10402,481,2191,50123760,0,0,0
y2203,20220218,20220218,112742500,11:27:43,10402,481,2191,50123760,0,0,0
y2203,20220218,20220218,112744000,11:27:44,10402,481,2191,50123760,0,0,0
y2203,20220218,20220218,112745500,11:27:46,10402,481,2191,50123760,0,0,0
y2203,20220218,20220218,112747000,11:27:47,10402,481,2191,50123760,0,0,0
y2203,20220218,20220218,112747500,11:27:47,10402,481,2191,50123760,0,0,0
y2203,20220218,20220218,112800000,11:28:00,10402,481,2191,50123760,0,0,0
y2203,20220218,20220218,112800500,11:28:01,10402,481,2191,50123760,0,0,0
y2203,20220218,20220218,112806000,11:28:08,10402,481,2191,50123760,0,0,0
y2203,20220218,20220218,112806500,11:28:10,10402,481,2191,50123760,0,0,0
y2203,20220218,20220218,112807000,11:28:10,10402,481,2191,50123760,0,0,0
y2203,20220218,20220218,112807500,11:28:10,10402,481,2191,50123760,0,0,0
y2203,20220218,20220218,112808500,11:28:11,10402,481,2191,50123760,0,0,0
y2203,20220218,20220218,112937000,11:29:38,10402,481,2191,50123760,0,0,0
y2203,20220218,20220218,112937500,11:29:38,10402,481,2191,50123760,0,0,0
y2203,20220218,20220218,112938000,11:29:38,10402,481,2191,50123760,0,0,0
y2203,20220218,20220218,112939500,11:29:39,10402,481,2191,50123760,0,0,0
y2203,20220218,20220218,112940000,11:29:40,10402,481,2191,50123760,0,0,0
y2203,20220218,20220218,112940500,11:29:40,10402,481,2191,50123760,0,0,0
y2203,20220218,20220218,112941500,11:29:42,10402,481,2191,50123760,0,0,0
y2203,20220218,20220218,112942000,11:29:42,10402,481,2191,50123760,0,0,0
y2203,20220218,20220218,112942500,11:29:44,10402,481,2191,50123760,0,0,0
y2203,20220218,20220218,112943000,11:29:45,10402,481,2191,50123760,0,0,0
y2203,20220218,20220218,112945000,11:29:46,10402,481,2191,50123760,0,0,0
y2203,20220218,20220218,112945500,11:29:46,10402,481,2191,50123760,0,0,0
y2203,20220218,20220218,112946500,11:29:47,10402,481,2191,50123760,0,0,0
y2203,20220218,20220218,112947000,11:29:47,10402,481,2191,50123760,0,0,0
y2203,20220218,20220218,112947500,11:29:48,10402,481,2191,50123760,0,0,0
y2203,20220218,20220218,112950000,11:29:51,10402,481,2191,50123760,0,0,0
y2203,20220218,20220218,112953000,11:29:53,10402,481,2191,50123760,0,0,0
y2203,20220218,20220218,112953500,11:29:54,10402,481,2191,50123760,0,0,0
y2203,20220218,20220218,112954000,11:29:54,10402,481,2191,50123760,0,0,0
y2203,20220218,20220218,112954500,11:29:54,10402,481,2191,50123760,0,0,0
y2203,20220218,20220218,112955000,11:29:55,10402,481,2191,50123760,0,0,0
y2203,20220218,20220218,112955500,11:29:55,10402,481,2191,50123760,0,0,0
y2203,20220218,20220218,112956000,11:29:56,10402,481,2191,50123760,0,0,0
y2203,20220218,20220218,112956500,11:30:00,10402,481,2191,50123760,0,0,0
y2203,20220218,20220218,112957500,11:30:02,10402,481,2191,50123760,0,0,0
y2203,20220218,20220218,112959500,11:30:03,10402,481,2191,50123760,0,0,0
y2203,20220218,20220218,113000000,11:30:03,10402,481,2191,50123760,0,0,0
y2203,20220218,20220218,113001500,11:30:03,10402,481,2191,50123760,0,0,0
y2203,20220218,20220218,133001500,13:30:01,10402,481,2191,50123760,0,0,0
y2203,20220218,20220218,133002000,13:30:08,10402,481,2191,50123760,0,0,0
y2203,20220218,20220218,133034500,13:30:41,10402,481,2191,50123760,0,0,0
y2203,20220218,20220218,133055500,13:30:56,10402,481,2191,50123760,0,0,0
y2203,20220218,20220218,133201000,13:32:01,10402,481,2191,50123760,0,0,0
y2203,20220218,20220218,133204500,13:32:06,10402,481,2191,50123760,0,0,0
y2203,20220218,20220218,133206000,13:32:06,10402,481,2191,50123760,0,0,0
y2203,20220218,20220218,133206500,13:32:07,10402,481,2191,50123760,0,0,0
y2203,20220218,20220218,133207500,13:32:07,10402,481,2191,50123760,0,0,0
y2203,20220218,20220218,133208500,13:32:10,10402,481,2191,50123760,0,0,0
y2203,20220218,20220218,133210000,13:32:10,10402,481,2191,50123760,0,0,0
y2203,20220218,20220218,133210500,13:32:13,10402,481,2191,50123760,0,0,0
y2203,20220218,20220218,133214000,13:32:15,10402,481,2191,50123760,0,0,0
y2203,20220218,20220218,133215500,13:32:16,10402,481,2191,50123760,0,0,0
y2203,20220218,20220218,133217000,13:32:17,10402,481,2191,50123760,0,0,0
y2203,20220218,20220218,133217500,13:32:18,10402,481,2191,50123760,0,0,0
y2203,20220218,20220218,133219500,13:32:20,10402,481,2191,50123760,0,0,0
y2203,20220218,20220218,133224500,13:32:24,10402,481,2191,50123760,0,0,0
y2203,20220218,20220218,133225000,13:32:25,10402,481,2191,50123760,0,0,0
y2203,20220218,20220218,133232000,13:32:35,10402,481,2191,50123760,0,0,0
y2203,20220218,20220218,133234500,13:32:36,10402,481,2191,50123760,0,0,0
y2203,20220218,20220218,133241000,13:32:41,10402,481,2191,50123760,0,0,0
y2203,20220218,20220218,133241500,13:32:42,10402,481,2191,50123760,0,0,0
y2203,20220218,20220218,133245500,13:32:45,10402,481,2191,50123760,0,0,0
y2203,20220218,20220218,133256000,13:32:56,10402,481,2191,50123760,0,0,0
y2203,20220218,20220218,133305000,13:33:05,10402,481,2191,50123760,0,0,0
y2203,20220218,20220218,133306000,13:33:06,10402,481,2191,50123760,0,0,0
y2203,20220218,20220218,133310000,13:33:11,10402,481,2191,50123760,0,0,0
y2203,20220218,20220218,133310500,13:33:12,10402,481,2191,50123760,0,0,0
y2203,20220218,20220218,133311000,13:33:14,10402,481,2191,50123760,0,0,0
y2203,20220218,20220218,133312500,13:33:14,10402,481,2191,50123760,0,0,0
y2203,20220218,20220218,133313500,13:33:15,10402,481,2191,50123760,0,0,0
y2203,20220218,20220218,133314000,13:33:17,10402,481,2191,50123760,0,0,0
y2203,20220218,20220218,133315000,13:33:18,10402,481,2191,50123760,0,0,0
y2203,20220218,20220218,133318500,13:33:19,10402,481,2191,50123760,0,0,0
y2203,20220218,20220218,133329000,13:33:30,10420,482,2190,50227960,1,-1,104200
y2203,20220218,20220218,133332500,13:33:32,10420,482,2190,50227960,0,0,0
y2203,20220218,20220218,133336500,13:33:36,10420,482,2190,50227960,0,0,0
y2203,20220218,20220218,133337000,13:33:37,10420,482,2190,50227960,0,0,0
y2203,20220218,20220218,133338000,13:33:38,10420,483,2189,50332160,1,-1,104200
y2203,20220218,20220218,133339500,13:33:40,10420,483,2189,50332160,0,0,0
y2203,20220218,20220218,133340000,13:33:40,10420,483,2189,50332160,0,0,0
y2203,20220218,20220218,133342500,13:33:42,10420,483,2189,50332160,0,0,0
y2203,20220218,20220218,133410000,13:34:12,10420,483,2189,50332160,0,0,0
y2203,20220218,20220218,133410500,13:34:12,10420,483,2189,50332160,0,0,0
y2203,20220218,20220218,133411000,13:34:12,10420,483,2189,50332160,0,0,0
y2203,20220218,20220218,133411500,13:34:12,10420,483,2189,50332160,0,0,0
y2203,20220218,20220218,133412000,13:34:12,10420,483,2189,50332160,0,0,0
y2203,20220218,20220218,133414500,13:34:14,10420,483,2189,50332160,0,0,0
y2203,20220218,20220218,133415000,13:34:15,10420,483,2189,50332160,0,0,0
y2203,20220218,20220218,133415500,13:34:16,10420,483,2189,50332160,0,0,0
y2203,20220218,20220218,133416500,13:34:16,10420,483,2189,50332160,0,0,0
y2203,20220218,20220218,133420000,13:34:20,10420,483,2189,50332160,0,0,0
y2203,20220218,20220218,133421000,13:34:23,10420,483,2189,50332160,0,0,0
y2203,20220218,20220218,133423500,13:34:24,10420,483,2189,50332160,0,0,0
y2203,20220218,20220218,133424000,13:34:24,10420,483,2189,50332160,0,0,0
y2203,20220218,20220218,133424500,13:34:24,10420,483,2189,50332160,0,0,0
y2203,20220218,20220218,133425000,13:34:25,10420,483,2189,50332160,0,0,0
y2203,20220218,20220218,133425500,13:34:25,10420,483,2189,50332160,0,0,0
y2203,20220218,20220218,133426000,13:34:26,10420,483,2189,50332160,0,0,0
y2203,20220218,20220218,133426500,13:34:26,10420,483,2189,50332160,0,0,0
y2203,20220218,20220218,133427500,13:34:27,10420,483,2189,50332160,0,0,0
y2203,20220218,20220218,133431000,13:34:31,10420,483,2189,50332160,0,0,0
y2203,20220218,20220218,133431500,13:34:31,10420,483,2189,50332160,0,0,0
y2203,20220218,20220218,133433000,13:34:33,10420,483,2189,50332160,0,0,0
y2203,20220218,20220218,133433500,13:34:34,10420,483,2189,50332160,0,0,0
y2203,20220218,20220218,133435000,13:34:35,10420,483,2189,50332160,0,0,0
y2203,20220218,20220218,133435500,13:34:36,10420,483,2189,50332160,0,0,0
y2203,20220218,20220218,133436000,13:34:36,10420,483,2189,50332160,0,0,0
y2203,20220218,20220218,133437000,13:34:37,10420,483,2189,50332160,0,0,0
y2203,20220218,20220218,133440000,13:34:40,10428,484,2189,50436440,1,0,104280
y2203,20220218,20220218,133440500,13:34:41,10430,485,2188,50540740,1,-1,104300
y2203,20220218,20220218,133446000,13:34:46,10430,485,2188,50540740,0,0,0
y2203,20220218,20220218,133447000,13:34:47,10430,485,2188,50540740,0,0,0
y2203,20220218,20220218,133447500,13:34:47,10430,485,2188,50540740,0,0,0
y2203,20220218,20220218,133540000,13:35:43,10430,485,2188,50540740,0,0,0
y2203,20220218,20220218,133541500,13:35:44,10430,485,2188,50540740,0,0,0
y2203,20220218,20220218,133602000,13:36:03,10430,485,2188,50540740,0,0,0
y2203,20220218,20220218,133604500,13:36:06,10430,485,2188,50540740,0,0,0
y2203,20220218,20220218,133606000,13:36:07,10430,485,2188,50540740,0,0,0
y2203,20220218,20220218,133606500,13:36:07,10430,485,2188,50540740,0,0,0
y2203,20220218,20220218,133611500,13:36:12,10430,485,2188,50540740,0,0,0
y2203,20220218,20220218,133612000,13:36:12,10430,485,2188,50540740,0,0,0
y2203,20220218,20220218,133727000,13:37:27,10430,485,2188,50540740,0,0,0
y2203,20220218,20220218,133759000,13:37:59,10430,485,2188,50540740,0,0,0
y2203,20220218,20220218,133759500,13:38:00,10430,485,2188,50540740,0,0,0
y2203,20220218,20220218,133815500,13:38:17,10438,486,2189,50645120,1,1,104380
y2203,20220218,20220218,133816000,13:38:18,10438,486,2189,50645120,0,0,0
y2203,20220218,20220218,133830500,13:38:43,10438,486,2189,50645120,0,0,0
y2203,20220218,20220218,133855000,13:38:55,10438,486,2189,50645120,0,0,0
y2203,20220218,20220218,133914500,13:39:15,10438,486,2189,50645120,0,0,0
y2203,20220218,20220218,133915000,13:39:18,10438,486,2189,50645120,0,0,0
y2203,20220218,20220218,133915500,13:39:19,10438,486,2189,50645120,0,0,0
y2203,20220218,20220218,133919000,13:39:19,10438,486,2189,50645120,0,0,0
y2203,20220218,20220218,133930000,13:39:30,10438,486,2189,50645120,0,0,0
y2203,20220218,20220218,133932000,13:39:32,10438,486,2189,50645120,0,0,0
y2203,20220218,20220218,133932500,13:39:33,10438,486,2189,50645120,0,0,0
y2203,20220218,20220218,133934000,13:39:34,10438,486,2189,50645120,0,0,0
y2203,20220218,20220218,133935500,13:39:35,10438,486,2189,50645120,0,0,0
y2203,20220218,20220218,133936500,13:39:36,10438,486,2189,50645120,0,0,0
y2203,20220218,20220218,133940500,13:39:41,10438,486,2189,50645120,0,0,0
y2203,20220218,20220218,133945000,13:39:45,10438,486,2189,50645120,0,0,0
y2203,20220218,20220218,133945500,13:39:46,10438,486,2189,50645120,0,0,0
y2203,20220218,20220218,133946000,13:39:47,10438,486,2189,50645120,0,0,0
y2203,20220218,20220218,133946500,13:39:47,10438,486,2189,50645120,0,0,0
y2203,20220218,20220218,133947000,13:39:47,10438,486,2189,50645120,0,0,0
y2203,20220218,20220218,133952000,13:39:52,10438,486,2189,50645120,0,0,0
y2203,20220218,20220218,133952500,13:39:53,10438,486,2189,50645120,0,0,0
y2203,20220218,20220218,133953000,13:39:53,10438,486,2189,50645120,0,0,0
y2203,20220218,20220218,133955000,13:39:55,10438,486,2189,50645120,0,0,0
y2203,20220218,20220218,134010000,13:40:13,10438,486,2189,50645120,0,0,0
y2203,20220218,20220218,134058000,13:40:58,10438,486,2189,50645120,0,0,0
y2203,20220218,20220218,134100000,13:41:00,10438,486,2189,50645120,0,0,0
y2203,20220218,20220218,134100500,13:41:00,10438,486,2189,50645120,0,0,0
y2203,20220218,20220218,134101000,13:41:01,10438,486,2189,50645120,0,0,0
y2203,20220218,20220218,134102000,13:41:02,10452,491,2185,51167500,5,-4,522380
y2203,20220218,20220218,134102500,13:41:02,10452,491,2185,51167500,0,0,0
y2203,20220218,20220218,134103500,13:41:05,10430,492,2186,51271800,1,1,104300
y2203,20220218,20220218,134107500,13:41:09,10430,493,2187,51376100,1,1,104300
y2203,20220218,20220218,134109500,13:41:10,10430,494,2187,51480400,1,0,104300
y2203,20220218,20220218,134110000,13:41:10,10430,497,2187,51793300,3,0,312900
y2203,20220218,20220218,134116500,13:41:17,10430,497,2187,51793300,0,0,0
y2203,20220218,20220218,134117000,13:41:17,10424,498,2187,51897540,1,0,104240
y2203,20220218,20220218,134119500,13:41:19,10424,498,2187,51897540,0,0,0
y2203,20220218,20220218,134120000,13:41:20,10412,501,2189,52210020,3,2,312480
y2203,20220218,20220218,134120500,13:41:23,10412,501,2189,52210020,0,0,0
y2203,20220218,20220218,134126500,13:41:27,10412,501,2189,52210020,0,0,0
y2203,20220218,20220218,134134000,13:41:34,10412,501,2189,52210020,0,0,0
y2203,20220218,20220218,134137500,13:41:42,10412,501,2189,52210020,0,0,0
y2203,20220218,20220218,134140500,13:41:42,10412,501,2189,52210020,0,0,0
y2203,20220218,20220218,134141000,13:41:42,10412,501,2189,52210020,0,0,0
y2203,20220218,20220218,134143500,13:41:44,10412,501,2189,52210020,0,0,0
y2203,20220218,20220218,134144000,13:41:44,10412,501,2189,52210020,0,0,0
y2203,20220218,20220218,134146000,13:41:46,10412,501,2189,52210020,0,0,0
y2203,20220218,20220218,134146500,13:41:47,10412,501,2189,52210020,0,0,0
y2203,20220218,20220218,134147500,13:41:48,10412,501,2189,52210020,0,0,0
y2203,20220218,20220218,134150000,13:41:50,10412,501,2189,52210020,0,0,0
y2203,20220218,20220218,134150500,13:41:51,10412,501,2189,52210020,0,0,0
y2203,20220218,20220218,134152500,13:41:52,10412,501,2189,52210020,0,0,0
y2203,20220218,20220218,134153000,13:41:53,10412,501,2189,52210020,0,0,0
y2203,20220218,20220218,134153500,13:41:54,10412,501,2189,52210020,0,0,0
y2203,20220218,20220218,134158500,13:42:11,10412,501,2189,52210020,0,0,0
y2203,20220218,20220218,134219500,13:42:20,10412,501,2189,52210020,0,0,0
y2203,20220218,20220218,134224000,13:42:24,10412,501,2189,52210020,0,0,0
y2203,20220218,20220218,134224500,13:42:25,10412,501,2189,52210020,0,0,0
y2203,20220218,20220218,134257000,13:42:59,10412,501,2189,52210020,0,0,0
y2203,20220218,20220218,134313000,13:43:14,10412,501,2189,52210020,0,0,0
y2203,20220218,20220218,134315500,13:43:15,10412,501,2189,52210020,0,0,0
y2203,20220218,20220218,134318500,13:43:18,10412,501,2189,52210020,0,0,0
y2203,20220218,20220218,134351500,13:44:04,10412,501,2189,52210020,0,0,0
y2203,20220218,20220218,134401000,13:44:04,10412,501,2189,52210020,0,0,0
y2203,20220218,20220218,134425000,13:44:25,10412,501,2189,52210020,0,0,0
y2203,20220218,20220218,134515000,13:45:16,10412,501,2189,52210020,0,0,0
y2203,20220218,20220218,134538000,13:45:38,10412,501,2189,52210020,0,0,0
y2203,20220218,20220218,134558000,13:46:01,10412,501,2189,52210020,0,0,0
y2203,20220218,20220218,134603000,13:46:04,10412,501,2189,52210020,0,0,0
y2203,20220218,20220218,134614500,13:46:14,10412,501,2189,52210020,0,0,0
y2203,20220218,20220218,134616000,13:46:17,10412,501,2189,52210020,0,0,0
y2203,20220218,20220218,134618500,13:46:18,10412,501,2189,52210020,0,0,0
y2203,20220218,20220218,134629500,13:46:31,10412,501,2189,52210020,0,0,0
y2203,20220218,20220218,134711000,13:47:13,10412,501,2189,52210020,0,0,0
y2203,20220218,20220218,134720000,13:47:20,10412,501,2189,52210020,0,0,0
y2203,20220218,20220218,134720500,13:47:20,10412,501,2189,52210020,0,0,0
y2203,20220218,20220218,134745000,13:47:45,10412,501,2189,52210020,0,0,0
y2203,20220218,20220218,134939500,13:49:39,10412,502,2189,52314140,1,0,104120
y2203,20220218,20220218,134951500,13:49:51,10412,502,2189,52314140,0,0,0
y2203,20220218,20220218,134953500,13:49:54,10412,502,2189,52314140,0,0,0
y2203,20220218,20220218,135002000,13:50:02,10412,502,2189,52314140,0,0,0
y2203,20220218,20220218,135002500,13:50:02,10412,502,2189,52314140,0,0,0
y2203,20220218,20220218,135003000,13:50:03,10412,502,2189,52314140,0,0,0
y2203,20220218,20220218,135018500,13:50:27,10412,502,2189,52314140,0,0,0
y2203,20220218,20220218,135026000,13:50:27,10412,502,2189,52314140,0,0,0
y2203,20220218,20220218,135035000,13:50:37,10412,502,2189,52314140,0,0,0
y2203,20220218,20220218,135035500,13:50:37,10412,502,2189,52314140,0,0,0
y2203,20220218,20220218,135038500,13:50:39,10412,502,2189,52314140,0,0,0
y2203,20220218,20220218,135039000,13:50:39,10412,502,2189,52314140,0,0,0
y2203,20220218,20220218,135043000,13:50:43,10412,503,2189,52418420,1,0,104280
y2203,20220218,20220218,135118500,13:51:21,10412,503,2189,52418420,0,0,0
y2203,20220218,20220218,135123500,13:51:23,10412,503,2189,52418420,0,0,0
y2203,20220218,20220218,135126000,13:51:27,10412,503,2189,52418420,0,0,0
y2203,20220218,20220218,135126500,13:51:27,10412,503,2189,52418420,0,0,0
y2203,20220218,20220218,135128500,13:51:29,10412,503,2189,52418420,0,0,0
y2203,20220218,20220218,135129000,13:51:29,10412,503,2189,52418420,0,0,0
y2203,20220218,20220218,135130500,13:51:31,10428,506,2188,52731340,3,-1,312920
y2203,20220218,20220218,135143000,13:51:43,10428,506,2188,52731340,0,0,0
y2203,20220218,20220218,135152500,13:51:52,10428,506,2188,52731340,0,0,0
y2203,20220218,20220218,135156000,13:51:56,10428,506,2188,52731340,0,0,0
y2203,20220218,20220218,135201500,13:52:02,10428,506,2188,52731340,0,0,0
y2203,20220218,20220218,135202500,13:52:03,10428,506,2188,52731340,0,0,0
y2203,20220218,20220218,135205000,13:52:05,10428,506,2188,52731340,0,0,0
y2203,20220218,20220218,135222500,13:52:24,10428,506,2188,52731340,0,0,0
y2203,20220218,20220218,135225000,13:52:25,10428,506,2188,52731340,0,0,0
y2203,20220218,20220218,135226000,13:52:26,10428,506,2188,52731340,0,0,0
y2203,20220218,20220218,135226500,13:52:27,10428,506,2188,52731340,0,0,0
y2203,20220218,20220218,135227000,13:52:27,10428,506,2188,52731340,0,0,0
y2203,20220218,20220218,135228000,13:52:28,10428,506,2188,52731340,0,0,0
y2203,20220218,20220218,135228500,13:52:28,10428,506,2188,52731340,0,0,0
y2203,20220218,20220218,135229000,13:52:29,10428,506,2188,52731340,0,0,0
y2203,20220218,20220218,135318000,13:53:20,10428,506,2188,52731340,0,0,0
y2203,20220218,20220218,135321000,13:53:21,10428,506,2188,52731340,0,0,0
y2203,20220218,20220218,135326000,13:53:26,10428,507,2189,52835760,1,1,104420
y2203,20220218,20220218,135330000,13:53:30,10428,507,2189,52835760,0,0,0
y2203,20220218,20220218,135333500,13:53:33,10428,507,2189,52835760,0,0,0
y2203,20220218,20220218,135344000,13:53:45,10428,507,2189,52835760,0,0,0
y2203,20220218,20220218,135354000,13:53:54,10428,507,2189,52835760,0,0,0
y2203,20220218,20220218,135357000,13:53:57,10428,507,2189,52835760,0,0,0
y2203,20220218,20220218,135359500,13:54:08,10428,507,2189,52835760,0,0,0
y2203,20220218,20220218,135431500,13:54:32,10428,508,2188,52940040,1,-1,104280
y2203,20220218,20220218,135437500,13:54:37,10428,508,2188,52940040,0,0,0
y2203,20220218,20220218,135439000,13:54:39,10428,508,2188,52940040,0,0,0
y2203,20220218,20220218,135442000,13:54:42,10428,508,2188,52940040,0,0,0
y2203,20220218,20220218,135442500,13:54:43,10428,508,2188,52940040,0,0,0
y2203,20220218,20220218,135443000,13:54:44,10428,508,2188,52940040,0,0,0
y2203,20220218,20220218,135443500,13:54:44,10428,508,2188,52940040,0,0,0
y2203,20220218,20220218,135446500,13:54:47,10428,508,2188,52940040,0,0,0
y2203,20220218,20220218,135447000,13:54:47,10428,508,2188,52940040,0,0,0
y2203,20220218,20220218,135449000,13:54:49,10428,508,2188,52940040,0,0,0
y2203,20220218,20220218,135449500,13:54:49,10428,508,2188,52940040,0,0,0
y2203,20220218,20220218,135454000,13:54:54,10428,509,2189,53044520,1,1,104480
y2203,20220218,20220218,135456000,13:54:56,10452,510,2190,53149040,1,1,104520
y2203,20220218,20220218,135456500,13:54:56,10452,510,2190,53149040,0,0,0
y2203,20220218,20220218,135457500,13:54:57,10452,510,2190,53149040,0,0,0
y2203,20220218,20220218,135503000,13:55:03,10452,510,2190,53149040,0,0,0
y2203,20220218,20220218,135513500,13:55:15,10452,510,2190,53149040,0,0,0
y2203,20220218,20220218,135514000,13:55:15,10452,511,2191,53253640,1,1,104600
y2203,20220218,20220218,135518500,13:55:24,10452,511,2191,53253640,0,0,0
y2203,20220218,20220218,135524000,13:55:25,10452,511,2191,53253640,0,0,0
y2203,20220218,20220218,135525500,13:55:26,10452,511,2191,53253640,0,0,0
y2203,20220218,20220218,135531500,13:55:32,10452,511,2191,53253640,0,0,0
y2203,20220218,20220218,135554500,13:55:54,10452,511,2191,53253640,0,0,0
y2203,20220218,20220218,135558000,13:55:58,10452,511,2191,53253640,0,0,0
y2203,20220218,20220218,135618500,13:56:23,10452,511,2191,53253640,0,0,0
y2203,20220218,20220218,135639000,13:56:39,10452,511,2191,53253640,0,0,0
y2203,20220218,20220218,135642000,13:56:42,10452,511,2191,53253640,0,0,0
y2203,20220218,20220218,135648000,13:56:48,10452,511,2191,53253640,0,0,0
y2203,20220218,20220218,135657500,13:56:58,10452,511,2191,53253640,0,0,0
y2203,20220218,20220218,135704000,13:57:04,10452,512,2190,53358160,1,-1,104520
y2203,20220218,20220218,135704500,13:57:04,10452,512,2190,53358160,0,0,0
