IC2203,20220218,20220218,112003000,11:20:05,6805,29792,139680,40428620680,29792,-2423,40428620680
IC2203,20220218,20220218,112004500,11:20:09,6803.8,29809,139685,40451755360,17,5,23134680
IC2203,20220218,20220218,112005000,11:20:10,6803.8,29813,139687,40457198400,4,2,5443040
IC2203,20220218,20220218,112006000,11:20:10,6803.8,29813,139687,40457198400,0,0,0
IC2203,20220218,20220218,112006500,11:20:10,6803.6,29820,139692,40466723640,7,5,9525240
IC2203,20220218,20220218,112007000,11:20:10,6803.4,29825,139692,40473527040,5,0,6803400
IC2203,20220218,20220218,112007500,11:20:10,6803,29832,139692,40483050840,7,0,9523800
IC2203,20220218,20220218,112008000,11:20:10,6803,29832,139692,40483050840,0,0,0
IC2203,20220218,20220218,112008500,11:20:10,6803,29833,139693,40484411440,1,1,1360600
IC2203,20220218,20220218,112009000,11:20:10,6803,29834,139693,40485772040,1,0,1360600
IC2203,20220218,20220218,112010000,11:20:10,6803,29836,139693,40488493240,2,0,2721200
IC2203,20220218,20220218,112010500,11:20:10,6803,29838,139693,40491214440,2,0,2721200
IC2203,20220218,20220218,112011000,11:20:11,6803,29838,139693,40491214440,0,0,0
IC2203,20220218,20220218,112011500,11:20:12,6803,29839,139693,40492575040,1,0,1360600
IC2203,20220218,20220218,112012000,11:20:12,6803,29843,139693,40498017520,4,0,5442480
IC2203,20220218,20220218,112012500,11:20:12,6803.4,29846,139691,40502099480,3,-2,4081960
IC2203,20220218,20220218,112013000,11:20:13,6803.2,29850,139691,40507542040,4,0,5442560
IC2203,20220218,20220218,112013500,11:20:13,6803.4,29854,139688,40512984760,4,-3,5442720
IC2203,20220218,20220218,112014000,11:20:14,6803.4,29854,139688,40512984760,0,0,0
IC2203,20220218,20220218,112014500,11:20:14,6803,29855,139688,40514345360,1,0,1360600
IC2203,20220218,20220218,112015000,11:20:15,6803,29855,139688,40514345360,0,0,0
IC2203,20220218,20220218,112015500,11:20:16,6803,29855,139688,40514345360,0,0,0
IC2203,20220218,20220218,112016000,11:20:16,6803,29856,139687,40515705960,1,-1,1360600
IC2203,20220218,20220218,112016500,11:20:16,6802.4,29860,139690,40521148040,4,3,5442080
IC2203,20220218,20220218,112017500,11:20:17,6802.2,29861,139690,40522508480,1,0,1360440
IC2203,20220218,20220218,112018000,11:20:18,6802.2,29862,139689,40523868920,1,-1,1360440
IC2203,20220218,20220218,112018500,11:20:18,6802.2,29862,139689,40523868920,0,0,0
IC2203,20220218,20220218,112019000,11:20:19,6802.2,29862,139689,40523868920,0,0,0
IC2203,20220218,20220218,112019500,11:20:20,6802.2,29862,139689,40523868920,0,0,0
IC2203,20220218,20220218,112020000,11:20:20,6802.2,29862,139689,40523868920,0,0,0
IC2203,20220218,20220218,112020500,11:20:21,6802.2,29862,139689,40523868920,0,0,0
IC2203,20220218,20220218,112021000,11:20:21,6802.2,29862,139689,40523868920,0,0,0
IC2203,20220218,20220218,112021500,11:20:21,6802.2,29864,139691,40526589800,2,2,2720880
IC2203,20220218,20220218,112022000,11:20:22,6802.2,29864,139691,40526589800,0,0,0
IC2203,20220218,20220218,112022500,11:20:23,6802.2,29866,139691,40529310640,2,0,2720840
IC2203,20220218,20220218,112023000,11:20:23,6802.2,29867,139692,40530671080,1,1,1360440
IC2203,20220218,20220218,112024000,11:20:24,6802.2,29868,139692,40532031520,1,0,1360440
IC2203,20220218,20220218,112024500,11:20:24,6802.2,29869,139693,40533391960,1,1,1360440
IC2203,20220218,20220218,112025000,11:20:25,6802.2,29872,139696,40537473280,3,3,4081320
IC2203,20220218,20220218,112025500,11:20:26,6802.4,29878,139696,40545636160,6,0,8162880
IC2203,20220218,20220218,112026000,11:20:26,6802.4,29878,139696,40545636160,0,0,0
IC2203,20220218,20220218,112028500,11:20:28,6802.4,29878,139696,40545636160,0,0,0
IC2203,20220218,20220218,112029000,11:20:29,6803,29883,139697,40552439160,5,1,6803000
IC2203,20220218,20220218,112029500,11:20:31,6802.2,29892,139693,40564683920,9,-4,12244760
IC2203,20220218,20220218,112030000,11:20:31,6802.2,29892,139693,40564683920,0,0,0
IC2203,20220218,20220218,112030500,11:20:31,6802.2,29895,139696,40568765240,3,3,4081320
IC2203,20220218,20220218,112031000,11:20:32,6802.2,29895,139696,40568765240,0,0,0
IC2203,20220218,20220218,112031500,11:20:32,6802.2,29896,139697,40570125680,1,1,1360440
IC2203,20220218,20220218,112032000,11:20:32,6802.2,29897,139698,40571486120,1,1,1360440
IC2203,20220218,20220218,112032500,11:20:32,6802.8,29898,139699,40572846680,1,1,1360560
IC2203,20220218,20220218,112033000,11:20:33,6803,29900,139700,40575567840,2,1,2721160
IC2203,20220218,20220218,112033500,11:20:33,6803,29900,139700,40575567840,0,0,0
IC2203,20220218,20220218,112034000,11:20:34,6803,29900,139700,40575567840,0,0,0
IC2203,20220218,20220218,112034500,11:20:35,6802.4,29901,139700,40576928320,1,0,1360480
IC2203,20220218,20220218,112035000,11:20:35,6802.4,29902,139700,40578288800,1,0,1360480
IC2203,20220218,20220218,112035500,11:20:35,6802.4,29902,139700,40578288800,0,0,0
IC2203,20220218,20220218,112036000,11:20:36,6802.4,29902,139700,40578288800,0,0,0
IC2203,20220218,20220218,112036500,11:20:37,6802.4,29902,139700,40578288800,0,0,0
IC2203,20220218,20220218,112037000,11:20:37,6802.4,29906,139704,40583730720,4,4,5441920
IC2203,20220218,20220218,112037500,11:20:38,6803,29908,139704,40586451800,2,0,2721080
IC2203,20220218,20220218,112038000,11:20:38,6803,29908,139704,40586451800,0,0,0
IC2203,20220218,20220218,112039000,11:20:39,6803.6,29912,139708,40591894680,4,4,5442880
IC2203,20220218,20220218,112039500,11:20:40,6803.2,29916,139709,40597337160,4,1,5442480
IC2203,20220218,20220218,112040000,11:20:40,6803.2,29916,139709,40597337160,0,0,0
IC2203,20220218,20220218,112040500,11:20:41,6802.4,29918,139711,40600058120,2,2,2720960
IC2203,20220218,20220218,112041000,11:20:41,6803.2,29923,139713,40606861200,5,2,6803080
IC2203,20220218,20220218,112041500,11:20:41,6803.2,29923,139713,40606861200,0,0,0
IC2203,20220218,20220218,112042000,11:20:42,6803.2,29923,139713,40606861200,0,0,0
IC2203,20220218,20220218,112043000,11:20:43,6803.4,29926,139716,40610943240,3,3,4082040
IC2203,20220218,20220218,112043500,11:20:44,6803.4,29927,139717,40612303920,1,1,1360680
IC2203,20220218,20220218,112044500,11:20:45,6803.4,29927,139717,40612303920,0,0,0
IC2203,20220218,20220218,112045000,11:20:45,6803.4,29927,139717,40612303920,0,0,0
IC2203,20220218,20220218,112045500,11:20:46,6803.4,29930,139719,40616386040,3,2,4082120
IC2203,20220218,20220218,112046000,11:20:46,6804,29936,139720,40624550640,6,1,8164600
IC2203,20220218,20220218,112046500,11:20:46,6804,29939,139720,40628633040,3,0,4082400
IC2203,20220218,20220218,112047000,11:20:48,6804,29939,139720,40628633040,0,0,0
IC2203,20220218,20220218,112047500,11:20:48,6804,29939,139720,40628633040,0,0,0
IC2203,20220218,20220218,112048000,11:20:48,6804,29940,139719,40629993840,1,-1,1360800
IC2203,20220218,20220218,112048500,11:20:50,6804,29940,139719,40629993840,0,0,0
IC2203,20220218,20220218,112049000,11:20:50,6804,29940,139719,40629993840,0,0,0
IC2203,20220218,20220218,112049500,11:20:50,6804,29940,139719,40629993840,0,0,0
IC2203,20220218,20220218,112050500,11:20:50,6804,29940,139719,40629993840,0,0,0
IC2203,20220218,20220218,112051000,11:20:51,6804,29940,139719,40629993840,0,0,0
IC2203,20220218,20220218,112051500,11:20:52,6804,29940,139719,40629993840,0,0,0
IC2203,20220218,20220218,112052000,11:20:53,6804,29940,139719,40629993840,0,0,0
IC2203,20220218,20220218,112052500,11:20:53,6803.6,29942,139721,40632715280,2,2,2721440
IC2203,20220218,20220218,112053000,11:20:53,6804.2,29948,139726,40640880240,6,5,8164960
IC2203,20220218,20220218,112053500,11:20:53,6804.2,29948,139726,40640880240,0,0,0
IC2203,20220218,20220218,112054000,11:20:54,6804.2,29948,139726,40640880240,0,0,0
IC2203,20220218,20220218,112054500,11:20:55,6804.2,29948,139726,40640880240,0,0,0
IC2203,20220218,20220218,112055500,11:20:56,6804.2,29948,139726,40640880240,0,0,0
IC2203,20220218,20220218,112056000,11:20:56,6804.2,29948,139726,40640880240,0,0,0
IC2203,20220218,20220218,112056500,11:20:57,6804,29949,139727,40642241040,1,1,1360800
IC2203,20220218,20220218,112057000,11:20:58,6804,29949,139727,40642241040,0,0,0
IC2203,20220218,20220218,112057500,11:20:58,6804,29950,139727,40643601840,1,0,1360800
IC2203,20220218,20220218,112058000,11:20:59,6804,29950,139727,40643601840,0,0,0
IC2203,20220218,20220218,112058500,11:20:59,6803.8,29954,139730,40649045120,4,3,5443280
IC2203,20220218,20220218,112059000,11:21:00,6803.8,29954,139730,40649045120,0,0,0
IC2203,20220218,20220218,112059500,11:21:00,6803.8,29956,139730,40651766640,2,0,2721520
IC2203,20220218,20220218,112100000,11:21:00,6803.8,29958,139728,40654488160,2,-2,2721520
IC2203,20220218,20220218,112100500,11:21:01,6803.8,29959,139728,40655848920,1,0,1360760
IC2203,20220218,20220218,112101000,11:21:01,6803.8,29959,139728,40655848920,0,0,0
IC2203,20220218,20220218,112102000,11:21:03,6803.8,29959,139728,40655848920,0,0,0
IC2203,20220218,20220218,112102500,11:21:03,6803.8,29959,139728,40655848920,0,0,0
IC2203,20220218,20220218,112104500,11:21:05,6803.6,29960,139728,40657209640,1,0,1360720
IC2203,20220218,20220218,112105000,11:21:06,6803.6,29960,139728,40657209640,0,0,0
IC2203,20220218,20220218,112105500,11:21:07,6803.6,29960,139728,40657209640,0,0,0
IC2203,20220218,20220218,112106000,11:21:07,6803.6,29960,139728,40657209640,0,0,0
IC2203,20220218,20220218,112106500,11:21:08,6803.6,29960,139728,40657209640,0,0,0
IC2203,20220218,20220218,112107000,11:21:10,6803.6,29960,139728,40657209640,0,0,0
IC2203,20220218,20220218,112107500,11:21:10,6803.6,29960,139728,40657209640,0,0,0
IC2203,20220218,20220218,112110000,11:21:10,6803.8,29967,139733,40666734600,7,5,9524960
IC2203,20220218,20220218,112110500,11:21:11,6802.6,29968,139733,40668095120,1,0,1360520
IC2203,20220218,20220218,112111000,11:21:11,6802.6,29968,139733,40668095120,0,0,0
IC2203,20220218,20220218,112111500,11:21:12,6802.6,29968,139733,40668095120,0,0,0
IC2203,20220218,20220218,112112000,11:21:12,6802.6,29968,139733,40668095120,0,0,0
IC2203,20220218,20220218,112112500,11:21:13,6802.6,29969,139734,40669455640,1,1,1360520
IC2203,20220218,20220218,112113000,11:21:13,6802.6,29972,139734,40673537200,3,0,4081560
IC2203,20220218,20220218,112113500,11:21:13,6803.6,29976,139734,40678979480,4,0,5442280
IC2203,20220218,20220218,112114000,11:21:14,6803.8,29977,139735,40680340240,1,1,1360760
IC2203,20220218,20220218,112114500,11:21:15,6803.8,29977,139735,40680340240,0,0,0
IC2203,20220218,20220218,112115500,11:21:15,6804,29979,139737,40683061840,2,2,2721600
IC2203,20220218,20220218,112116000,11:21:16,6804,29979,139737,40683061840,0,0,0
IC2203,20220218,20220218,112116500,11:21:17,6804,29979,139737,40683061840,0,0,0
IC2203,20220218,20220218,112117000,11:21:17,6804,29979,139737,40683061840,0,0,0
IC2203,20220218,20220218,112117500,11:21:18,6804,29979,139737,40683061840,0,0,0
IC2203,20220218,20220218,112118000,11:21:18,6804.4,29980,139737,40684422720,1,0,1360880
IC2203,20220218,20220218,112118500,11:21:18,6804.4,29980,139737,40684422720,0,0,0
IC2203,20220218,20220218,112119000,11:21:19,6804.4,29981,139737,40685783600,1,0,1360880
IC2203,20220218,20220218,112119500,11:21:20,6804.6,29983,139738,40688505440,2,1,2721840
IC2203,20220218,20220218,112120000,11:21:20,6804.4,29985,139739,40691227240,2,1,2721800
IC2203,20220218,20220218,112120500,11:21:22,6804.4,29986,139740,40692588120,1,1,1360880
IC2203,20220218,20220218,112121000,11:21:22,6804.4,29988,139741,40695309880,2,1,2721760
IC2203,20220218,20220218,112121500,11:21:22,6803.8,29991,139743,40699392160,3,2,4082280
IC2203,20220218,20220218,112122000,11:21:22,6803.8,29993,139744,40702113680,2,1,2721520
IC2203,20220218,20220218,112122500,11:21:22,6803.8,29994,139744,40703474440,1,0,1360760
IC2203,20220218,20220218,112123000,11:21:23,6803.2,29996,139745,40706195720,2,1,2721280
IC2203,20220218,20220218,112123500,11:21:24,6803.2,29996,139745,40706195720,0,0,0
IC2203,20220218,20220218,112124000,11:21:24,6803.2,29999,139744,40710277640,3,-1,4081920
IC2203,20220218,20220218,112125000,11:23:32,6803.2,29999,139744,40710277640,0,0,0
IC2203,20220218,20220218,112332500,11:23:33,6803.2,29999,139744,40710277640,0,0,0
IC2203,20220218,20220218,112334000,11:23:34,6803.2,29999,139744,40710277640,0,0,0
IC2203,20220218,20220218,112334500,11:23:34,6805.4,30249,139814,41050596280,250,70,340318640
IC2203,20220218,20220218,112335000,11:23:35,6805.4,30249,139814,41050596280,0,0,0
IC2203,20220218,20220218,112338000,11:23:38,6805.4,30250,139815,41051957360,1,1,1361080
IC2203,20220218,20220218,112338500,11:23:38,6805.4,30250,139815,41051957360,0,0,0
IC2203,20220218,20220218,112339000,11:23:39,6805.4,30250,139815,41051957360,0,0,0
IC2203,20220218,20220218,112339500,11:23:39,6805.6,30252,139816,41054679600,2,1,2722240
IC2203,20220218,20220218,112340000,11:23:40,6805.6,30252,139816,41054679600,0,0,0
IC2203,20220218,20220218,112340500,11:23:40,6805.6,30252,139816,41054679600,0,0,0
IC2203,20220218,20220218,112341000,11:23:41,6805.6,30254,139817,41057401880,2,1,2722280
IC2203,20220218,20220218,112341500,11:23:42,6805.6,30254,139817,41057401880,0,0,0
IC2203,20220218,20220218,112342000,11:23:42,6805.6,30254,139817,41057401880,0,0,0
IC2203,20220218,20220218,112342500,11:23:43,6806.4,30256,139818,41060124280,2,1,2722400
IC2203,20220218,20220218,112343000,11:23:43,6806.4,30256,139818,41060124280,0,0,0
IC2203,20220218,20220218,112343500,11:23:43,6806,30257,139819,41061485480,1,1,1361200
IC2203,20220218,20220218,112344000,11:23:48,6806,30257,139819,41061485480,0,0,0
IC2203,20220218,20220218,112344500,11:23:48,6805.8,30258,139820,41062846640,1,1,1361160
IC2203,20220218,20220218,112345000,11:23:48,6805.8,30259,139821,41064207800,1,1,1361160
IC2203,20220218,20220218,112345500,11:23:48,6805.8,30259,139821,41064207800,0,0,0
IC2203,20220218,20220218,112348000,11:23:48,6805.2,30264,139824,41071013560,5,3,6805760
IC2203,20220218,20220218,112348500,11:23:49,6805.4,30267,139827,41075096720,3,3,4083160
IC2203,20220218,20220218,112349000,11:23:49,6805.2,30268,139828,41076457760,1,1,1361040
IC2203,20220218,20220218,112349500,11:23:50,6805.2,30268,139828,41076457760,0,0,0
IC2203,20220218,20220218,112352000,11:23:52,6805.2,30268,139828,41076457760,0,0,0
IC2203,20220218,20220218,112352500,11:23:52,6805.2,30270,139829,41079179800,2,1,2722040
IC2203,20220218,20220218,112353000,11:23:53,6805,30272,139827,41081901840,2,-2,2722040
IC2203,20220218,20220218,112353500,11:23:53,6805,30272,139827,41081901840,0,0,0
IC2203,20220218,20220218,112354000,11:23:54,6805,30272,139827,41081901840,0,0,0
IC2203,20220218,20220218,112355000,11:23:55,6804.4,30273,139828,41083262720,1,1,1360880
IC2203,20220218,20220218,112355500,11:23:55,6804.4,30273,139828,41083262720,0,0,0
IC2203,20220218,20220218,112356000,11:23:56,6804.4,30273,139828,41083262720,0,0,0
IC2203,20220218,20220218,112356500,11:23:56,6804.4,30273,139828,41083262720,0,0,0
IC2203,20220218,20220218,112357000,11:23:57,6805.6,30277,139831,41088707240,4,3,5444520
IC2203,20220218,20220218,112357500,11:23:57,6806,30280,139830,41092790760,3,-1,4083520
IC2203,20220218,20220218,112358000,11:23:58,6805.8,30284,139834,41098235400,4,4,5444640
IC2203,20220218,20220218,112358500,11:23:58,6805,30285,139835,41099596400,1,1,1361000
IC2203,20220218,20220218,112359000,11:23:59,6805.4,30287,139837,41102318800,2,2,2722400
IC2203,20220218,20220218,112359500,11:23:59,6805.4,30287,139837,41102318800,0,0,0
IC2203,20220218,20220218,112400000,11:24:00,6805.6,30289,139839,41105041040,2,2,2722240
IC2203,20220218,20220218,112400500,11:24:00,6805.6,30289,139839,41105041040,0,0,0
IC2203,20220218,20220218,112401000,11:24:01,6805.8,30290,139839,41106402200,1,0,1361160
IC2203,20220218,20220218,112401500,11:24:01,6805.8,30291,139840,41107763360,1,1,1361160
IC2203,20220218,20220218,112402000,11:24:02,6805.8,30292,139841,41109124520,1,1,1361160
IC2203,20220218,20220218,112402500,11:24:02,6805.8,30292,139841,41109124520,0,0,0
IC2203,20220218,20220218,112403000,11:24:03,6806,30294,139843,41111846920,2,2,2722400
IC2203,20220218,20220218,112403500,11:24:04,6806,30296,139845,41114569240,2,2,2722320
IC2203,20220218,20220218,112404000,11:24:04,6806,30296,139845,41114569240,0,0,0
IC2203,20220218,20220218,112404500,11:24:04,6806,30296,139845,41114569240,0,0,0
IC2203,20220218,20220218,112405000,11:24:05,6806.2,30302,139849,41122735600,6,4,8166360
IC2203,20220218,20220218,112405500,11:24:05,6806.2,30306,139852,41128180560,4,3,5444960
IC2203,20220218,20220218,112406000,11:24:06,6806.4,30307,139852,41129541840,1,0,1361280
IC2203,20220218,20220218,112406500,11:24:06,6806.4,30307,139852,41129541840,0,0,0
IC2203,20220218,20220218,112407000,11:24:07,6806.8,30308,139853,41130903200,1,1,1361360
IC2203,20220218,20220218,112407500,11:24:08,6807.2,30313,139858,41137710240,5,5,6807040
IC2203,20220218,20220218,112408000,11:24:08,6807.2,30313,139858,41137710240,0,0,0
IC2203,20220218,20220218,112408500,11:24:08,6807.2,30313,139858,41137710240,0,0,0
IC2203,20220218,20220218,112409000,11:24:11,6807,30314,139859,41139071640,1,1,1361400
IC2203,20220218,20220218,112409500,11:24:12,6807,30314,139859,41139071640,0,0,0
IC2203,20220218,20220218,112410000,11:24:12,6807,30314,139859,41139071640,0,0,0
IC2203,20220218,20220218,112410500,11:24:12,6807,30314,139859,41139071640,0,0,0
IC2203,20220218,20220218,112411500,11:24:12,6808,30318,139862,41144517920,4,3,5446280
IC2203,20220218,20220218,112412000,11:24:12,6808,30318,139862,41144517920,0,0,0
IC2203,20220218,20220218,112412500,11:24:13,6808,30319,139863,41145879520,1,1,1361600
IC2203,20220218,20220218,112413000,11:24:14,6808,30319,139863,41145879520,0,0,0
IC2203,20220218,20220218,112413500,11:24:14,6808,30320,139864,41147241120,1,1,1361600
IC2203,20220218,20220218,112414000,11:24:14,6808,30320,139864,41147241120,0,0,0
IC2203,20220218,20220218,112414500,11:24:15,6808,30322,139866,41149964320,2,2,2723200
IC2203,20220218,20220218,112415000,11:24:15,6808,30322,139866,41149964320,0,0,0
IC2203,20220218,20220218,112415500,11:24:15,6808,30322,139866,41149964320,0,0,0
IC2203,20220218,20220218,112416000,11:24:16,6808,30322,139866,41149964320,0,0,0
IC2203,20220218,20220218,112417000,11:24:17,6808,30322,139866,41149964320,0,0,0
IC2203,20220218,20220218,112417500,11:24:18,6808,30322,139866,41149964320,0,0,0
IC2203,20220218,20220218,112418000,11:24:18,6808,30324,139868,41152687520,2,2,2723200
IC2203,20220218,20220218,112419500,11:24:20,6808,30324,139868,41152687520,0,0,0
IC2203,20220218,20220218,112420000,11:24:20,6808.6,30326,139868,41155410960,2,0,2723440
IC2203,20220218,20220218,112420500,11:24:21,6808.8,30327,139868,41156772720,1,0,1361760
IC2203,20220218,20220218,112421000,11:24:21,6808.4,30328,139868,41158134400,1,0,1361680
IC2203,20220218,20220218,112421500,11:24:22,6808.4,30328,139868,41158134400,0,0,0
IC2203,20220218,20220218,112422000,11:24:22,6808.4,30328,139868,41158134400,0,0,0
IC2203,20220218,20220218,112422500,11:24:23,6809,30329,139868,41159496200,1,0,1361800
IC2203,20220218,20220218,112423000,11:24:23,6808.6,30331,139869,41162219720,2,1,2723520
IC2203,20220218,20220218,112423500,11:24:24,6808.8,30332,139869,41163581480,1,0,1361760
IC2203,20220218,20220218,112424000,11:24:24,6808.8,30334,139871,41166305040,2,2,2723560
IC2203,20220218,20220218,112424500,11:24:24,6809.6,30335,139872,41167666960,1,1,1361920
IC2203,20220218,20220218,112425000,11:24:25,6809.6,30335,139872,41167666960,0,0,0
IC2203,20220218,20220218,112425500,11:24:25,6808.6,30339,139875,41173113800,4,3,5446840
IC2203,20220218,20220218,112426000,11:24:26,6808.6,30339,139875,41173113800,0,0,0
IC2203,20220218,20220218,112426500,11:24:26,6808.4,30340,139876,41174475480,1,1,1361680
IC2203,20220218,20220218,112427000,11:24:27,6809.2,30341,139877,41175837320,1,1,1361840
IC2203,20220218,20220218,112427500,11:24:28,6809.2,30341,139877,41175837320,0,0,0
IC2203,20220218,20220218,112428000,11:24:28,6809.2,30341,139877,41175837320,0,0,0
IC2203,20220218,20220218,112428500,11:24:28,6809.2,30342,139877,41177199160,1,0,1361840
IC2203,20220218,20220218,112429000,11:24:29,6809.2,30342,139877,41177199160,0,0,0
IC2203,20220218,20220218,112429500,11:24:29,6808.2,30344,139877,41179922640,2,0,2723480
IC2203,20220218,20220218,112430000,11:24:30,6808.2,30344,139877,41179922640,0,0,0
IC2203,20220218,20220218,112430500,11:24:30,6808.2,30344,139877,41179922640,0,0,0
IC2203,20220218,20220218,112431000,11:24:31,6808.4,30346,139879,41182645960,2,2,2723320
IC2203,20220218,20220218,112431500,11:24:31,6808.4,30346,139879,41182645960,0,0,0
IC2203,20220218,20220218,112432000,11:24:32,6808.2,30348,139881,41185369240,2,2,2723280
IC2203,20220218,20220218,112432500,11:24:33,6808.2,30348,139881,41185369240,0,0,0
IC2203,20220218,20220218,112433000,11:24:33,6808.2,30348,139881,41185369240,0,0,0
IC2203,20220218,20220218,112433500,11:24:33,6808.2,30348,139881,41185369240,0,0,0
IC2203,20220218,20220218,112434000,11:24:34,6809.2,30349,139881,41186731080,1,0,1361840
IC2203,20220218,20220218,112434500,11:24:34,6809.2,30349,139881,41186731080,0,0,0
IC2203,20220218,20220218,112435000,11:24:35,6809.2,30349,139881,41186731080,0,0,0
IC2203,20220218,20220218,112436000,11:24:36,6809.2,30349,139881,41186731080,0,0,0
IC2203,20220218,20220218,112436500,11:24:36,6808.2,30351,139882,41189454400,2,1,2723320
IC2203,20220218,20220218,112437000,11:24:37,6808,30352,139883,41190816000,1,1,1361600
IC2203,20220218,20220218,112437500,11:24:39,6808,30352,139883,41190816000,0,0,0
IC2203,20220218,20220218,112438000,11:24:39,6808,30352,139883,41190816000,0,0,0
IC2203,20220218,20220218,112438500,11:24:39,6809,30357,139888,41197624960,5,5,6808960
IC2203,20220218,20220218,112439000,11:24:40,6809,30357,139888,41197624960,0,0,0
IC2203,20220218,20220218,112439500,11:24:40,6809,30360,139891,41201710360,3,3,4085400
IC2203,20220218,20220218,112440000,11:24:40,6809,30360,139891,41201710360,0,0,0
IC2203,20220218,20220218,112440500,11:24:40,6809,30362,139893,41204433960,2,2,2723600
IC2203,20220218,20220218,112441000,11:24:41,6809,30362,139893,41204433960,0,0,0
IC2203,20220218,20220218,112442000,11:24:42,6809,30362,139893,41204433960,0,0,0
IC2203,20220218,20220218,112443000,11:24:43,6809,30362,139893,41204433960,0,0,0
IC2203,20220218,20220218,112443500,11:24:43,6809.4,30363,139894,41205795840,1,1,1361880
IC2203,20220218,20220218,112444000,11:24:44,6809.4,30363,139894,41205795840,0,0,0
IC2203,20220218,20220218,112444500,11:24:44,6809.4,30364,139894,41207157720,1,0,1361880
IC2203,20220218,20220218,112445000,11:24:45,6809.4,30364,139894,41207157720,0,0,0
IC2203,20220218,20220218,112445500,11:24:45,6809.4,30365,139895,41208519600,1,1,1361880
IC2203,20220218,20220218,112446000,11:24:46,6809.4,30365,139895,41208519600,0,0,0
IC2203,20220218,20220218,112446500,11:24:46,6809.4,30365,139895,41208519600,0,0,0
IC2203,20220218,20220218,112448500,11:24:49,6809.4,30365,139895,41208519600,0,0,0
IC2203,20220218,20220218,112449000,11:24:49,6809.8,30366,139895,41209881560,1,0,1361960
IC2203,20220218,20220218,112452000,11:24:52,6809.4,30367,139895,41211243440,1,0,1361880
IC2203,20220218,20220218,112452500,11:24:52,6809.4,30368,139896,41212605320,1,1,1361880
IC2203,20220218,20220218,112453000,11:24:53,6809.6,30374,139901,41220776640,6,5,8171320
IC2203,20220218,20220218,112453500,11:24:53,6809.8,30376,139899,41223500520,2,-2,2723880
IC2203,20220218,20220218,112454000,11:24:54,6809.4,30377,139900,41224862400,1,1,1361880
IC2203,20220218,20220218,112454500,11:24:54,6809.4,30377,139900,41224862400,0,0,0
IC2203,20220218,20220218,112455000,11:24:55,6809.4,30377,139900,41224862400,0,0,0
IC2203,20220218,20220218,112455500,11:24:56,6809.4,30377,139900,41224862400,0,0,0
IC2203,20220218,20220218,112456000,11:24:56,6809.4,30377,139900,41224862400,0,0,0
IC2203,20220218,20220218,112456500,11:24:56,6808.8,30379,139902,41227585920,2,2,2723520
IC2203,20220218,20220218,112457000,11:24:57,6808.6,30381,139902,41230309360,2,0,2723440
IC2203,20220218,20220218,112457500,11:24:57,6808.8,30382,139903,41231671120,1,1,1361760
IC2203,20220218,20220218,112458000,11:24:58,6808.8,30383,139904,41233032880,1,1,1361760
IC2203,20220218,20220218,112458500,11:24:58,6808.2,30385,139904,41235756160,2,0,2723280
IC2203,20220218,20220218,112459000,11:24:59,6808.2,30385,139904,41235756160,0,0,0
IC2203,20220218,20220218,112459500,11:24:59,6808.8,30386,139905,41237117920,1,1,1361760
IC2203,20220218,20220218,112500000,11:25:01,6809,30387,139905,41238479720,1,0,1361800
IC2203,20220218,20220218,112500500,11:25:01,6809,30387,139905,41238479720,0,0,0
IC2203,20220218,20220218,112501000,11:25:02,6809.2,30388,139905,41239841560,1,0,1361840
IC2203,20220218,20220218,112501500,11:25:05,6809.2,30389,139905,41241203400,1,0,1361840
IC2203,20220218,20220218,112502000,11:25:05,6809.8,30393,139908,41246651000,4,3,5447600
IC2203,20220218,20220218,112502500,11:25:06,6810.6,30404,139907,41261633080,11,-1,14982080
IC2203,20220218,20220218,112504500,11:25:06,6811.2,30414,139915,41275255600,10,8,13622520
IC2203,20220218,20220218,112505500,11:25:06,6811.4,30417,139915,41279342360,3,0,4086760
IC2203,20220218,20220218,112506000,11:25:07,6811.2,30418,139915,41280704600,1,0,1362240
IC2203,20220218,20220218,112507000,11:25:07,6811.2,30418,139915,41280704600,0,0,0
IC2203,20220218,20220218,112507500,11:25:07,6811.2,30420,139917,41283429080,2,2,2724480
IC2203,20220218,20220218,112508000,11:25:08,6811.2,30420,139917,41283429080,0,0,0
IC2203,20220218,20220218,112509000,11:25:09,6811.2,30420,139917,41283429080,0,0,0
IC2203,20220218,20220218,112509500,11:25:10,6811,30421,139917,41284791280,1,0,1362200
IC2203,20220218,20220218,112510000,11:25:10,6810.8,30423,139919,41287515640,2,2,2724360
IC2203,20220218,20220218,112510500,11:25:10,6810.8,30424,139919,41288877800,1,0,1362160
IC2203,20220218,20220218,112511000,11:25:11,6810.8,30426,139919,41291602120,2,0,2724320
IC2203,20220218,20220218,112511500,11:25:11,6810.8,30430,139922,41297050760,4,3,5448640
IC2203,20220218,20220218,112512000,11:25:12,6810.8,30430,139922,41297050760,0,0,0
IC2203,20220218,20220218,112512500,11:25:12,6811,30431,139922,41298412960,1,0,1362200
IC2203,20220218,20220218,112513000,11:25:13,6811.2,30432,139923,41299775200,1,1,1362240
IC2203,20220218,20220218,112513500,11:25:15,6811.4,30438,139929,41307948880,6,6,8173680
IC2203,20220218,20220218,112514000,11:25:15,6811.4,30438,139929,41307948880,0,0,0
IC2203,20220218,20220218,112514500,11:25:16,6811.4,30438,139929,41307948880,0,0,0
IC2203,20220218,20220218,112515000,11:25:16,6811.4,30438,139929,41307948880,0,0,0
IC2203,20220218,20220218,112515500,11:25:16,6811.8,30440,139930,41310673520,2,1,2724640
IC2203,20220218,20220218,112516000,11:25:16,6811.8,30441,139931,41312035880,1,1,1362360
IC2203,20220218,20220218,112516500,11:25:16,6811.8,30443,139933,41314760600,2,2,2724720
IC2203,20220218,20220218,112517000,11:25:18,6811.8,30444,139934,41316122960,1,1,1362360
IC2203,20220218,20220218,112517500,11:25:18,6811.8,30448,139933,41321572400,4,-1,5449440
IC2203,20220218,20220218,112518000,11:25:19,6811.8,30450,139933,41324296960,2,0,2724560
IC2203,20220218,20220218,112518500,11:25:19,6810.8,30453,139936,41328383520,3,3,4086560
IC2203,20220218,20220218,112519000,11:25:19,6811.6,30459,139941,41336557120,6,5,8173600
IC2203,20220218,20220218,112519500,11:25:19,6810.8,30460,139941,41337919280,1,0,1362160
IC2203,20220218,20220218,112520000,11:25:21,6810.8,30460,139941,41337919280,0,0,0
IC2203,20220218,20220218,112520500,11:25:21,6810.8,30460,139941,41337919280,0,0,0
IC2203,20220218,20220218,112521000,11:25:22,6811.4,30463,139944,41342006120,3,3,4086840
IC2203,20220218,20220218,112521500,11:25:22,6811.4,30463,139944,41342006120,0,0,0
IC2203,20220218,20220218,112522000,11:25:22,6811.4,30463,139944,41342006120,0,0,0
IC2203,20220218,20220218,112522500,11:25:22,6810.8,30464,139945,41343368280,1,1,1362160
IC2203,20220218,20220218,112523000,11:25:23,6810.8,30465,139946,41344730440,1,1,1362160
IC2203,20220218,20220218,112523500,11:25:24,6810.8,30465,139946,41344730440,0,0,0
IC2203,20220218,20220218,112524000,11:25:25,6810.2,30466,139947,41346092480,1,1,1362040
IC2203,20220218,20220218,112524500,11:25:25,6810.2,30466,139947,41346092480,0,0,0
IC2203,20220218,20220218,112525000,11:25:25,6810.2,30466,139947,41346092480,0,0,0
IC2203,20220218,20220218,112525500,11:25:26,6811.2,30467,139947,41347454720,1,0,1362240
IC2203,20220218,20220218,112526000,11:25:26,6811.2,30468,139948,41348816960,1,1,1362240
IC2203,20220218,20220218,112526500,11:25:27,6811.2,30468,139948,41348816960,0,0,0
IC2203,20220218,20220218,112527000,11:25:27,6811.4,30470,139950,41351541520,2,2,2724560
IC2203,20220218,20220218,112527500,11:25:28,6811.4,30471,139950,41352903800,1,0,1362280
IC2203,20220218,20220218,112528000,11:25:28,6811.4,30471,139950,41352903800,0,0,0
IC2203,20220218,20220218,112528500,11:25:28,6811.4,30476,139949,41359715360,5,-1,6811560
IC2203,20220218,20220218,112529000,11:25:29,6811.4,30476,139949,41359715360,0,0,0
IC2203,20220218,20220218,112529500,11:25:30,6811.8,30477,139950,41361077720,1,1,1362360
IC2203,20220218,20220218,112530000,11:25:31,6811.8,30478,139951,41362440080,1,1,1362360
IC2203,20220218,20220218,112530500,11:25:31,6812,30481,139953,41366527280,3,2,4087200
IC2203,20220218,20220218,112531000,11:25:31,6812.4,30483,139953,41369252160,2,0,2724880
IC2203,20220218,20220218,112531500,11:25:32,6812.6,30489,139952,41377427160,6,-1,8175000
IC2203,20220218,20220218,112532000,11:25:32,6812.4,30490,139952,41378789640,1,0,1362480
IC2203,20220218,20220218,112532500,11:25:33,6812.8,30493,139952,41382877320,3,0,4087680
IC2203,20220218,20220218,112533000,11:25:33,6813,30497,139954,41388327640,4,2,5450320
IC2203,20220218,20220218,112533500,11:25:33,6813,30502,139958,41395140560,5,4,6812920
IC2203,20220218,20220218,112534000,11:25:34,6813,30506,139962,41400591080,4,4,5450520
IC2203,20220218,20220218,112534500,11:25:36,6813,30508,139963,41403316280,2,1,2725200
IC2203,20220218,20220218,112535000,11:25:36,6813.2,30509,139963,41404678920,1,0,1362640
IC2203,20220218,20220218,112535500,11:25:37,6813.2,30509,139963,41404678920,0,0,0
IC2203,20220218,20220218,112536000,11:25:37,6813.4,30510,139963,41406041600,1,0,1362680
IC2203,20220218,20220218,112536500,11:25:37,6813.4,30514,139962,41411492440,4,-1,5450840
IC2203,20220218,20220218,112537000,11:25:38,6813.8,30516,139963,41414217960,2,1,2725520
IC2203,20220218,20220218,112537500,11:25:38,6813.4,30521,139967,41421031880,5,4,6813920
IC2203,20220218,20220218,112538000,11:25:38,6813.8,30523,139968,41423757280,2,1,2725400
IC2203,20220218,20220218,112538500,11:25:39,6813.8,30523,139968,41423757280,0,0,0
IC2203,20220218,20220218,112539000,11:25:39,6813.8,30525,139969,41426482800,2,1,2725520
IC2203,20220218,20220218,112539500,11:25:40,6813.2,30526,139970,41427845440,1,1,1362640
IC2203,20220218,20220218,112540000,11:25:40,6813.2,30528,139972,41430570720,2,2,2725280
IC2203,20220218,20220218,112540500,11:25:41,6814,30530,139973,41433296320,2,1,2725600
IC2203,20220218,20220218,112541000,11:25:41,6813.4,30532,139974,41436021680,2,1,2725360
IC2203,20220218,20220218,112541500,11:25:41,6813.4,30533,139975,41437384360,1,1,1362680
IC2203,20220218,20220218,112542000,11:25:42,6813.4,30533,139975,41437384360,0,0,0
IC2203,20220218,20220218,112542500,11:25:43,6813.6,30534,139975,41438747080,1,0,1362720
IC2203,20220218,20220218,112543000,11:25:43,6813.6,30534,139975,41438747080,0,0,0
IC2203,20220218,20220218,112543500,11:25:43,6813.6,30534,139975,41438747080,0,0,0
IC2203,20220218,20220218,112544000,11:25:44,6814,30536,139977,41441472640,2,2,2725560
IC2203,20220218,20220218,112544500,11:25:44,6814,30539,139978,41445561040,3,1,4088400
IC2203,20220218,20220218,112545000,11:25:45,6814.2,30544,139981,41452374600,5,3,6813560
IC2203,20220218,20220218,112545500,11:25:46,6814.2,30544,139981,41452374600,0,0,0
IC2203,20220218,20220218,112546000,11:25:47,6814,30549,139985,41459188440,5,4,6813840
IC2203,20220218,20220218,112546500,11:25:48,6813.8,30550,139986,41460551200,1,1,1362760
IC2203,20220218,20220218,112547000,11:25:48,6813.8,30551,139985,41461913960,1,-1,1362760
IC2203,20220218,20220218,112547500,11:25:48,6813.8,30551,139985,41461913960,0,0,0
IC2203,20220218,20220218,112548000,11:25:48,6813.8,30551,139985,41461913960,0,0,0
IC2203,20220218,20220218,112549000,11:25:49,6814,30553,139986,41464639560,2,1,2725600
IC2203,20220218,20220218,112549500,11:25:49,6814,30553,139986,41464639560,0,0,0
IC2203,20220218,20220218,112550000,11:25:50,6814,30554,139986,41466002360,1,0,1362800
IC2203,20220218,20220218,112550500,11:25:51,6814.2,30555,139986,41467365200,1,0,1362840
IC2203,20220218,20220218,112551000,11:25:51,6814,30556,139986,41468728000,1,0,1362800
IC2203,20220218,20220218,112551500,11:25:51,6814.2,30559,139988,41472816120,3,2,4088120
IC2203,20220218,20220218,112552000,11:25:52,6813.2,30560,139989,41474178760,1,1,1362640
IC2203,20220218,20220218,112552500,11:25:52,6813.2,30560,139989,41474178760,0,0,0
IC2203,20220218,20220218,112553000,11:25:53,6813.8,30561,139989,41475541520,1,0,1362760
IC2203,20220218,20220218,112553500,11:25:54,6813.8,30561,139989,41475541520,0,0,0
IC2203,20220218,20220218,112554000,11:25:54,6813.8,30561,139989,41475541520,0,0,0
IC2203,20220218,20220218,112554500,11:25:55,6813.8,30563,139991,41478267040,2,2,2725520
IC2203,20220218,20220218,112555000,11:25:56,6814,30564,139992,41479629840,1,1,1362800
IC2203,20220218,20220218,112555500,11:25:56,6813.8,30567,139994,41483718120,3,2,4088280
IC2203,20220218,20220218,112556000,11:25:57,6813.8,30572,139995,41490531920,5,1,6813800
IC2203,20220218,20220218,112557000,11:25:57,6813.4,30573,139996,41491894600,1,1,1362680
IC2203,20220218,20220218,112557500,11:25:57,6814,30580,140001,41501433240,7,5,9538640
IC2203,20220218,20220218,112558000,11:25:59,6814,30594,139998,41520512440,14,-3,19079200
IC2203,20220218,20220218,112558500,11:25:59,6812,30596,139997,41523237240,2,-1,2724800
IC2203,20220218,20220218,112559000,11:26:00,6812,30596,139997,41523237240,0,0,0
IC2203,20220218,20220218,112559500,11:26:00,6813.4,30597,139997,41524599920,1,0,1362680
IC2203,20220218,20220218,112600000,11:26:00,6813.4,30597,139997,41524599920,0,0,0
IC2203,20220218,20220218,112600500,11:26:01,6813.4,30598,139997,41525962600,1,0,1362680
IC2203,20220218,20220218,112601000,11:26:01,6812.2,30602,139998,41531412920,4,1,5450320
IC2203,20220218,20220218,112601500,11:26:02,6812.2,30602,139998,41531412920,0,0,0
IC2203,20220218,20220218,112602000,11:26:03,6812.2,30602,139998,41531412920,0,0,0
IC2203,20220218,20220218,112602500,11:26:03,6813.2,30604,139997,41534138200,2,-1,2725280
IC2203,20220218,20220218,112603000,11:26:03,6813.2,30609,139997,41540951400,5,0,6813200
IC2203,20220218,20220218,112603500,11:26:04,6813.2,30612,139997,41545039320,3,0,4087920
IC2203,20220218,20220218,112604000,11:26:05,6812,30614,139998,41547764120,2,1,2724800
IC2203,20220218,20220218,112604500,11:26:05,6812,30614,139998,41547764120,0,0,0
IC2203,20220218,20220218,112605000,11:26:05,6812,30614,139998,41547764120,0,0,0
IC2203,20220218,20220218,112605500,11:26:06,6812,30614,139998,41547764120,0,0,0
IC2203,20220218,20220218,112606000,11:26:06,6812,30614,139998,41547764120,0,0,0
IC2203,20220218,20220218,112606500,11:26:09,6812.2,30615,139999,41549126560,1,1,1362440
IC2203,20220218,20220218,112607000,11:26:09,6812.2,30615,139999,41549126560,0,0,0
IC2203,20220218,20220218,112607500,11:26:09,6812.2,30615,139999,41549126560,0,0,0
IC2203,20220218,20220218,112609000,11:26:09,6812.2,30615,139999,41549126560,0,0,0
IC2203,20220218,20220218,112609500,11:26:10,6812.8,30618,140001,41553214000,3,2,4087440
IC2203,20220218,20220218,112610000,11:26:10,6812.8,30618,140001,41553214000,0,0,0
IC2203,20220218,20220218,112610500,11:26:11,6812.8,30618,140001,41553214000,0,0,0
IC2203,20220218,20220218,112611000,11:26:11,6812.6,30620,140000,41555939040,2,-1,2725040
IC2203,20220218,20220218,112611500,11:26:13,6812.6,30620,140000,41555939040,0,0,0
IC2203,20220218,20220218,112613000,11:26:15,6812.8,30621,140001,41557301600,1,1,1362560
IC2203,20220218,20220218,112613500,11:26:15,6812.8,30626,140006,41564114400,5,5,6812800
IC2203,20220218,20220218,112614000,11:26:15,6813.2,30627,140007,41565477040,1,1,1362640
IC2203,20220218,20220218,112614500,11:26:15,6813.2,30627,140007,41565477040,0,0,0
IC2203,20220218,20220218,112615000,11:26:16,6813.2,30627,140007,41565477040,0,0,0
IC2203,20220218,20220218,112616500,11:26:17,6812.8,30629,140009,41568202200,2,2,2725160
IC2203,20220218,20220218,112617000,11:26:17,6813.2,30630,140010,41569564840,1,1,1362640
IC2203,20220218,20220218,112617500,11:26:17,6813.2,30630,140010,41569564840,0,0,0
IC2203,20220218,20220218,112621000,11:26:21,6813.6,30631,140010,41570927560,1,0,1362720
IC2203,20220218,20220218,112621500,11:26:21,6813,30632,140011,41572290160,1,1,1362600
IC2203,20220218,20220218,112622000,11:26:22,6813,30651,140021,41598178880,19,10,25888720
IC2203,20220218,20220218,112622500,11:26:23,6812.2,30652,140020,41599541320,1,-1,1362440
IC2203,20220218,20220218,112623000,11:26:23,6813,30655,140023,41603629120,3,3,4087800
IC2203,20220218,20220218,112623500,11:26:23,6812.4,30656,140023,41604991600,1,0,1362480
IC2203,20220218,20220218,112624000,11:26:24,6812.4,30656,140023,41604991600,0,0,0
IC2203,20220218,20220218,112624500,11:26:24,6812.2,30657,140024,41606354040,1,1,1362440
IC2203,20220218,20220218,112625000,11:26:25,6813.2,30659,140024,41609079120,2,0,2725080
IC2203,20220218,20220218,112625500,11:26:25,6813.2,30660,140023,41610441760,1,-1,1362640
IC2203,20220218,20220218,112626000,11:26:26,6812.4,30661,140024,41611804240,1,1,1362480
IC2203,20220218,20220218,112626500,11:26:27,6813.2,30663,140025,41614529520,2,1,2725280
IC2203,20220218,20220218,112627000,11:26:27,6813.2,30663,140025,41614529520,0,0,0
IC2203,20220218,20220218,112627500,11:26:27,6812.2,30664,140025,41615891960,1,0,1362440
IC2203,20220218,20220218,112628000,11:26:28,6812.6,30668,140023,41621341960,4,-2,5450000
IC2203,20220218,20220218,112628500,11:26:28,6812.6,30668,140023,41621341960,0,0,0
IC2203,20220218,20220218,112629000,11:26:30,6812.6,30668,140023,41621341960,0,0,0
IC2203,20220218,20220218,112629500,11:26:30,6812.6,30668,140023,41621341960,0,0,0
IC2203,20220218,20220218,112630000,11:26:31,6812.6,30668,140023,41621341960,0,0,0
IC2203,20220218,20220218,112631000,11:26:31,6812.6,30670,140023,41624066880,2,0,2724920
IC2203,20220218,20220218,112632000,11:26:32,6812,30672,140022,41626791800,2,-1,2724920
IC2203,20220218,20220218,112632500,11:26:32,6812,30673,140023,41628154200,1,1,1362400
IC2203,20220218,20220218,112633000,11:26:33,6812.6,30675,140025,41630879240,2,2,2725040
IC2203,20220218,20220218,112633500,11:26:34,6812.6,30675,140025,41630879240,0,0,0
IC2203,20220218,20220218,112634000,11:26:36,6812.6,30675,140025,41630879240,0,0,0
IC2203,20220218,20220218,112634500,11:26:37,6812.2,30676,140024,41632241680,1,-1,1362440
IC2203,20220218,20220218,112636000,11:26:38,6812.2,30676,140024,41632241680,0,0,0
IC2203,20220218,20220218,112637500,11:27:10,6812.2,30676,140024,41632241680,0,0,0
IC2203,20220218,20220218,112638000,11:27:10,6812.2,30676,140024,41632241680,0,0,0
IC2203,20220218,20220218,112653500,11:27:10,6812.2,30676,140024,41632241680,0,0,0
IC2203,20220218,20220218,112710000,11:27:12,6812.2,30676,140024,41632241680,0,0,0
IC2203,20220218,20220218,112712000,11:27:12,6811.6,30709,140040,41677197120,33,16,44955440
IC2203,20220218,20220218,112712500,11:27:13,6811.6,30709,140040,41677197120,0,0,0
IC2203,20220218,20220218,112713000,11:27:14,6811.8,30713,140040,41682646640,4,0,5449520
IC2203,20220218,20220218,112713500,11:27:14,6811.8,30714,140040,41684009000,1,0,1362360
IC2203,20220218,20220218,112714000,11:27:15,6812,30716,140041,41686733760,2,1,2724760
IC2203,20220218,20220218,112714500,11:27:15,6812,30717,140042,41688096160,1,1,1362400
IC2203,20220218,20220218,112715000,11:27:16,6812,30719,140044,41690820960,2,2,2724800
IC2203,20220218,20220218,112716000,11:27:17,6812,30719,140044,41690820960,0,0,0
IC2203,20220218,20220218,112716500,11:27:17,6812,30719,140044,41690820960,0,0,0
IC2203,20220218,20220218,112717000,11:27:17,6812,30719,140044,41690820960,0,0,0
IC2203,20220218,20220218,112718000,11:27:18,6812,30721,140045,41693545760,2,1,2724800
IC2203,20220218,20220218,112718500,11:27:19,6812,30721,140045,41693545760,0,0,0
IC2203,20220218,20220218,112719000,11:27:19,6812,30721,140045,41693545760,0,0,0
IC2203,20220218,20220218,112720000,11:27:20,6812,30721,140045,41693545760,0,0,0
IC2203,20220218,20220218,112721000,11:27:21,6812,30721,140045,41693545760,0,0,0
IC2203,20220218,20220218,112722000,11:27:22,6811.8,30722,140046,41694908120,1,1,1362360
IC2203,20220218,20220218,112722500,11:27:26,6812.2,30723,140045,41696270560,1,-1,1362440
IC2203,20220218,20220218,112723000,11:27:27,6812.2,30723,140045,41696270560,0,0,0
IC2203,20220218,20220218,112723500,11:27:27,6812.2,30725,140044,41698995440,2,-1,2724880
IC2203,20220218,20220218,112724000,11:27:27,6812.4,30727,140045,41701720400,2,1,2724960
IC2203,20220218,20220218,112726500,11:27:27,6813.6,30738,140045,41716708840,11,0,14988440
IC2203,20220218,20220218,112727000,11:27:27,6813.6,30744,140046,41724885080,6,1,8176240
IC2203,20220218,20220218,112727500,11:27:27,6813.6,30744,140046,41724885080,0,0,0
IC2203,20220218,20220218,112728000,11:27:28,6813.6,30744,140046,41724885080,0,0,0
IC2203,20220218,20220218,112728500,11:27:28,6813.6,30745,140047,41726247800,1,1,1362720
IC2203,20220218,20220218,112729000,11:27:29,6813.8,30746,140048,41727610560,1,1,1362760
IC2203,20220218,20220218,112729500,11:27:30,6814,30747,140049,41728973360,1,1,1362800
IC2203,20220218,20220218,112730000,11:27:30,6814,30747,140049,41728973360,0,0,0
IC2203,20220218,20220218,112730500,11:27:31,6814,30748,140050,41730336160,1,1,1362800
IC2203,20220218,20220218,112731000,11:27:33,6813.8,30749,140050,41731698920,1,0,1362760
IC2203,20220218,20220218,112731500,11:27:35,6813.8,30750,140050,41733061680,1,0,1362760
IC2203,20220218,20220218,112732000,11:27:36,6813.6,30752,140050,41735787160,2,0,2725480
IC2203,20220218,20220218,112735500,11:27:36,6813.6,30758,140055,41743964400,6,5,8177240
IC2203,20220218,20220218,112736000,11:27:37,6813.6,30760,140057,41746689840,2,2,2725440
IC2203,20220218,20220218,112736500,11:27:38,6814.4,30765,140061,41753504200,5,4,6814360
IC2203,20220218,20220218,112737000,11:27:38,6814.4,30765,140061,41753504200,0,0,0
IC2203,20220218,20220218,112737500,11:27:38,6814.8,30772,140064,41763044680,7,3,9540480
IC2203,20220218,20220218,112738000,11:27:39,6814.8,30773,140063,41764407640,1,-1,1362960
IC2203,20220218,20220218,112738500,11:27:39,6814.8,30773,140063,41764407640,0,0,0
IC2203,20220218,20220218,112739000,11:27:39,6814.8,30779,140067,41772585160,6,4,8177520
IC2203,20220218,20220218,112739500,11:27:39,6814.8,30779,140067,41772585160,0,0,0
IC2203,20220218,20220218,112740000,11:27:40,6814.8,30779,140067,41772585160,0,0,0
IC2203,20220218,20220218,112740500,11:27:40,6814.8,30780,140067,41773948120,1,0,1362960
IC2203,20220218,20220218,112741000,11:27:41,6814.8,30780,140067,41773948120,0,0,0
IC2203,20220218,20220218,112741500,11:27:42,6814.8,30781,140068,41775311080,1,1,1362960
IC2203,20220218,20220218,112742000,11:27:42,6814.8,30782,140068,41776674040,1,0,1362960
IC2203,20220218,20220218,112742500,11:27:43,6814.8,30782,140068,41776674040,0,0,0
IC2203,20220218,20220218,112743000,11:27:43,6814.8,30789,140066,41786213080,7,-2,9539040
IC2203,20220218,20220218,112743500,11:27:44,6814.8,30789,140066,41786213080,0,0,0
IC2203,20220218,20220218,112744000,11:27:44,6814.8,30789,140066,41786213080,0,0,0
IC2203,20220218,20220218,112744500,11:27:45,6814.8,30789,140066,41786213080,0,0,0
IC2203,20220218,20220218,112745000,11:27:46,6814.8,30789,140066,41786213080,0,0,0
IC2203,20220218,20220218,112745500,11:27:46,6814.8,30790,140067,41787576040,1,1,1362960
IC2203,20220218,20220218,112746000,11:27:46,6814.8,30790,140067,41787576040,0,0,0
IC2203,20220218,20220218,112746500,11:27:47,6814.8,30790,140067,41787576040,0,0,0
IC2203,20220218,20220218,112747000,11:27:47,6814.8,30790,140067,41787576040,0,0,0
IC2203,20220218,20220218,112747500,11:27:47,6814.8,30790,140067,41787576040,0,0,0
IC2203,20220218,20220218,112748000,11:27:54,6814.4,30793,140070,41791664680,3,3,4088640
IC2203,20220218,20220218,112748500,11:27:54,6814.4,30796,140073,41795753320,3,3,4088640
IC2203,20220218,20220218,112749000,11:27:54,6814.4,30796,140073,41795753320,0,0,0
IC2203,20220218,20220218,112749500,11:27:54,6814.8,30798,140074,41798478920,2,1,2725600
IC2203,20220218,20220218,112753500,11:27:54,6814.6,30809,140079,41813470880,11,5,14991960
IC2203,20220218,20220218,112755000,11:27:55,6814.6,30809,140079,41813470880,0,0,0
IC2203,20220218,20220218,112755500,11:27:55,6814.6,30809,140079,41813470880,0,0,0
IC2203,20220218,20220218,112756000,11:27:56,6814.6,30809,140079,41813470880,0,0,0
IC2203,20220218,20220218,112756500,11:27:56,6814.4,30811,140081,41816196640,2,2,2725760
IC2203,20220218,20220218,112757500,11:27:57,6814.4,30812,140081,41817559520,1,0,1362880
IC2203,20220218,20220218,112758000,11:27:58,6814.4,30813,140082,41818922400,1,1,1362880
IC2203,20220218,20220218,112758500,11:27:59,6813.4,30814,140083,41820285080,1,1,1362680
IC2203,20220218,20220218,112759000,11:27:59,6813.4,30814,140083,41820285080,0,0,0
IC2203,20220218,20220218,112759500,11:27:59,6814,30816,140083,41823010680,2,0,2725600
IC2203,20220218,20220218,112800000,11:28:01,6814.4,30819,140086,41827099320,3,3,4088640
IC2203,20220218,20220218,112800500,11:28:01,6813.6,30825,140090,41835275800,6,4,8176480
IC2203,20220218,20220218,112801000,11:28:01,6813.2,30831,140094,41843451960,6,4,8176160
IC2203,20220218,20220218,112801500,11:28:02,6814.4,30834,140095,41847540360,3,1,4088400
IC2203,20220218,20220218,112802000,11:28:03,6813.4,30835,140095,41848903040,1,0,1362680
IC2203,20220218,20220218,112802500,11:28:03,6813.4,30837,140096,41851628400,2,1,2725360
IC2203,20220218,20220218,112803000,11:28:04,6813.4,30837,140096,41851628400,0,0,0
IC2203,20220218,20220218,112803500,11:28:04,6813.4,30837,140096,41851628400,0,0,0
IC2203,20220218,20220218,112804000,11:28:05,6813.8,30840,140095,41855716680,3,-1,4088280
IC2203,20220218,20220218,112804500,11:28:06,6813.8,30840,140095,41855716680,0,0,0
IC2203,20220218,20220218,112805000,11:28:06,6813,30841,140094,41857079280,1,-1,1362600
IC2203,20220218,20220218,112805500,11:28:07,6812.8,30842,140094,41858441840,1,0,1362560
IC2203,20220218,20220218,112806000,11:28:10,6812.6,30844,140096,41861166920,2,2,2725080
IC2203,20220218,20220218,112806500,11:28:10,6811.4,30846,140096,41863891760,2,0,2724840
IC2203,20220218,20220218,112807000,11:28:10,6811.4,30846,140096,41863891760,0,0,0
IC2203,20220218,20220218,112810000,11:28:11,6811.2,30856,140095,41877514960,10,-1,13623200
IC2203,20220218,20220218,112810500,11:28:12,6811.2,30856,140095,41877514960,0,0,0
IC2203,20220218,20220218,112811000,11:28:12,6810.6,30857,140094,41878877080,1,-1,1362120
IC2203,20220218,20220218,112811500,11:28:12,6810.6,30857,140094,41878877080,0,0,0
IC2203,20220218,20220218,112812000,11:28:13,6811,30859,140096,41881601480,2,2,2724400
IC2203,20220218,20220218,112812500,11:28:13,6811,30860,140096,41882963680,1,0,1362200
IC2203,20220218,20220218,112813000,11:28:13,6810.6,30861,140096,41884325800,1,0,1362120
IC2203,20220218,20220218,112813500,11:28:14,6810.6,30862,140096,41885687920,1,0,1362120
IC2203,20220218,20220218,112814000,11:28:14,6811,30864,140097,41888412320,2,1,2724400
IC2203,20220218,20220218,112814500,11:28:14,6810.4,30868,140093,41893860640,4,-4,5448320
IC2203,20220218,20220218,112815000,11:28:15,6810,30869,140093,41895222640,1,0,1362000
IC2203,20220218,20220218,112815500,11:28:15,6810.2,30870,140094,41896584680,1,1,1362040
IC2203,20220218,20220218,112816000,11:28:16,6810,30871,140094,41897946680,1,0,1362000
IC2203,20220218,20220218,112816500,11:28:16,6810,30874,140094,41902032680,3,0,4086000
IC2203,20220218,20220218,112817000,11:28:17,6810,30874,140094,41902032680,0,0,0
IC2203,20220218,20220218,112817500,11:28:18,6809,30875,140094,41903394480,1,0,1361800
IC2203,20220218,20220218,112818000,11:28:18,6808.6,30878,140092,41907479800,3,-2,4085320
IC2203,20220218,20220218,112818500,11:28:18,6808.6,30878,140092,41907479800,0,0,0
IC2203,20220218,20220218,112819000,11:28:19,6808.6,30878,140092,41907479800,0,0,0
IC2203,20220218,20220218,112819500,11:28:20,6808.6,30878,140092,41907479800,0,0,0
IC2203,20220218,20220218,112820000,11:28:20,6809,30881,140092,41911565200,3,0,4085400
IC2203,20220218,20220218,112820500,11:28:20,6809,30881,140092,41911565200,0,0,0
IC2203,20220218,20220218,112821000,11:28:21,6809,30882,140092,41912927000,1,0,1361800
IC2203,20220218,20220218,112821500,11:28:22,6808.2,30885,140090,41917012160,3,-2,4085160
IC2203,20220218,20220218,112822000,11:28:22,6808,30889,140090,41922458680,4,0,5446520
IC2203,20220218,20220218,112822500,11:28:22,6808,30897,140093,41933353280,8,3,10894600
IC2203,20220218,20220218,112823000,11:28:23,6808,30897,140093,41933353280,0,0,0
IC2203,20220218,20220218,112823500,11:28:24,6808,30902,140093,41940161280,5,0,6808000
IC2203,20220218,20220218,112824000,11:28:24,6808.6,30903,140093,41941523000,1,0,1361720
IC2203,20220218,20220218,112824500,11:28:25,6808,30905,140093,41944246200,2,0,2723200
IC2203,20220218,20220218,112825000,11:28:25,6808,30907,140094,41946969600,2,1,2723400
IC2203,20220218,20220218,112825500,11:28:25,6807.8,30909,140096,41949692760,2,2,2723160
IC2203,20220218,20220218,112826000,11:28:26,6808.8,30910,140096,41951054520,1,0,1361760
IC2203,20220218,20220218,112826500,11:28:27,6808.8,30910,140096,41951054520,0,0,0
IC2203,20220218,20220218,112827000,11:28:27,6808.2,30911,140096,41952416160,1,0,1361640
IC2203,20220218,20220218,112827500,11:28:27,6808.2,30911,140096,41952416160,0,0,0
IC2203,20220218,20220218,112828500,11:28:28,6808.2,30911,140096,41952416160,0,0,0
IC2203,20220218,20220218,112829000,11:28:29,6808.2,30911,140096,41952416160,0,0,0
IC2203,20220218,20220218,112829500,11:28:30,6808.4,30916,140101,41959224880,5,5,6808720
IC2203,20220218,20220218,112830000,11:28:30,6808.4,30916,140101,41959224880,0,0,0
IC2203,20220218,20220218,112830500,11:28:31,6809.2,30917,140101,41960586720,1,0,1361840
IC2203,20220218,20220218,112831000,11:28:31,6809.4,30918,140101,41961948600,1,0,1361880
IC2203,20220218,20220218,112832000,11:28:33,6808.4,30919,140102,41963310280,1,1,1361680
IC2203,20220218,20220218,112832500,11:28:33,6808.4,30920,140102,41964671960,1,0,1361680
IC2203,20220218,20220218,112833000,11:28:33,6808.4,30920,140102,41964671960,0,0,0
IC2203,20220218,20220218,112833500,11:28:34,6807.8,30921,140101,41966033520,1,-1,1361560
IC2203,20220218,20220218,112834000,11:28:34,6807.8,30921,140101,41966033520,0,0,0
IC2203,20220218,20220218,112834500,11:28:34,6807.8,30921,140101,41966033520,0,0,0
IC2203,20220218,20220218,112835500,11:28:37,6807.8,30921,140101,41966033520,0,0,0
IC2203,20220218,20220218,112836000,11:28:37,6807.8,30922,140100,41967395080,1,-1,1361560
IC2203,20220218,20220218,112836500,11:28:37,6807.8,30923,140100,41968756640,1,0,1361560
IC2203,20220218,20220218,112837000,11:28:37,6807.8,30923,140100,41968756640,0,0,0
IC2203,20220218,20220218,112838000,11:28:38,6808.6,30924,140099,41970118360,1,-1,1361720
IC2203,20220218,20220218,112838500,11:28:38,6808,30925,140100,41971479960,1,1,1361600
IC2203,20220218,20220218,112839000,11:28:40,6808,30925,140100,41971479960,0,0,0
IC2203,20220218,20220218,112840000,11:28:40,6808,30926,140100,41972841560,1,0,1361600
IC2203,20220218,20220218,112840500,11:28:40,6808.8,30927,140100,41974203320,1,0,1361760
IC2203,20220218,20220218,112841000,11:28:41,6809.2,30929,140102,41976926760,2,2,2723440
IC2203,20220218,20220218,112841500,11:28:41,6810,30930,140102,41978288760,1,0,1362000
IC2203,20220218,20220218,112842000,11:28:42,6808.2,30931,140101,41979650400,1,-1,1361640
IC2203,20220218,20220218,112842500,11:28:42,6808.2,30931,140101,41979650400,0,0,0
IC2203,20220218,20220218,112843000,11:28:43,6808.2,30931,140101,41979650400,0,0,0
IC2203,20220218,20220218,112843500,11:28:44,6808.2,30932,140101,41981012040,1,0,1361640
IC2203,20220218,20220218,112844000,11:28:44,6808.2,30933,140102,41982373680,1,1,1361640
IC2203,20220218,20220218,112844500,11:28:45,6808.2,30933,140102,41982373680,0,0,0
IC2203,20220218,20220218,112845000,11:28:45,6808.2,30934,140101,41983735320,1,-1,1361640
IC2203,20220218,20220218,112845500,11:28:46,6808.2,30934,140101,41983735320,0,0,0
IC2203,20220218,20220218,112846000,11:28:46,6809.8,30936,140100,41986459200,2,-1,2723880
IC2203,20220218,20220218,112846500,11:28:46,6809.8,30937,140101,41987821160,1,1,1361960
IC2203,20220218,20220218,112847000,11:28:47,6809,30938,140101,41989182960,1,0,1361800
IC2203,20220218,20220218,112847500,11:28:48,6808.6,30939,140102,41990544680,1,1,1361720
IC2203,20220218,20220218,112848000,11:28:48,6808.6,30939,140102,41990544680,0,0,0
IC2203,20220218,20220218,112848500,11:28:48,6808.6,30939,140102,41990544680,0,0,0
IC2203,20220218,20220218,112849000,11:28:49,6808.6,30939,140102,41990544680,0,0,0
IC2203,20220218,20220218,112849500,11:28:50,6808.6,30939,140102,41990544680,0,0,0
IC2203,20220218,20220218,112850000,11:28:50,6810.4,30940,140103,41991906760,1,1,1362080
IC2203,20220218,20220218,112850500,11:28:51,6809.2,30941,140104,41993268600,1,1,1361840
IC2203,20220218,20220218,112851000,11:28:51,6809.2,30941,140104,41993268600,0,0,0
IC2203,20220218,20220218,112851500,11:28:52,6809.2,30942,140103,41994630440,1,-1,1361840
IC2203,20220218,20220218,112852000,11:28:53,6810.6,30944,140102,41997354640,2,-1,2724200
IC2203,20220218,20220218,112852500,11:28:54,6810.6,30944,140102,41997354640,0,0,0
IC2203,20220218,20220218,112853000,11:28:54,6810.8,30945,140103,41998716800,1,1,1362160
IC2203,20220218,20220218,112853500,11:28:54,6810.8,30946,140103,42000078960,1,0,1362160
IC2203,20220218,20220218,112854500,11:28:54,6810.4,30947,140103,42001441040,1,0,1362080
IC2203,20220218,20220218,112855000,11:28:55,6810.4,30947,140103,42001441040,0,0,0
IC2203,20220218,20220218,112855500,11:28:56,6810.8,30948,140103,42002803200,1,0,1362160
IC2203,20220218,20220218,112856000,11:28:56,6810.8,30948,140103,42002803200,0,0,0
IC2203,20220218,20220218,112856500,11:28:57,6810.8,30949,140103,42004165360,1,0,1362160
IC2203,20220218,20220218,112857000,11:28:57,6809.6,30951,140104,42006889200,2,1,2723840
IC2203,20220218,20220218,112857500,11:28:58,6809.4,30954,140101,42010974840,3,-3,4085640
IC2203,20220218,20220218,112858000,11:28:59,6810.8,30957,140101,42015060760,3,0,4085920
IC2203,20220218,20220218,112858500,11:28:59,6810,30960,140100,42019147000,3,-1,4086240
IC2203,20220218,20220218,112859000,11:28:59,6810,30962,140098,42021871000,2,-2,2724000
IC2203,20220218,20220218,112859500,11:29:00,6810,30962,140098,42021871000,0,0,0
IC2203,20220218,20220218,112900000,11:29:00,6810.8,30963,140098,42023233160,1,0,1362160
IC2203,20220218,20220218,112900500,11:29:01,6811.4,30964,140099,42024595440,1,1,1362280
IC2203,20220218,20220218,112901000,11:29:01,6811.4,30969,140101,42031406760,5,2,6811320
IC2203,20220218,20220218,112901500,11:29:02,6811.8,30971,140100,42034131480,2,-1,2724720
IC2203,20220218,20220218,112902000,11:29:03,6809.8,30972,140099,42035493440,1,-1,1361960
IC2203,20220218,20220218,112902500,11:29:03,6810.6,30974,140099,42038217640,2,0,2724200
IC2203,20220218,20220218,112903000,11:29:03,6810.6,30975,140100,42039579760,1,1,1362120
IC2203,20220218,20220218,112904000,11:29:04,6811.2,30977,140101,42042304200,2,1,2724440
IC2203,20220218,20220218,112904500,11:29:04,6811.2,30977,140101,42042304200,0,0,0
IC2203,20220218,20220218,112905000,11:29:05,6811.2,30977,140101,42042304200,0,0,0
IC2203,20220218,20220218,112905500,11:29:06,6810,30978,140101,42043666200,1,0,1362000
IC2203,20220218,20220218,112906000,11:29:06,6810,30978,140101,42043666200,0,0,0
IC2203,20220218,20220218,112906500,11:29:06,6810,30978,140101,42043666200,0,0,0
IC2203,20220218,20220218,112907000,11:29:08,6810,30979,140100,42045028200,1,-1,1362000
IC2203,20220218,20220218,112907500,11:29:08,6810,30979,140100,42045028200,0,0,0
IC2203,20220218,20220218,112908000,11:29:08,6810,30979,140100,42045028200,0,0,0
IC2203,20220218,20220218,112908500,11:29:08,6810.2,30980,140100,42046390240,1,0,1362040
IC2203,20220218,20220218,112909000,11:29:09,6810.2,30980,140100,42046390240,0,0,0
IC2203,20220218,20220218,112909500,11:29:09,6810.2,30980,140100,42046390240,0,0,0
IC2203,20220218,20220218,112910500,11:29:11,6810.2,30980,140100,42046390240,0,0,0
IC2203,20220218,20220218,112911000,11:29:11,6811.2,30981,140099,42047752480,1,-1,1362240
IC2203,20220218,20220218,112911500,11:29:12,6811.4,30982,140099,42049114760,1,0,1362280
IC2203,20220218,20220218,112912000,11:29:12,6811,30985,140102,42053201360,3,3,4086600
IC2203,20220218,20220218,112912500,11:29:12,6811,30985,140102,42053201360,0,0,0
IC2203,20220218,20220218,112913000,11:29:13,6811.6,30986,140102,42054563680,1,0,1362320
IC2203,20220218,20220218,112913500,11:29:14,6811,30988,140104,42057288200,2,2,2724520
IC2203,20220218,20220218,112914000,11:29:14,6810.8,30990,140104,42060012560,2,0,2724360
IC2203,20220218,20220218,112914500,11:29:15,6810.8,30992,140105,42062736880,2,1,2724320
IC2203,20220218,20220218,112915000,11:29:15,6811,30993,140105,42064099080,1,0,1362200
IC2203,20220218,20220218,112915500,11:29:16,6811.6,30995,140106,42066823680,2,1,2724600
IC2203,20220218,20220218,112916000,11:29:16,6811.6,30995,140106,42066823680,0,0,0
IC2203,20220218,20220218,112916500,11:29:20,6811.6,30996,140107,42068186000,1,1,1362320
IC2203,20220218,20220218,112917500,11:29:21,6811.6,30997,140108,42069548320,1,1,1362320
IC2203,20220218,20220218,112918000,11:29:21,6811.6,30997,140108,42069548320,0,0,0
IC2203,20220218,20220218,112920500,11:29:21,6811.2,31000,140107,42073634760,3,-1,4086440
IC2203,20220218,20220218,112921000,11:29:22,6811.2,31000,140107,42073634760,0,0,0
IC2203,20220218,20220218,112921500,11:29:24,6811.2,31000,140107,42073634760,0,0,0
IC2203,20220218,20220218,112922000,11:29:24,6811.2,31000,140107,42073634760,0,0,0
IC2203,20220218,20220218,112925000,11:29:25,6811.2,31000,140107,42073634760,0,0,0
IC2203,20220218,20220218,112925500,11:29:25,6811.2,31000,140107,42073634760,0,0,0
IC2203,20220218,20220218,112926000,11:29:26,6811.2,31000,140107,42073634760,0,0,0
IC2203,20220218,20220218,112926500,11:29:26,6811.2,31000,140107,42073634760,0,0,0
IC2203,20220218,20220218,112927000,11:29:27,6811.2,31001,140107,42074997000,1,0,1362240
IC2203,20220218,20220218,112927500,11:29:27,6811.2,31003,140109,42077721480,2,2,2724480
IC2203,20220218,20220218,112928000,11:29:28,6811.2,31003,140109,42077721480,0,0,0
IC2203,20220218,20220218,112928500,11:29:29,6811.2,31004,140109,42079083720,1,0,1362240
IC2203,20220218,20220218,112929000,11:29:29,6811.2,31008,140113,42084532680,4,4,5448960
IC2203,20220218,20220218,112929500,11:29:30,6811,31011,140115,42088619360,3,2,4086680
IC2203,20220218,20220218,112930000,11:29:30,6807.2,31020,140120,42100876000,9,5,12256640
IC2203,20220218,20220218,112930500,11:29:31,6810.6,31022,140119,42103600240,2,-1,2724240
IC2203,20220218,20220218,112931000,11:29:32,6810,31023,140119,42104962240,1,0,1362000
IC2203,20220218,20220218,112931500,11:29:32,6810,31023,140119,42104962240,0,0,0
IC2203,20220218,20220218,112932000,11:29:36,6810,31025,140120,42107686320,2,1,2724080
IC2203,20220218,20220218,112932500,11:29:37,6809,31026,140119,42109048120,1,-1,1361800
IC2203,20220218,20220218,112933000,11:29:37,6809,31026,140119,42109048120,0,0,0
IC2203,20220218,20220218,112936500,11:29:38,6809,31026,140119,42109048120,0,0,0
IC2203,20220218,20220218,112937500,11:29:38,6809,31026,140119,42109048120,0,0,0
IC2203,20220218,20220218,112938500,11:29:39,6809,31026,140119,42109048120,0,0,0
IC2203,20220218,20220218,112939000,11:29:39,6809,31026,140119,42109048120,0,0,0
IC2203,20220218,20220218,112939500,11:29:40,6809,31026,140119,42109048120,0,0,0
IC2203,20220218,20220218,112940000,11:29:40,6809,31033,140116,42118581280,7,-3,9533160
IC2203,20220218,20220218,112940500,11:29:40,6809,31033,140116,42118581280,0,0,0
IC2203,20220218,20220218,112941500,11:29:42,6809,31033,140116,42118581280,0,0,0
IC2203,20220218,20220218,112942000,11:29:44,6809,31033,140116,42118581280,0,0,0
IC2203,20220218,20220218,112942500,11:29:44,6810,31034,140116,42119943280,1,0,1362000
IC2203,20220218,20220218,112943500,11:29:45,6810.2,31035,140115,42121305320,1,-1,1362040
IC2203,20220218,20220218,112944500,11:29:45,6810.2,31035,140115,42121305320,0,0,0
IC2203,20220218,20220218,112945000,11:29:46,6810.2,31036,140115,42122667360,1,0,1362040
IC2203,20220218,20220218,112945500,11:29:46,6810,31040,140117,42128115480,4,2,5448120
IC2203,20220218,20220218,112946000,11:29:47,6809.4,31043,140119,42132201120,3,2,4085640
IC2203,20220218,20220218,112946500,11:29:47,6810.2,31049,140120,42140372800,6,1,8171680
IC2203,20220218,20220218,112947000,11:29:47,6810.2,31049,140120,42140372800,0,0,0
IC2203,20220218,20220218,112947500,11:29:48,6809.4,31051,140122,42143096560,2,2,2723760
IC2203,20220218,20220218,112948000,11:29:49,6809.4,31051,140122,42143096560,0,0,0
IC2203,20220218,20220218,112948500,11:29:50,6809.4,31051,140122,42143096560,0,0,0
IC2203,20220218,20220218,112949000,11:29:50,6809.4,31056,140122,42149905960,5,0,6809400
IC2203,20220218,20220218,112949500,11:29:51,6809.4,31056,140122,42149905960,0,0,0
IC2203,20220218,20220218,112950000,11:29:51,6808.8,31057,140121,42151267720,1,-1,1361760
IC2203,20220218,20220218,112951500,11:29:52,6808.8,31057,140121,42151267720,0,0,0
IC2203,20220218,20220218,112952000,11:29:53,6808.8,31057,140121,42151267720,0,0,0
IC2203,20220218,20220218,112952500,11:29:53,6808.8,31062,140123,42158076840,5,2,6809120
IC2203,20220218,20220218,112953000,11:29:54,6809.6,31065,140123,42162162600,3,0,4085760
IC2203,20220218,20220218,112953500,11:29:54,6809.8,31066,140123,42163524560,1,0,1361960
IC2203,20220218,20220218,112954000,11:29:54,6809.8,31066,140123,42163524560,0,0,0
IC2203,20220218,20220218,112954500,11:29:54,6809.8,31066,140123,42163524560,0,0,0
IC2203,20220218,20220218,112955000,11:29:55,6809.4,31068,140123,42166248320,2,0,2723760
IC2203,20220218,20220218,112956000,11:30:00,6809.2,31069,140124,42167610160,1,1,1361840
IC2203,20220218,20220218,112956500,11:30:00,6809.2,31069,140124,42167610160,0,0,0
IC2203,20220218,20220218,112957000,11:30:01,6809.2,31069,140124,42167610160,0,0,0
IC2203,20220218,20220218,112957500,11:30:02,6809.2,31069,140124,42167610160,0,0,0
IC2203,20220218,20220218,112959500,11:30:02,6809.4,31072,140124,42171695720,3,0,4085560
IC2203,20220218,20220218,113000500,11:30:03,6809.4,31072,140124,42171695720,0,0,0
IC2203,20220218,20220218,130000500,13:00:00,6810.2,31082,140122,42185315560,10,-2,13619840
IC2203,20220218,20220218,130001000,13:00:01,6810.4,31088,140121,42193487800,6,-1,8172240
IC2203,20220218,20220218,130001500,13:00:01,6810,31090,140121,42196211880,2,0,2724080
IC2203,20220218,20220218,130002000,13:00:02,6810,31090,140121,42196211880,0,0,0
IC2203,20220218,20220218,130002500,13:00:02,6810.8,31096,140120,42204384200,6,-1,8172320
IC2203,20220218,20220218,130003000,13:00:03,6811.6,31099,140122,42208471160,3,2,4086960
IC2203,20220218,20220218,130003500,13:00:03,6812,31102,140119,42212558360,3,-3,4087200
IC2203,20220218,20220218,130004000,13:00:04,6811.2,31104,140118,42215283080,2,-1,2724720
IC2203,20220218,20220218,130004500,13:00:04,6811.2,31106,140118,42218007560,2,0,2724480
IC2203,20220218,20220218,130005000,13:00:05,6811.2,31106,140118,42218007560,0,0,0
IC2203,20220218,20220218,130005500,13:00:05,6811.2,31107,140118,42219369800,1,0,1362240
IC2203,20220218,20220218,130006000,13:00:06,6811.2,31111,140118,42224818600,4,0,5448800
IC2203,20220218,20220218,130006500,13:00:06,6811.2,31111,140118,42224818600,0,0,0
IC2203,20220218,20220218,130007000,13:00:07,6808.8,31120,140116,42237076360,9,-2,12257760
IC2203,20220218,20220218,130007500,13:00:07,6808.8,31132,140120,42253417480,12,4,16341120
IC2203,20220218,20220218,130008000,13:00:08,6808.6,31138,140124,42261587760,6,4,8170280
IC2203,20220218,20220218,130008500,13:00:08,6808.6,31138,140124,42261587760,0,0,0
IC2203,20220218,20220218,130009000,13:00:09,6807.4,31139,140124,42262949240,1,0,1361480
IC2203,20220218,20220218,130009500,13:00:09,6807.4,31139,140124,42262949240,0,0,0
IC2203,20220218,20220218,130010000,13:00:10,6807.4,31139,140124,42262949240,0,0,0
IC2203,20220218,20220218,130010500,13:00:10,6807.4,31144,140126,42269756640,5,2,6807400
IC2203,20220218,20220218,130011000,13:00:11,6807.6,31146,140126,42272479680,2,0,2723040
IC2203,20220218,20220218,130011500,13:00:11,6807.6,31146,140126,42272479680,0,0,0
IC2203,20220218,20220218,130012000,13:00:12,6807.8,31148,140124,42275202800,2,-2,2723120
IC2203,20220218,20220218,130012500,13:00:12,6808.2,31152,140121,42280649240,4,-3,5446440
IC2203,20220218,20220218,130013000,13:00:13,6808,31155,140122,42284734120,3,1,4084880
IC2203,20220218,20220218,130013500,13:00:13,6808,31155,140122,42284734120,0,0,0
IC2203,20220218,20220218,130014000,13:00:14,6808.8,31157,140124,42287457640,2,2,2723520
IC2203,20220218,20220218,130014500,13:00:15,6808.8,31157,140124,42287457640,0,0,0
IC2203,20220218,20220218,130015000,13:00:15,6808.8,31157,140124,42287457640,0,0,0
IC2203,20220218,20220218,130015500,13:00:15,6808.8,31158,140124,42288819400,1,0,1361760
IC2203,20220218,20220218,130016000,13:00:16,6808.8,31158,140124,42288819400,0,0,0
IC2203,20220218,20220218,130016500,13:00:17,6808.8,31158,140124,42288819400,0,0,0
IC2203,20220218,20220218,130017000,13:00:17,6808.8,31159,140123,42290181160,1,-1,1361760
IC2203,20220218,20220218,130018000,13:00:18,6808.8,31160,140124,42291542920,1,1,1361760
IC2203,20220218,20220218,130018500,13:00:18,6809,31161,140125,42292904720,1,1,1361800
IC2203,20220218,20220218,130019000,13:00:19,6809,31162,140124,42294266520,1,-1,1361800
IC2203,20220218,20220218,130019500,13:00:19,6808.2,31163,140124,42295628160,1,0,1361640
IC2203,20220218,20220218,130020000,13:00:20,6808.2,31163,140124,42295628160,0,0,0
IC2203,20220218,20220218,130020500,13:00:20,6808.2,31163,140124,42295628160,0,0,0
IC2203,20220218,20220218,130021000,13:00:21,6808.2,31163,140124,42295628160,0,0,0
IC2203,20220218,20220218,130021500,13:00:21,6808.2,31163,140124,42295628160,0,0,0
IC2203,20220218,20220218,130022000,13:00:22,6808.2,31164,140124,42296989800,1,0,1361640
IC2203,20220218,20220218,130022500,13:00:22,6808,31166,140125,42299713040,2,1,2723240
IC2203,20220218,20220218,130023000,13:00:23,6808,31166,140125,42299713040,0,0,0
IC2203,20220218,20220218,130023500,13:00:23,6807.6,31171,140126,42306520800,5,1,6807760
IC2203,20220218,20220218,130024000,13:00:24,6807.4,31173,140128,42309243760,2,2,2722960
IC2203,20220218,20220218,130024500,13:00:24,6807.2,31175,140127,42311966720,2,-1,2722960
IC2203,20220218,20220218,130025000,13:00:25,6807.2,31176,140127,42313328160,1,0,1361440
IC2203,20220218,20220218,130025500,13:00:25,6807,31178,140127,42316050960,2,0,2722800
IC2203,20220218,20220218,130026000,13:00:26,6806.6,31180,140129,42318773640,2,2,2722680
IC2203,20220218,20220218,130026500,13:00:26,6806,31183,140128,42322857480,3,-1,4083840
IC2203,20220218,20220218,130027000,13:00:27,6805.4,31187,140126,42328301800,4,-2,5444320
IC2203,20220218,20220218,130027500,13:00:27,6805.6,31188,140126,42329662920,1,0,1361120
IC2203,20220218,20220218,130028000,13:00:28,6805.2,31191,140128,42333746040,3,2,4083120
IC2203,20220218,20220218,130028500,13:00:28,6805.4,31200,140131,42345996040,9,3,12250000
IC2203,20220218,20220218,130029000,13:00:29,6805.4,31200,140131,42345996040,0,0,0
IC2203,20220218,20220218,130029500,13:00:29,6805.4,31200,140131,42345996040,0,0,0
IC2203,20220218,20220218,130030000,13:00:30,6805.4,31200,140131,42345996040,0,0,0
IC2203,20220218,20220218,130030500,13:00:30,6806.6,31202,140133,42348718680,2,2,2722640
IC2203,20220218,20220218,130031000,13:00:31,6805.8,31203,140133,42350079840,1,0,1361160
IC2203,20220218,20220218,130031500,13:00:31,6805.6,31204,140133,42351440960,1,0,1361120
IC2203,20220218,20220218,130032000,13:00:32,6807.6,31208,140131,42356886080,4,-2,5445120
IC2203,20220218,20220218,130032500,13:00:32,6806,31209,140130,42358247280,1,-1,1361200
IC2203,20220218,20220218,130033000,13:00:33,6806,31209,140130,42358247280,0,0,0
IC2203,20220218,20220218,130033500,13:00:33,6807.4,31210,140129,42359608760,1,-1,1361480
IC2203,20220218,20220218,130034000,13:00:34,6806,31211,140130,42360969960,1,1,1361200
IC2203,20220218,20220218,130034500,13:00:34,6806,31211,140130,42360969960,0,0,0
IC2203,20220218,20220218,130035000,13:00:35,6806,31211,140130,42360969960,0,0,0
IC2203,20220218,20220218,130035500,13:00:35,6806,31211,140130,42360969960,0,0,0
IC2203,20220218,20220218,130036000,13:00:36,6807.4,31214,140129,42365054400,3,-1,4084440
IC2203,20220218,20220218,130036500,13:00:36,6806.8,31222,140126,42375946360,8,-3,10891960
IC2203,20220218,20220218,130037000,13:00:37,6806.8,31223,140126,42377307720,1,0,1361360
IC2203,20220218,20220218,130037500,13:00:37,6806.8,31228,140126,42384114880,5,0,6807160
IC2203,20220218,20220218,130038000,13:00:38,6806.8,31228,140126,42384114880,0,0,0
IC2203,20220218,20220218,130038500,13:00:38,6806.8,31228,140126,42384114880,0,0,0
IC2203,20220218,20220218,130039000,13:00:39,6806.8,31228,140126,42384114880,0,0,0
IC2203,20220218,20220218,130039500,13:00:40,6806.8,31228,140126,42384114880,0,0,0
IC2203,20220218,20220218,130040000,13:00:40,6806.6,31229,140125,42385476200,1,-1,1361320
IC2203,20220218,20220218,130040500,13:00:40,6806.4,31230,140125,42386837480,1,0,1361280
IC2203,20220218,20220218,130041000,13:00:41,6806.4,31230,140125,42386837480,0,0,0
IC2203,20220218,20220218,130041500,13:00:41,6806.4,31230,140125,42386837480,0,0,0
IC2203,20220218,20220218,130042000,13:00:42,6806.4,31230,140125,42386837480,0,0,0
IC2203,20220218,20220218,130042500,13:00:42,6807.6,31232,140123,42389560280,2,-2,2722800
IC2203,20220218,20220218,130043000,13:00:43,6806.2,31234,140124,42392282760,2,1,2722480
IC2203,20220218,20220218,130043500,13:00:43,6806,31235,140123,42393643960,1,-1,1361200
IC2203,20220218,20220218,130044000,13:00:44,6807.2,31237,140121,42396366840,2,-2,2722880
IC2203,20220218,20220218,130044500,13:00:44,6806,31241,140121,42401812280,4,0,5445440
IC2203,20220218,20220218,130045000,13:00:45,6805.8,31246,140118,42408618120,5,-3,6805840
IC2203,20220218,20220218,130045500,13:00:45,6808.2,31248,140119,42411340920,2,1,2722800
IC2203,20220218,20220218,130046000,13:00:46,6806.2,31250,140121,42414063400,2,2,2722480
IC2203,20220218,20220218,130046500,13:00:46,6806,31251,140120,42415424600,1,-1,1361200
IC2203,20220218,20220218,130047000,13:00:47,6805.8,31254,140120,42419508120,3,0,4083520
IC2203,20220218,20220218,130047500,13:00:47,6805.8,31254,140120,42419508120,0,0,0
IC2203,20220218,20220218,130048000,13:00:48,6805.8,31254,140120,42419508120,0,0,0
IC2203,20220218,20220218,130048500,13:00:48,6807,31255,140120,42420869520,1,0,1361400
IC2203,20220218,20220218,130049000,13:00:49,6806,31257,140121,42423592120,2,1,2722600
IC2203,20220218,20220218,130049500,13:00:49,6806,31259,140121,42426314840,2,0,2722720
IC2203,20220218,20220218,130050000,13:00:50,6806,31259,140121,42426314840,0,0,0
IC2203,20220218,20220218,130050500,13:00:50,6806,31259,140121,42426314840,0,0,0
IC2203,20220218,20220218,130051000,13:00:51,6806,31259,140121,42426314840,0,0,0
IC2203,20220218,20220218,130051500,13:00:52,6806,31259,140121,42426314840,0,0,0
IC2203,20220218,20220218,130052500,13:00:52,6806,31259,140121,42426314840,0,0,0
IC2203,20220218,20220218,130053000,13:00:53,6806,31261,140121,42429037240,2,0,2722400
IC2203,20220218,20220218,130053500,13:00:53,6806,31261,140121,42429037240,0,0,0
IC2203,20220218,20220218,130054000,13:00:54,6806,31261,140121,42429037240,0,0,0
IC2203,20220218,20220218,130054500,13:00:54,6807.6,31262,140121,42430398760,1,0,1361520
IC2203,20220218,20220218,130055000,13:00:55,6807.4,31263,140121,42431760240,1,0,1361480
IC2203,20220218,20220218,130055500,13:00:55,6807.4,31263,140121,42431760240,0,0,0
IC2203,20220218,20220218,130056000,13:00:56,6807.2,31264,140122,42433121680,1,1,1361440
IC2203,20220218,20220218,130056500,13:00:56,6807,31265,140123,42434483080,1,1,1361400
IC2203,20220218,20220218,130057000,13:00:57,6807,31265,140123,42434483080,0,0,0
IC2203,20220218,20220218,130057500,13:00:57,6807,31265,140123,42434483080,0,0,0
IC2203,20220218,20220218,130058000,13:00:58,6807,31265,140123,42434483080,0,0,0
IC2203,20220218,20220218,130059000,13:00:59,6807,31266,140123,42435844480,1,0,1361400
IC2203,20220218,20220218,130059500,13:00:59,6806.8,31268,140123,42438567320,2,0,2722840
IC2203,20220218,20220218,130100000,13:01:00,6806.8,31275,140119,42448096840,7,-4,9529520
IC2203,20220218,20220218,130100500,13:01:00,6806.8,31275,140119,42448096840,0,0,0
IC2203,20220218,20220218,130102000,13:01:02,6806.8,31276,140120,42449458200,1,1,1361360
IC2203,20220218,20220218,130102500,13:01:02,6806.8,31276,140120,42449458200,0,0,0
IC2203,20220218,20220218,130103000,13:01:03,6806.8,31277,140121,42450819560,1,1,1361360
IC2203,20220218,20220218,130103500,13:01:03,6806.8,31277,140121,42450819560,0,0,0
IC2203,20220218,20220218,130104000,13:01:04,6806.8,31277,140121,42450819560,0,0,0
IC2203,20220218,20220218,130104500,13:01:04,6806.6,31278,140121,42452180880,1,0,1361320
IC2203,20220218,20220218,130105000,13:01:05,6806.4,31279,140121,42453542160,1,0,1361280
IC2203,20220218,20220218,130105500,13:01:05,6806.4,31279,140121,42453542160,0,0,0
IC2203,20220218,20220218,130106000,13:01:06,6805.8,31280,140120,42454903320,1,-1,1361160
IC2203,20220218,20220218,130106500,13:01:06,6805.6,31281,140119,42456264440,1,-1,1361120
IC2203,20220218,20220218,130107000,13:01:07,6806.4,31284,140118,42460347960,3,-1,4083520
IC2203,20220218,20220218,130107500,13:01:07,6806.4,31285,140118,42461709240,1,0,1361280
IC2203,20220218,20220218,130108000,13:01:08,6806.6,31287,140118,42464431880,2,0,2722640
IC2203,20220218,20220218,130108500,13:01:08,6806.6,31288,140118,42465793200,1,0,1361320
IC2203,20220218,20220218,130109000,13:01:09,6807.2,31291,140118,42469877520,3,0,4084320
IC2203,20220218,20220218,130109500,13:01:09,6806.8,31292,140117,42471238880,1,-1,1361360
IC2203,20220218,20220218,130110000,13:01:10,6806.6,31299,140118,42480768120,7,1,9529240
IC2203,20220218,20220218,130110500,13:01:10,6806.6,31299,140118,42480768120,0,0,0
IC2203,20220218,20220218,130111000,13:01:11,6806.2,31300,140119,42482129360,1,1,1361240
IC2203,20220218,20220218,130111500,13:01:11,6806,31301,140119,42483490560,1,0,1361200
IC2203,20220218,20220218,130112000,13:01:12,6805.6,31302,140120,42484851680,1,1,1361120
IC2203,20220218,20220218,130112500,13:01:12,6805.6,31302,140120,42484851680,0,0,0
IC2203,20220218,20220218,130113000,13:01:13,6806.2,31304,140119,42487574160,2,-1,2722480
IC2203,20220218,20220218,130113500,13:01:14,6806.2,31305,140119,42488935400,1,0,1361240
IC2203,20220218,20220218,130114000,13:01:14,6805,31319,140125,42507989960,14,6,19054560
IC2203,20220218,20220218,130114500,13:01:14,6805,31319,140125,42507989960,0,0,0
IC2203,20220218,20220218,130115000,13:01:15,6805,31319,140125,42507989960,0,0,0
IC2203,20220218,20220218,130115500,13:01:15,6805,31319,140125,42507989960,0,0,0
IC2203,20220218,20220218,130116500,13:01:16,6805,31319,140125,42507989960,0,0,0
IC2203,20220218,20220218,130117000,13:01:17,6805,31319,140125,42507989960,0,0,0
IC2203,20220218,20220218,130117500,13:01:17,6805,31321,140127,42510711960,2,2,2722000
IC2203,20220218,20220218,130118000,13:01:18,6805,31324,140129,42514795040,3,2,4083080
IC2203,20220218,20220218,130118500,13:01:18,6805,31324,140129,42514795040,0,0,0
IC2203,20220218,20220218,130119500,13:01:19,6805,31324,140129,42514795040,0,0,0
IC2203,20220218,20220218,130120500,13:01:20,6805,31324,140129,42514795040,0,0,0
IC2203,20220218,20220218,130121000,13:01:21,6805,31324,140129,42514795040,0,0,0
IC2203,20220218,20220218,130121500,13:01:21,6805,31324,140129,42514795040,0,0,0
IC2203,20220218,20220218,130122500,13:01:22,6805,31326,140130,42517517160,2,1,2722120
IC2203,20220218,20220218,130123000,13:01:23,6805,31329,140131,42521600160,3,1,4083000
IC2203,20220218,20220218,130123500,13:01:23,6805,31329,140131,42521600160,0,0,0
IC2203,20220218,20220218,130124000,13:01:24,6805,31330,140132,42522961160,1,1,1361000
IC2203,20220218,20220218,130124500,13:01:24,6805,31330,140132,42522961160,0,0,0
IC2203,20220218,20220218,130125000,13:01:25,6805,31330,140132,42522961160,0,0,0
IC2203,20220218,20220218,130125500,13:01:25,6805,31330,140132,42522961160,0,0,0
IC2203,20220218,20220218,130126000,13:01:26,6805,31332,140133,42525683160,2,1,2722000
IC2203,20220218,20220218,130126500,13:01:26,6805.6,31334,140133,42528405280,2,0,2722120
IC2203,20220218,20220218,130127000,13:01:27,6804.8,31337,140131,42532488160,3,-2,4082880
IC2203,20220218,20220218,130127500,13:01:27,6804.4,31339,140131,42535209960,2,0,2721800
IC2203,20220218,20220218,130128000,13:01:28,6804.6,31340,140131,42536570880,1,0,1360920
IC2203,20220218,20220218,130128500,13:01:28,6804.8,31341,140132,42537931840,1,1,1360960
IC2203,20220218,20220218,130129000,13:01:29,6805,31343,140133,42540653680,2,1,2721840
IC2203,20220218,20220218,130129500,13:01:29,6804.2,31344,140133,42542014520,1,0,1360840
IC2203,20220218,20220218,130130000,13:01:30,6805,31345,140133,42543375520,1,0,1361000
IC2203,20220218,20220218,130130500,13:01:30,6805.2,31346,140134,42544736560,1,1,1361040
IC2203,20220218,20220218,130131000,13:01:31,6805.4,31348,140133,42547458720,2,-1,2722160
IC2203,20220218,20220218,130131500,13:01:31,6805.4,31348,140133,42547458720,0,0,0
IC2203,20220218,20220218,130132000,13:01:32,6806.8,31351,140134,42551542480,3,1,4083760
IC2203,20220218,20220218,130132500,13:01:32,6806.8,31351,140134,42551542480,0,0,0
IC2203,20220218,20220218,130133000,13:01:33,6806.4,31353,140132,42554265040,2,-2,2722560
IC2203,20220218,20220218,130133500,13:01:33,6806.4,31353,140132,42554265040,0,0,0
IC2203,20220218,20220218,130134000,13:01:34,6806.6,31355,140131,42556987680,2,-1,2722640
IC2203,20220218,20220218,130134500,13:01:34,6806.6,31361,140134,42565155720,6,3,8168040
IC2203,20220218,20220218,130135000,13:01:35,6806.8,31368,140139,42574685240,7,5,9529520
IC2203,20220218,20220218,130135500,13:01:35,6807.8,31369,140138,42576046800,1,-1,1361560
IC2203,20220218,20220218,130136000,13:01:36,6807.8,31369,140138,42576046800,0,0,0
IC2203,20220218,20220218,130137000,13:01:37,6807.8,31370,140138,42577408360,1,0,1361560
IC2203,20220218,20220218,130137500,13:01:37,6807.2,31371,140138,42578769800,1,0,1361440
IC2203,20220218,20220218,130138000,13:01:38,6807.2,31376,140139,42585577000,5,1,6807200
IC2203,20220218,20220218,130138500,13:01:38,6807.2,31376,140139,42585577000,0,0,0
IC2203,20220218,20220218,130139500,13:01:39,6807.2,31376,140139,42585577000,0,0,0
IC2203,20220218,20220218,130140000,13:01:40,6806.8,31377,140140,42586938360,1,1,1361360
IC2203,20220218,20220218,130140500,13:01:41,6807.6,31378,140140,42588299880,1,0,1361520
IC2203,20220218,20220218,130141000,13:01:41,6807.6,31378,140140,42588299880,0,0,0
IC2203,20220218,20220218,130141500,13:01:41,6807.6,31378,140140,42588299880,0,0,0
IC2203,20220218,20220218,130142000,13:01:42,6807.6,31378,140140,42588299880,0,0,0
IC2203,20220218,20220218,130142500,13:01:43,6808,31380,140141,42591023080,2,1,2723200
IC2203,20220218,20220218,130143000,13:01:43,6808,31381,140141,42592384680,1,0,1361600
IC2203,20220218,20220218,130143500,13:01:43,6806.8,31383,140140,42595107400,2,-1,2722720
IC2203,20220218,20220218,130144000,13:01:44,6806.8,31384,140141,42596468760,1,1,1361360
IC2203,20220218,20220218,130144500,13:01:44,6806.8,31384,140141,42596468760,0,0,0
IC2203,20220218,20220218,130145000,13:01:45,6806.6,31385,140142,42597830080,1,1,1361320
IC2203,20220218,20220218,130146000,13:01:46,6806.6,31385,140142,42597830080,0,0,0
IC2203,20220218,20220218,130146500,13:01:46,6806.6,31385,140142,42597830080,0,0,0
IC2203,20220218,20220218,130147000,13:01:47,6806.6,31387,140143,42600552720,2,1,2722640
IC2203,20220218,20220218,130147500,13:01:47,6806.8,31388,140142,42601914080,1,-1,1361360
IC2203,20220218,20220218,130148000,13:01:48,6806.8,31388,140142,42601914080,0,0,0
IC2203,20220218,20220218,130148500,13:01:48,6806.8,31389,140142,42603275440,1,0,1361360
IC2203,20220218,20220218,130149000,13:01:49,6806.8,31389,140142,42603275440,0,0,0
IC2203,20220218,20220218,130149500,13:01:49,6807.2,31391,140142,42605998280,2,0,2722840
IC2203,20220218,20220218,130150000,13:01:50,6807.8,31394,140142,42610082800,3,0,4084520
IC2203,20220218,20220218,130150500,13:01:50,6807.8,31394,140142,42610082800,0,0,0
IC2203,20220218,20220218,130151000,13:01:51,6807.8,31395,140141,42611444360,1,-1,1361560
IC2203,20220218,20220218,130151500,13:01:51,6807.8,31396,140140,42612805920,1,-1,1361560
IC2203,20220218,20220218,130152000,13:01:52,6807.8,31396,140140,42612805920,0,0,0
IC2203,20220218,20220218,130152500,13:01:52,6808.2,31397,140140,42614167560,1,0,1361640
IC2203,20220218,20220218,130153000,13:01:53,6807.4,31398,140139,42615529040,1,-1,1361480
IC2203,20220218,20220218,130153500,13:01:53,6807.4,31398,140139,42615529040,0,0,0
IC2203,20220218,20220218,130154000,13:01:54,6807.4,31398,140139,42615529040,0,0,0
IC2203,20220218,20220218,130154500,13:01:54,6807.4,31398,140139,42615529040,0,0,0
IC2203,20220218,20220218,130155000,13:01:55,6807.4,31398,140139,42615529040,0,0,0
IC2203,20220218,20220218,130155500,13:01:55,6807.4,31398,140139,42615529040,0,0,0
IC2203,20220218,20220218,130156000,13:01:56,6807.4,31398,140139,42615529040,0,0,0
IC2203,20220218,20220218,130156500,13:01:56,6807.4,31398,140139,42615529040,0,0,0
IC2203,20220218,20220218,130157000,13:01:57,6807.4,31398,140139,42615529040,0,0,0
IC2203,20220218,20220218,130157500,13:01:57,6807.6,31399,140138,42616890560,1,-1,1361520
IC2203,20220218,20220218,130158000,13:01:58,6807.6,31399,140138,42616890560,0,0,0
IC2203,20220218,20220218,130158500,13:01:58,6808.2,31400,140139,42618252200,1,1,1361640
IC2203,20220218,20220218,130159000,13:01:59,6808.2,31400,140139,42618252200,0,0,0
IC2203,20220218,20220218,130200500,13:02:00,6808.2,31400,140139,42618252200,0,0,0
IC2203,20220218,20220218,130201000,13:02:01,6808.8,31402,140138,42620975560,2,-1,2723360
IC2203,20220218,20220218,130201500,13:02:01,6808.8,31403,140138,42622337320,1,0,1361760
IC2203,20220218,20220218,130202000,13:02:02,6809,31404,140138,42623699120,1,0,1361800
IC2203,20220218,20220218,130202500,13:02:02,6809.2,31405,140137,42625060960,1,-1,1361840
IC2203,20220218,20220218,130203000,13:02:03,6809.2,31405,140137,42625060960,0,0,0
IC2203,20220218,20220218,130203500,13:02:03,6809.8,31406,140138,42626422920,1,1,1361960
IC2203,20220218,20220218,130204000,13:02:04,6810.4,31409,140138,42630509000,3,0,4086080
IC2203,20220218,20220218,130204500,13:02:04,6810.4,31409,140138,42630509000,0,0,0
IC2203,20220218,20220218,130205000,13:02:05,6810.4,31409,140138,42630509000,0,0,0
IC2203,20220218,20220218,130205500,13:02:05,6810,31410,140138,42631871000,1,0,1362000
IC2203,20220218,20220218,130206000,13:02:06,6811,31412,140138,42634595200,2,0,2724200
IC2203,20220218,20220218,130206500,13:02:06,6811,31412,140138,42634595200,0,0,0
IC2203,20220218,20220218,130207000,13:02:07,6811,31412,140138,42634595200,0,0,0
IC2203,20220218,20220218,130207500,13:02:08,6811,31412,140138,42634595200,0,0,0
IC2203,20220218,20220218,130208000,13:02:08,6811.2,31413,140137,42635957440,1,-1,1362240
IC2203,20220218,20220218,130208500,13:02:08,6811.2,31413,140137,42635957440,0,0,0
IC2203,20220218,20220218,130209000,13:02:09,6810.4,31415,140137,42638681720,2,0,2724280
IC2203,20220218,20220218,130209500,13:02:10,6811.8,31416,140136,42640044080,1,-1,1362360
IC2203,20220218,20220218,130210000,13:02:10,6811.8,31416,140136,42640044080,0,0,0
IC2203,20220218,20220218,130210500,13:02:10,6811.8,31416,140136,42640044080,0,0,0
IC2203,20220218,20220218,130211000,13:02:11,6810.8,31417,140136,42641406240,1,0,1362160
IC2203,20220218,20220218,130211500,13:02:11,6811.2,31419,140137,42644130600,2,1,2724360
IC2203,20220218,20220218,130212000,13:02:12,6811.2,31419,140137,42644130600,0,0,0
IC2203,20220218,20220218,130212500,13:02:12,6812,31424,140134,42650942120,5,-3,6811520
IC2203,20220218,20220218,130213000,13:02:13,6812,31425,140134,42652304520,1,0,1362400
IC2203,20220218,20220218,130213500,13:02:13,6812,31427,140134,42655029320,2,0,2724800
IC2203,20220218,20220218,130214000,13:02:14,6812,31428,140134,42656391720,1,0,1362400
IC2203,20220218,20220218,130214500,13:02:14,6812,31428,140134,42656391720,0,0,0
IC2203,20220218,20220218,130215000,13:02:15,6812.2,31429,140134,42657754160,1,0,1362440
IC2203,20220218,20220218,130215500,13:02:15,6812.2,31429,140134,42657754160,0,0,0
IC2203,20220218,20220218,130216000,13:02:16,6812.2,31430,140134,42659116600,1,0,1362440
IC2203,20220218,20220218,130216500,13:02:16,6812.2,31430,140134,42659116600,0,0,0
IC2203,20220218,20220218,130217000,13:02:17,6812.2,31430,140134,42659116600,0,0,0
IC2203,20220218,20220218,130218000,13:02:18,6813,31432,140134,42661841680,2,0,2725080
IC2203,20220218,20220218,130218500,13:02:18,6813,31432,140134,42661841680,0,0,0
IC2203,20220218,20220218,130219000,13:02:19,6812.4,31433,140135,42663204160,1,1,1362480
IC2203,20220218,20220218,130219500,13:02:19,6812.4,31434,140135,42664566640,1,0,1362480
IC2203,20220218,20220218,130220000,13:02:20,6812,31435,140135,42665929040,1,0,1362400
IC2203,20220218,20220218,130220500,13:02:20,6812,31435,140135,42665929040,0,0,0
IC2203,20220218,20220218,130221000,13:02:21,6812,31435,140135,42665929040,0,0,0
IC2203,20220218,20220218,130221500,13:02:21,6812.6,31436,140134,42667291560,1,-1,1362520
IC2203,20220218,20220218,130222000,13:02:22,6813,31438,140133,42670016680,2,-1,2725120
IC2203,20220218,20220218,130222500,13:02:22,6812.6,31439,140134,42671379200,1,1,1362520
IC2203,20220218,20220218,130223000,13:02:23,6812.6,31441,140135,42674104240,2,1,2725040
IC2203,20220218,20220218,130223500,13:02:23,6812.6,31441,140135,42674104240,0,0,0
IC2203,20220218,20220218,130224000,13:02:24,6812.6,31442,140134,42675466760,1,-1,1362520
IC2203,20220218,20220218,130224500,13:02:24,6813,31443,140134,42676829360,1,0,1362600
IC2203,20220218,20220218,130225000,13:02:25,6813,31443,140134,42676829360,0,0,0
IC2203,20220218,20220218,130225500,13:02:25,6812.2,31444,140135,42678191800,1,1,1362440
IC2203,20220218,20220218,130226000,13:02:26,6812.2,31444,140135,42678191800,0,0,0
IC2203,20220218,20220218,130226500,13:02:26,6812.2,31444,140135,42678191800,0,0,0
IC2203,20220218,20220218,130227000,13:02:27,6812.2,31444,140135,42678191800,0,0,0
IC2203,20220218,20220218,130227500,13:02:27,6812,31445,140135,42679554200,1,0,1362400
IC2203,20220218,20220218,130228000,13:02:28,6812,31447,140135,42682279000,2,0,2724800
IC2203,20220218,20220218,130228500,13:02:28,6812,31447,140135,42682279000,0,0,0
IC2203,20220218,20220218,130229000,13:02:29,6812,31447,140135,42682279000,0,0,0
IC2203,20220218,20220218,130229500,13:02:29,6812,31447,140135,42682279000,0,0,0
IC2203,20220218,20220218,130230000,13:02:30,6812,31448,140135,42683641400,1,0,1362400
IC2203,20220218,20220218,130230500,13:02:30,6812.2,31450,140136,42686366160,2,1,2724760
IC2203,20220218,20220218,130231000,13:02:31,6812.2,31450,140136,42686366160,0,0,0
IC2203,20220218,20220218,130231500,13:02:31,6811.2,31451,140137,42687728400,1,1,1362240
IC2203,20220218,20220218,130232000,13:02:32,6811.2,31451,140137,42687728400,0,0,0
IC2203,20220218,20220218,130232500,13:02:32,6811.2,31451,140137,42687728400,0,0,0
IC2203,20220218,20220218,130233000,13:02:33,6811.2,31451,140137,42687728400,0,0,0
IC2203,20220218,20220218,130233500,13:02:33,6812.2,31453,140135,42690453080,2,-2,2724680
IC2203,20220218,20220218,130235000,13:02:35,6812.2,31453,140135,42690453080,0,0,0
IC2203,20220218,20220218,130235500,13:02:36,6812.2,31453,140135,42690453080,0,0,0
IC2203,20220218,20220218,130236000,13:02:36,6812.2,31453,140135,42690453080,0,0,0
IC2203,20220218,20220218,130236500,13:02:37,6812.2,31453,140135,42690453080,0,0,0
IC2203,20220218,20220218,130237000,13:02:37,6810.4,31457,140137,42695901720,4,2,5448640
IC2203,20220218,20220218,130237500,13:02:38,6810.4,31457,140137,42695901720,0,0,0
IC2203,20220218,20220218,130238000,13:02:38,6810.4,31457,140137,42695901720,0,0,0
IC2203,20220218,20220218,130238500,13:02:39,6810.4,31457,140137,42695901720,0,0,0
IC2203,20220218,20220218,130240000,13:02:40,6810.2,31458,140137,42697263760,1,0,1362040
IC2203,20220218,20220218,130240500,13:02:40,6810.2,31461,140134,42701349880,3,-3,4086120
IC2203,20220218,20220218,130241000,13:02:41,6810.2,31462,140135,42702711920,1,1,1362040
IC2203,20220218,20220218,130241500,13:02:41,6810.2,31462,140135,42702711920,0,0,0
IC2203,20220218,20220218,130242000,13:02:42,6810.2,31462,140135,42702711920,0,0,0
IC2203,20220218,20220218,130242500,13:02:43,6810.6,31463,140135,42704074040,1,0,1362120
IC2203,20220218,20220218,130243000,13:02:43,6811.2,31464,140134,42705436280,1,-1,1362240
IC2203,20220218,20220218,130243500,13:02:43,6811.2,31464,140134,42705436280,0,0,0
IC2203,20220218,20220218,130244000,13:02:44,6811.4,31465,140135,42706798560,1,1,1362280
IC2203,20220218,20220218,130244500,13:02:45,6810.6,31471,140139,42714971240,6,4,8172680
IC2203,20220218,20220218,130245000,13:02:45,6810.8,31472,140138,42716333400,1,-1,1362160
IC2203,20220218,20220218,130245500,13:02:45,6809.8,31475,140136,42720419360,3,-2,4085960
IC2203,20220218,20220218,130246000,13:02:46,6810,31477,140135,42723143360,2,-1,2724000
IC2203,20220218,20220218,130246500,13:02:46,6810,31477,140135,42723143360,0,0,0
IC2203,20220218,20220218,130247000,13:02:47,6810,31477,140135,42723143360,0,0,0
IC2203,20220218,20220218,130247500,13:02:47,6810.8,31478,140134,42724505520,1,-1,1362160
IC2203,20220218,20220218,130248000,13:02:48,6810.8,31478,140134,42724505520,0,0,0
IC2203,20220218,20220218,130249000,13:02:49,6810,31480,140134,42727229680,2,0,2724160
IC2203,20220218,20220218,130249500,13:02:49,6810,31480,140134,42727229680,0,0,0
IC2203,20220218,20220218,130250000,13:02:50,6810,31480,140134,42727229680,0,0,0
IC2203,20220218,20220218,130250500,13:02:50,6810,31480,140134,42727229680,0,0,0
IC2203,20220218,20220218,130251000,13:02:51,6810,31480,140134,42727229680,0,0,0
IC2203,20220218,20220218,130251500,13:02:51,6810.8,31481,140134,42728591840,1,0,1362160
IC2203,20220218,20220218,130252000,13:02:52,6810.8,31481,140134,42728591840,0,0,0
IC2203,20220218,20220218,130252500,13:02:52,6810.8,31481,140134,42728591840,0,0,0
IC2203,20220218,20220218,130253000,13:02:53,6810.8,31481,140134,42728591840,0,0,0
IC2203,20220218,20220218,130254000,13:02:54,6811,31482,140134,42729954040,1,0,1362200
IC2203,20220218,20220218,130254500,13:02:55,6811,31484,140133,42732678440,2,-1,2724400
IC2203,20220218,20220218,130255000,13:02:55,6810,31486,140133,42735402440,2,0,2724000
IC2203,20220218,20220218,130255500,13:02:55,6811,31488,140134,42738126840,2,1,2724400
IC2203,20220218,20220218,130256000,13:02:56,6810.2,31489,140135,42739488880,1,1,1362040
IC2203,20220218,20220218,130256500,13:02:56,6810.2,31489,140135,42739488880,0,0,0
IC2203,20220218,20220218,130257000,13:02:57,6810.2,31489,140135,42739488880,0,0,0
IC2203,20220218,20220218,130258500,13:02:58,6810.6,31490,140135,42740851000,1,0,1362120
IC2203,20220218,20220218,130259000,13:02:59,6810.6,31494,140139,42746299480,4,4,5448480
IC2203,20220218,20220218,130259500,13:02:59,6812.6,31499,140139,42753110960,5,0,6811480
IC2203,20220218,20220218,130300000,13:03:00,6812,31500,140138,42754473360,1,-1,1362400
IC2203,20220218,20220218,130300500,13:03:00,6812.2,31501,140138,42755835800,1,0,1362440
IC2203,20220218,20220218,130301000,13:03:01,6812.6,31505,140135,42761285760,4,-3,5449960
IC2203,20220218,20220218,130301500,13:03:01,6811.4,31512,140132,42770822960,7,-3,9537200
IC2203,20220218,20220218,130302000,13:03:02,6812.6,31513,140132,42772185480,1,0,1362520
IC2203,20220218,20220218,130302500,13:03:02,6812.6,31513,140132,42772185480,0,0,0
IC2203,20220218,20220218,130303000,13:03:03,6813,31514,140132,42773548080,1,0,1362600
IC2203,20220218,20220218,130303500,13:03:03,6813,31516,140132,42776273280,2,0,2725200
IC2203,20220218,20220218,130304000,13:03:04,6813,31519,140131,42780361080,3,-1,4087800
IC2203,20220218,20220218,130304500,13:03:04,6813.2,31523,140130,42785811280,4,-1,5450200
IC2203,20220218,20220218,130305000,13:03:05,6813.4,31525,140128,42788536640,2,-2,2725360
IC2203,20220218,20220218,130305500,13:03:05,6814,31526,140127,42789899440,1,-1,1362800
IC2203,20220218,20220218,130306000,13:03:06,6813.6,31528,140127,42792624960,2,0,2725520
IC2203,20220218,20220218,130306500,13:03:06,6813.2,31529,140127,42793987600,1,0,1362640
IC2203,20220218,20220218,130307000,13:03:07,6813.2,31529,140127,42793987600,0,0,0
IC2203,20220218,20220218,130307500,13:03:07,6813.8,31530,140127,42795350360,1,0,1362760
IC2203,20220218,20220218,130308000,13:03:08,6813.4,31532,140127,42798075680,2,0,2725320
IC2203,20220218,20220218,130308500,13:03:09,6814.2,31534,140126,42800801160,2,-1,2725480
IC2203,20220218,20220218,130309000,13:03:09,6814.2,31536,140127,42803526840,2,1,2725680
IC2203,20220218,20220218,130309500,13:03:09,6814.2,31537,140128,42804889680,1,1,1362840
IC2203,20220218,20220218,130310000,13:03:10,6813,31538,140128,42806252280,1,0,1362600
IC2203,20220218,20220218,130310500,13:03:11,6814.8,31539,140127,42807615240,1,-1,1362960
IC2203,20220218,20220218,130311000,13:03:11,6814.8,31539,140127,42807615240,0,0,0
IC2203,20220218,20220218,130311500,13:03:11,6814.2,31541,140127,42810340920,2,0,2725680
IC2203,20220218,20220218,130312000,13:03:12,6814.2,31542,140127,42811703760,1,0,1362840
IC2203,20220218,20220218,130312500,13:03:12,6814,31543,140126,42813066560,1,-1,1362800
IC2203,20220218,20220218,130313000,13:03:13,6814,31543,140126,42813066560,0,0,0
IC2203,20220218,20220218,130313500,13:03:14,6812.8,31544,140126,42814429120,1,0,1362560
IC2203,20220218,20220218,130314000,13:03:14,6812.8,31544,140126,42814429120,0,0,0
IC2203,20220218,20220218,130314500,13:03:14,6813,31545,140127,42815791720,1,1,1362600
IC2203,20220218,20220218,130315000,13:03:15,6813.4,31547,140127,42818517080,2,0,2725360
IC2203,20220218,20220218,130315500,13:03:15,6813.4,31547,140127,42818517080,0,0,0
IC2203,20220218,20220218,130316000,13:03:16,6813.4,31547,140127,42818517080,0,0,0
IC2203,20220218,20220218,130316500,13:03:16,6813.4,31547,140127,42818517080,0,0,0
IC2203,20220218,20220218,130317000,13:03:17,6813.8,31548,140128,42819879840,1,1,1362760
IC2203,20220218,20220218,130317500,13:03:17,6813.8,31548,140128,42819879840,0,0,0
IC2203,20220218,20220218,130318000,13:03:18,6813.8,31548,140128,42819879840,0,0,0
IC2203,20220218,20220218,130318500,13:03:19,6813.8,31548,140128,42819879840,0,0,0
IC2203,20220218,20220218,130319000,13:03:19,6813.8,31548,140128,42819879840,0,0,0
IC2203,20220218,20220218,130319500,13:03:19,6813.8,31548,140128,42819879840,0,0,0
IC2203,20220218,20220218,130320000,13:03:20,6813.8,31548,140128,42819879840,0,0,0
IC2203,20220218,20220218,130320500,13:03:20,6813.8,31548,140128,42819879840,0,0,0
IC2203,20220218,20220218,130321000,13:03:21,6813.8,31548,140128,42819879840,0,0,0
IC2203,20220218,20220218,130321500,13:03:21,6813.8,31548,140128,42819879840,0,0,0
IC2203,20220218,20220218,130322000,13:03:22,6812.8,31549,140128,42821242400,1,0,1362560
IC2203,20220218,20220218,130322500,13:03:23,6812.6,31550,140128,42822604920,1,0,1362520
IC2203,20220218,20220218,130323000,13:03:23,6813.4,31551,140129,42823967600,1,1,1362680
IC2203,20220218,20220218,130323500,13:03:23,6813.4,31551,140129,42823967600,0,0,0
IC2203,20220218,20220218,130324000,13:03:24,6813.4,31551,140129,42823967600,0,0,0
IC2203,20220218,20220218,130324500,13:03:24,6813.4,31552,140130,42825330280,1,1,1362680
IC2203,20220218,20220218,130325000,13:03:25,6813.4,31552,140130,42825330280,0,0,0
IC2203,20220218,20220218,130325500,13:03:26,6813.4,31552,140130,42825330280,0,0,0
IC2203,20220218,20220218,130326000,13:03:26,6813.4,31552,140130,42825330280,0,0,0
IC2203,20220218,20220218,130326500,13:03:26,6812.2,31554,140130,42828055200,2,0,2724920
IC2203,20220218,20220218,130327000,13:03:27,6812.2,31556,140132,42830780080,2,2,2724880
IC2203,20220218,20220218,130327500,13:03:27,6812.2,31557,140132,42832142520,1,0,1362440
IC2203,20220218,20220218,130328000,13:03:28,6812.2,31557,140132,42832142520,0,0,0
IC2203,20220218,20220218,130328500,13:03:28,6812,31558,140132,42833504920,1,0,1362400
IC2203,20220218,20220218,130329000,13:03:29,6812,31558,140132,42833504920,0,0,0
IC2203,20220218,20220218,130329500,13:03:29,6812,31558,140132,42833504920,0,0,0
IC2203,20220218,20220218,130330000,13:03:30,6812,31559,140133,42834867320,1,1,1362400
IC2203,20220218,20220218,130330500,13:03:30,6812,31559,140133,42834867320,0,0,0
IC2203,20220218,20220218,130331000,13:03:31,6812,31560,140133,42836229720,1,0,1362400
IC2203,20220218,20220218,130331500,13:03:31,6812,31560,140133,42836229720,0,0,0
IC2203,20220218,20220218,130332000,13:03:32,6812,31560,140133,42836229720,0,0,0
IC2203,20220218,20220218,130332500,13:03:32,6812,31560,140133,42836229720,0,0,0
IC2203,20220218,20220218,130333000,13:03:33,6812,31560,140133,42836229720,0,0,0
IC2203,20220218,20220218,130333500,13:03:33,6812,31560,140133,42836229720,0,0,0
IC2203,20220218,20220218,130334000,13:03:34,6812,31560,140133,42836229720,0,0,0
IC2203,20220218,20220218,130334500,13:03:34,6812,31560,140133,42836229720,0,0,0
IC2203,20220218,20220218,130335000,13:03:35,6812,31560,140133,42836229720,0,0,0
IC2203,20220218,20220218,130335500,13:03:35,6812,31560,140133,42836229720,0,0,0
IC2203,20220218,20220218,130336000,13:03:36,6812,31560,140133,42836229720,0,0,0
IC2203,20220218,20220218,130352500,13:03:53,6812,31560,140133,42836229720,0,0,0
IC2203,20220218,20220218,130414000,13:04:14,6812,31560,140133,42836229720,0,0,0
IC2203,20220218,20220218,130414500,13:04:14,6811.6,31562,140135,42838954360,2,2,2724640
IC2203,20220218,20220218,130415000,13:04:15,6812.6,31563,140135,42840316880,1,0,1362520
IC2203,20220218,20220218,130415500,13:04:15,6813.2,31567,140137,42845767320,4,2,5450440
IC2203,20220218,20220218,130416000,13:04:16,6813.2,31567,140137,42845767320,0,0,0
IC2203,20220218,20220218,130416500,13:04:17,6816.2,31624,140149,42923460200,57,12,77692880
IC2203,20220218,20220218,130417000,13:04:17,6816.2,31630,140147,42931640240,6,-2,8180040
IC2203,20220218,20220218,130417500,13:04:17,6817,31632,140146,42934366880,2,-1,2726640
IC2203,20220218,20220218,130418000,13:04:18,6816.8,31634,140145,42937093680,2,-1,2726800
IC2203,20220218,20220218,130418500,13:04:18,6817.6,31639,140145,42943910960,5,0,6817280
IC2203,20220218,20220218,130419000,13:04:19,6817.6,31640,140146,42945274480,1,1,1363520
IC2203,20220218,20220218,130419500,13:04:19,6817.6,31642,140148,42948001520,2,2,2727040
IC2203,20220218,20220218,130420000,13:04:20,6817.6,31643,140149,42949365040,1,1,1363520
IC2203,20220218,20220218,130420500,13:04:20,6817,31644,140150,42950728440,1,1,1363400
IC2203,20220218,20220218,130421000,13:04:21,6817.6,31645,140149,42952091960,1,-1,1363520
IC2203,20220218,20220218,130421500,13:04:21,6817,31647,140149,42954818720,2,0,2726760
IC2203,20220218,20220218,130422500,13:04:22,6816.8,31650,140150,42958908840,3,1,4090120
IC2203,20220218,20220218,130423000,13:04:23,6817.4,31653,140151,42962999280,3,1,4090440
IC2203,20220218,20220218,130423500,13:04:23,6817.4,31656,140152,42967089720,3,1,4090440
IC2203,20220218,20220218,130424000,13:04:24,6817.4,31659,140154,42971180200,3,2,4090480
IC2203,20220218,20220218,130424500,13:04:24,6817.4,31661,140154,42973907160,2,0,2726960
IC2203,20220218,20220218,130425000,13:04:25,6817.6,31662,140154,42975270680,1,0,1363520
IC2203,20220218,20220218,130425500,13:04:25,6816.8,31663,140154,42976634040,1,0,1363360
IC2203,20220218,20220218,130426000,13:04:26,6816.8,31663,140154,42976634040,0,0,0
IC2203,20220218,20220218,130426500,13:04:26,6816.8,31663,140154,42976634040,0,0,0
IC2203,20220218,20220218,130427000,13:04:27,6817.6,31666,140155,42980724520,3,1,4090480
IC2203,20220218,20220218,130427500,13:04:27,6817.6,31666,140155,42980724520,0,0,0
IC2203,20220218,20220218,130428000,13:04:28,6817.6,31668,140156,42983451600,2,1,2727080
IC2203,20220218,20220218,130428500,13:04:28,6817.6,31668,140156,42983451600,0,0,0
IC2203,20220218,20220218,130429000,13:04:29,6817.6,31668,140156,42983451600,0,0,0
IC2203,20220218,20220218,130429500,13:04:29,6817.8,31669,140156,42984815160,1,0,1363560
IC2203,20220218,20220218,130430000,13:04:30,6817.8,31670,140156,42986178720,1,0,1363560
IC2203,20220218,20220218,130430500,13:04:30,6818,31672,140157,42988905880,2,1,2727160
IC2203,20220218,20220218,130431000,13:04:31,6818,31673,140157,42990269480,1,0,1363600
IC2203,20220218,20220218,130431500,13:04:31,6818,31675,140157,42992996600,2,0,2727120
IC2203,20220218,20220218,130432000,13:04:32,6817.8,31676,140157,42994360160,1,0,1363560
