IF2203,20220218,20220218,112003000,11:20:03,0,0,0,0,0,0,0
IF2203,20220218,20220218,112002700,11:20:04,4612,30604,112880,42356791920,30604,112880,42356791920
IF2203,20220218,20220218,112004500,11:20:09,4611.8,30606,112881,42359559060,2,1,2767140
IF2203,20220218,20220218,112005000,11:20:10,4611.8,30610,112884,42365093340,4,3,5534280
IF2203,20220218,20220218,112006000,11:20:10,4611.6,30615,112886,42372010860,5,2,6917520
IF2203,20220218,20220218,112006500,11:20:10,4611.4,30618,112889,42376161240,3,3,4150380
IF2203,20220218,20220218,112007000,11:20:10,4611.4,30621,112891,42380311740,3,2,4150500
IF2203,20220218,20220218,112007500,11:20:10,4611.4,30624,112894,42384462000,3,3,4150260
IF2203,20220218,20220218,112008000,11:20:10,4611.8,30627,112897,42388612500,3,3,4150500
IF2203,20220218,20220218,112008500,11:20:10,4611.4,30635,112890,42399679860,8,-7,11067360
IF2203,20220218,20220218,112009000,11:20:10,4611.4,30638,112888,42403830120,3,-2,4150260
IF2203,20220218,20220218,112009500,11:20:10,4611.6,30640,112890,42406597020,2,2,2766900
IF2203,20220218,20220218,112010000,11:20:10,4611.6,30640,112890,42406597020,0,0,0
IF2203,20220218,20220218,112011000,11:20:11,4611.4,30641,112890,42407980440,1,0,1383420
IF2203,20220218,20220218,112012000,11:20:12,4611.6,30642,112891,42409363920,1,1,1383480
IF2203,20220218,20220218,112012500,11:20:12,4611.8,30645,112894,42413514420,3,3,4150500
IF2203,20220218,20220218,112013000,11:20:13,4611.2,30647,112895,42416281380,2,1,2766960
IF2203,20220218,20220218,112013500,11:20:13,4612,30649,112897,42419048340,2,2,2766960
IF2203,20220218,20220218,112014000,11:20:14,4611.6,30650,112897,42420431820,1,0,1383480
IF2203,20220218,20220218,112014500,11:20:14,4611.6,30650,112897,42420431820,0,0,0
IF2203,20220218,20220218,112015000,11:20:15,4612,30651,112897,42421815420,1,0,1383600
IF2203,20220218,20220218,112015500,11:20:16,4612,30651,112897,42421815420,0,0,0
IF2203,20220218,20220218,112016000,11:20:16,4612,30651,112897,42421815420,0,0,0
IF2203,20220218,20220218,112016500,11:20:16,4612,30651,112897,42421815420,0,0,0
IF2203,20220218,20220218,112017000,11:20:17,4612,30651,112897,42421815420,0,0,0
IF2203,20220218,20220218,112017500,11:20:17,4612,30652,112896,42423199020,1,-1,1383600
IF2203,20220218,20220218,112018500,11:20:18,4612,30652,112896,42423199020,0,0,0
IF2203,20220218,20220218,112019000,11:20:19,4611.8,30653,112897,42424582560,1,1,1383540
IF2203,20220218,20220218,112019500,11:20:20,4611.8,30654,112897,42425966100,1,0,1383540
IF2203,20220218,20220218,112020000,11:20:20,4611.8,30654,112897,42425966100,0,0,0
IF2203,20220218,20220218,112020500,11:20:21,4612.2,30655,112897,42427349760,1,0,1383660
IF2203,20220218,20220218,112021000,11:20:21,4612.2,30657,112899,42430117080,2,2,2767320
IF2203,20220218,20220218,112021500,11:20:21,4611.8,30659,112900,42432884220,2,1,2767140
IF2203,20220218,20220218,112022000,11:20:22,4611.8,30659,112900,42432884220,0,0,0
IF2203,20220218,20220218,112022500,11:20:23,4611.8,30662,112898,42437034840,3,-2,4150620
IF2203,20220218,20220218,112023000,11:20:23,4611.8,30662,112898,42437034840,0,0,0
IF2203,20220218,20220218,112023500,11:20:23,4611.8,30662,112898,42437034840,0,0,0
IF2203,20220218,20220218,112024000,11:20:24,4611.8,30662,112898,42437034840,0,0,0
IF2203,20220218,20220218,112024500,11:20:24,4611.8,30665,112897,42441185340,3,-1,4150500
IF2203,20220218,20220218,112026000,11:20:26,4611.8,30667,112899,42443952420,2,2,2767080
IF2203,20220218,20220218,112026500,11:20:26,4611.8,30667,112899,42443952420,0,0,0
IF2203,20220218,20220218,112027000,11:20:27,4611.6,30669,112899,42446719500,2,0,2767080
IF2203,20220218,20220218,112027500,11:20:28,4611.8,30670,112900,42448103040,1,1,1383540
IF2203,20220218,20220218,112028000,11:20:28,4611.8,30670,112900,42448103040,0,0,0
IF2203,20220218,20220218,112028500,11:20:28,4611.8,30670,112900,42448103040,0,0,0
IF2203,20220218,20220218,112029000,11:20:29,4612.2,30672,112900,42450870360,2,0,2767320
IF2203,20220218,20220218,112029500,11:20:30,4612.2,30672,112900,42450870360,0,0,0
IF2203,20220218,20220218,112030000,11:20:31,4611.8,30673,112900,42452253900,1,0,1383540
IF2203,20220218,20220218,112030500,11:20:31,4611.8,30675,112900,42455020980,2,0,2767080
IF2203,20220218,20220218,112031000,11:20:32,4611.6,30678,112898,42459171480,3,-2,4150500
IF2203,20220218,20220218,112031500,11:20:32,4611.6,30678,112898,42459171480,0,0,0
IF2203,20220218,20220218,112032500,11:20:32,4611.6,30678,112898,42459171480,0,0,0
IF2203,20220218,20220218,112033000,11:20:33,4611.6,30679,112897,42460554960,1,-1,1383480
IF2203,20220218,20220218,112033500,11:20:33,4611.6,30679,112897,42460554960,0,0,0
IF2203,20220218,20220218,112034000,11:20:34,4611.6,30679,112897,42460554960,0,0,0
IF2203,20220218,20220218,112034500,11:20:35,4611.6,30681,112899,42463321920,2,2,2766960
IF2203,20220218,20220218,112035000,11:20:35,4611.6,30682,112900,42464705400,1,1,1383480
IF2203,20220218,20220218,112035500,11:20:35,4611.8,30684,112900,42467472420,2,0,2767020
IF2203,20220218,20220218,112036000,11:20:36,4611.8,30685,112899,42468855960,1,-1,1383540
IF2203,20220218,20220218,112036500,11:20:37,4611.2,30687,112899,42471622740,2,0,2766780
IF2203,20220218,20220218,112037000,11:20:37,4611.6,30688,112899,42473006220,1,0,1383480
IF2203,20220218,20220218,112037500,11:20:38,4611.6,30689,112900,42474389700,1,1,1383480
IF2203,20220218,20220218,112038000,11:20:38,4611.6,30689,112900,42474389700,0,0,0
IF2203,20220218,20220218,112038500,11:20:38,4611.2,30690,112900,42475773060,1,0,1383360
IF2203,20220218,20220218,112039000,11:20:39,4611.2,30694,112901,42481306500,4,1,5533440
IF2203,20220218,20220218,112039500,11:20:40,4611.2,30694,112901,42481306500,0,0,0
IF2203,20220218,20220218,112040000,11:20:40,4611,30700,112904,42489606600,6,3,8300100
IF2203,20220218,20220218,112040500,11:20:41,4611,30702,112905,42492373200,2,1,2766600
IF2203,20220218,20220218,112041000,11:20:41,4610.8,30707,112903,42499289580,5,-2,6916380
IF2203,20220218,20220218,112041500,11:20:41,4611,30709,112905,42502056180,2,2,2766600
IF2203,20220218,20220218,112042000,11:20:42,4610.8,30712,112906,42506206080,3,1,4149900
IF2203,20220218,20220218,112042500,11:20:42,4610.6,30714,112908,42508972440,2,2,2766360
IF2203,20220218,20220218,112043000,11:20:43,4610.6,30714,112908,42508972440,0,0,0
IF2203,20220218,20220218,112043500,11:20:44,4611,30716,112910,42511739040,2,2,2766600
IF2203,20220218,20220218,112044000,11:20:44,4611.2,30720,112910,42517272360,4,0,5533320
IF2203,20220218,20220218,112044500,11:20:45,4610.8,30721,112910,42518655600,1,0,1383240
IF2203,20220218,20220218,112045000,11:20:45,4611,30723,112908,42521422200,2,-2,2766600
IF2203,20220218,20220218,112045500,11:20:46,4611,30724,112908,42522805500,1,0,1383300
IF2203,20220218,20220218,112046000,11:20:46,4611,30724,112908,42522805500,0,0,0
IF2203,20220218,20220218,112046500,11:20:46,4611.8,30725,112908,42524189040,1,0,1383540
IF2203,20220218,20220218,112047000,11:20:47,4611.8,30725,112908,42524189040,0,0,0
IF2203,20220218,20220218,112047500,11:20:48,4611.4,30728,112911,42528339300,3,3,4150260
IF2203,20220218,20220218,112048000,11:20:48,4611.4,30729,112911,42529722720,1,0,1383420
IF2203,20220218,20220218,112048500,11:20:50,4611.6,30731,112909,42532489680,2,-2,2766960
IF2203,20220218,20220218,112049000,11:20:50,4611.6,30731,112909,42532489680,0,0,0
IF2203,20220218,20220218,112049500,11:20:50,4611.6,30731,112909,42532489680,0,0,0
IF2203,20220218,20220218,112050500,11:20:50,4611.6,30731,112909,42532489680,0,0,0
IF2203,20220218,20220218,112051000,11:20:51,4611.6,30731,112909,42532489680,0,0,0
IF2203,20220218,20220218,112051500,11:20:52,4611.6,30731,112909,42532489680,0,0,0
IF2203,20220218,20220218,112052000,11:20:53,4612,30733,112909,42535256700,2,0,2767020
IF2203,20220218,20220218,112052500,11:20:53,4612,30733,112909,42535256700,0,0,0
IF2203,20220218,20220218,112053000,11:20:53,4612,30735,112909,42538023900,2,0,2767200
IF2203,20220218,20220218,112053500,11:20:53,4612,30736,112910,42539407500,1,1,1383600
IF2203,20220218,20220218,112054000,11:20:54,4612,30738,112912,42542174700,2,2,2767200
IF2203,20220218,20220218,112054500,11:20:55,4611.8,30742,112913,42547708860,4,1,5534160
IF2203,20220218,20220218,112055000,11:20:55,4611.8,30742,112913,42547708860,0,0,0
IF2203,20220218,20220218,112055500,11:20:56,4612,30744,112915,42550476060,2,2,2767200
IF2203,20220218,20220218,112056000,11:20:56,4611.8,30745,112916,42551859600,1,1,1383540
IF2203,20220218,20220218,112056500,11:20:56,4612,30747,112916,42554626740,2,0,2767140
IF2203,20220218,20220218,112057000,11:20:58,4612,30747,112916,42554626740,0,0,0
IF2203,20220218,20220218,112057500,11:20:58,4612,30747,112916,42554626740,0,0,0
IF2203,20220218,20220218,112058000,11:20:58,4612.2,30751,112917,42560160840,4,1,5534100
IF2203,20220218,20220218,112058500,11:20:59,4612.2,30751,112917,42560160840,0,0,0
IF2203,20220218,20220218,112059000,11:21:00,4612.2,30751,112917,42560160840,0,0,0
IF2203,20220218,20220218,112059500,11:21:00,4612.2,30751,112917,42560160840,0,0,0
IF2203,20220218,20220218,112100000,11:21:00,4612.2,30751,112917,42560160840,0,0,0
IF2203,20220218,20220218,112100500,11:21:01,4612.2,30751,112917,42560160840,0,0,0
IF2203,20220218,20220218,112101000,11:21:01,4612.2,30751,112917,42560160840,0,0,0
IF2203,20220218,20220218,112101500,11:21:02,4612.2,30752,112918,42561544500,1,1,1383660
IF2203,20220218,20220218,112102000,11:21:03,4612.2,30752,112918,42561544500,0,0,0
IF2203,20220218,20220218,112102500,11:21:03,4612.2,30752,112918,42561544500,0,0,0
IF2203,20220218,20220218,112103000,11:21:03,4612.2,30752,112918,42561544500,0,0,0
IF2203,20220218,20220218,112103500,11:21:04,4612.2,30752,112918,42561544500,0,0,0
IF2203,20220218,20220218,112104000,11:21:04,4612,30753,112918,42562928100,1,0,1383600
IF2203,20220218,20220218,112104500,11:21:05,4611.8,30755,112919,42565695180,2,1,2767080
IF2203,20220218,20220218,112105000,11:21:06,4611.8,30756,112918,42567078720,1,-1,1383540
IF2203,20220218,20220218,112105500,11:21:07,4611.6,30758,112918,42569845680,2,0,2766960
IF2203,20220218,20220218,112106000,11:21:07,4611.4,30759,112919,42571229100,1,1,1383420
IF2203,20220218,20220218,112106500,11:21:08,4611.4,30759,112919,42571229100,0,0,0
IF2203,20220218,20220218,112107000,11:21:09,4611.4,30759,112919,42571229100,0,0,0
IF2203,20220218,20220218,112107500,11:21:10,4611.2,30761,112921,42573995940,2,2,2766840
IF2203,20220218,20220218,112108000,11:21:10,4611.2,30761,112921,42573995940,0,0,0
IF2203,20220218,20220218,112110000,11:21:10,4612,30765,112923,42579530040,4,2,5534100
IF2203,20220218,20220218,112110500,11:21:11,4612,30765,112923,42579530040,0,0,0
IF2203,20220218,20220218,112111000,11:21:11,4612,30765,112923,42579530040,0,0,0
IF2203,20220218,20220218,112111500,11:21:12,4611.4,30768,112923,42583680540,3,0,4150500
IF2203,20220218,20220218,112112000,11:21:12,4611.4,30768,112923,42583680540,0,0,0
IF2203,20220218,20220218,112112500,11:21:13,4612,30769,112924,42585064140,1,1,1383600
IF2203,20220218,20220218,112113000,11:21:13,4612,30773,112925,42590598060,4,1,5533920
IF2203,20220218,20220218,112113500,11:21:13,4612,30773,112925,42590598060,0,0,0
IF2203,20220218,20220218,112114000,11:21:14,4612,30773,112925,42590598060,0,0,0
IF2203,20220218,20220218,112114500,11:21:14,4612,30773,112925,42590598060,0,0,0
IF2203,20220218,20220218,112115000,11:21:15,4612,30773,112925,42590598060,0,0,0
IF2203,20220218,20220218,112115500,11:21:15,4612,30773,112925,42590598060,0,0,0
IF2203,20220218,20220218,112116000,11:21:16,4612,30773,112925,42590598060,0,0,0
IF2203,20220218,20220218,112117500,11:21:18,4612,30773,112925,42590598060,0,0,0
IF2203,20220218,20220218,112118000,11:21:18,4611.6,30774,112926,42591981540,1,1,1383480
IF2203,20220218,20220218,112118500,11:21:18,4612.4,30776,112926,42594748980,2,0,2767440
IF2203,20220218,20220218,112119000,11:21:19,4612.4,30778,112927,42597516300,2,1,2767320
IF2203,20220218,20220218,112119500,11:21:20,4611.8,30780,112928,42600283560,2,1,2767260
IF2203,20220218,20220218,112120000,11:21:20,4611.6,30785,112928,42607201140,5,0,6917580
IF2203,20220218,20220218,112120500,11:21:22,4611.6,30785,112928,42607201140,0,0,0
IF2203,20220218,20220218,112121000,11:21:22,4611.6,30785,112928,42607201140,0,0,0
IF2203,20220218,20220218,112121500,11:21:22,4611.6,30785,112928,42607201140,0,0,0
IF2203,20220218,20220218,112122000,11:21:22,4611.6,30786,112929,42608584620,1,1,1383480
IF2203,20220218,20220218,112122500,11:21:22,4611.6,30786,112929,42608584620,0,0,0
IF2203,20220218,20220218,112123500,11:21:23,4611.6,30786,112929,42608584620,0,0,0
IF2203,20220218,20220218,112124000,11:21:24,4611.4,30787,112930,42609968040,1,1,1383420
IF2203,20220218,20220218,112125000,11:23:32,4611.4,30787,112930,42609968040,0,0,0
IF2203,20220218,20220218,112125500,11:23:32,4611.4,30787,112930,42609968040,0,0,0
IF2203,20220218,20220218,112126500,11:23:33,4611.4,30787,112930,42609968040,0,0,0
IF2203,20220218,20220218,112332500,11:23:33,4613.4,31134,113031,43090246680,347,101,480278640
IF2203,20220218,20220218,112333000,11:23:33,4613.4,31134,113031,43090246680,0,0,0
IF2203,20220218,20220218,112333500,11:23:33,4613.4,31136,113032,43093014540,2,1,2767860
IF2203,20220218,20220218,112334000,11:23:34,4613.4,31137,113033,43094398560,1,1,1384020
IF2203,20220218,20220218,112334500,11:23:34,4613.4,31137,113033,43094398560,0,0,0
IF2203,20220218,20220218,112335000,11:23:35,4613.4,31137,113033,43094398560,0,0,0
IF2203,20220218,20220218,112335500,11:23:35,4613.4,31137,113033,43094398560,0,0,0
IF2203,20220218,20220218,112336500,11:23:38,4613.4,31137,113033,43094398560,0,0,0
IF2203,20220218,20220218,112337500,11:23:38,4613.4,31137,113033,43094398560,0,0,0
IF2203,20220218,20220218,112338000,11:23:38,4613.4,31138,113033,43095782580,1,0,1384020
IF2203,20220218,20220218,112338500,11:23:38,4612.8,31140,113033,43098550260,2,0,2767680
IF2203,20220218,20220218,112339000,11:23:39,4612.8,31140,113033,43098550260,0,0,0
IF2203,20220218,20220218,112339500,11:23:39,4612.8,31140,113033,43098550260,0,0,0
IF2203,20220218,20220218,112340000,11:23:40,4612.8,31140,113033,43098550260,0,0,0
IF2203,20220218,20220218,112340500,11:23:40,4612.8,31140,113033,43098550260,0,0,0
IF2203,20220218,20220218,112342500,11:23:43,4612.8,31140,113033,43098550260,0,0,0
IF2203,20220218,20220218,112343500,11:23:43,4612.8,31140,113033,43098550260,0,0,0
IF2203,20220218,20220218,112344000,11:23:45,4612.4,31141,113033,43099933980,1,0,1383720
IF2203,20220218,20220218,112344500,11:23:48,4612.4,31142,113034,43101317700,1,1,1383720
IF2203,20220218,20220218,112345000,11:23:48,4613,31143,113034,43102701600,1,0,1383900
IF2203,20220218,20220218,112345500,11:23:48,4613,31144,113034,43104085500,1,0,1383900
IF2203,20220218,20220218,112348000,11:23:48,4612.2,31147,113033,43108236540,3,-1,4151040
IF2203,20220218,20220218,112348500,11:23:49,4612.2,31147,113033,43108236540,0,0,0
IF2203,20220218,20220218,112349000,11:23:49,4612.8,31148,113033,43109620380,1,0,1383840
IF2203,20220218,20220218,112349500,11:23:50,4612.4,31151,113032,43113771540,3,-1,4151160
IF2203,20220218,20220218,112350000,11:23:50,4612.4,31153,113032,43116538980,2,0,2767440
IF2203,20220218,20220218,112350500,11:23:50,4612.8,31154,113033,43117922820,1,1,1383840
IF2203,20220218,20220218,112351000,11:23:51,4612.8,31154,113033,43117922820,0,0,0
IF2203,20220218,20220218,112352000,11:23:52,4613.2,31155,113033,43119306780,1,0,1383960
IF2203,20220218,20220218,112352500,11:23:52,4613.2,31155,113033,43119306780,0,0,0
IF2203,20220218,20220218,112353000,11:23:53,4613.2,31155,113033,43119306780,0,0,0
IF2203,20220218,20220218,112353500,11:23:53,4613.2,31155,113033,43119306780,0,0,0
IF2203,20220218,20220218,112354000,11:23:54,4613.2,31155,113033,43119306780,0,0,0
IF2203,20220218,20220218,112354500,11:23:55,4613.2,31155,113033,43119306780,0,0,0
IF2203,20220218,20220218,112355000,11:23:55,4613.2,31155,113033,43119306780,0,0,0
IF2203,20220218,20220218,112357000,11:23:57,4613.2,31155,113033,43119306780,0,0,0
IF2203,20220218,20220218,112358000,11:23:58,4613.2,31155,113033,43119306780,0,0,0
IF2203,20220218,20220218,112358500,11:23:58,4612.8,31158,113033,43123458420,3,0,4151640
IF2203,20220218,20220218,112359000,11:23:59,4612.8,31162,113034,43128994020,4,1,5535600
IF2203,20220218,20220218,112359500,11:23:59,4612.6,31164,113034,43131761580,2,0,2767560
IF2203,20220218,20220218,112400000,11:24:00,4612.6,31164,113034,43131761580,0,0,0
IF2203,20220218,20220218,112400500,11:24:00,4612.4,31165,113034,43133145300,1,0,1383720
IF2203,20220218,20220218,112401000,11:24:01,4613,31167,113032,43135913100,2,-2,2767800
IF2203,20220218,20220218,112401500,11:24:01,4613,31167,113032,43135913100,0,0,0
IF2203,20220218,20220218,112402000,11:24:02,4613,31167,113032,43135913100,0,0,0
IF2203,20220218,20220218,112403000,11:24:03,4612.6,31168,113032,43137296880,1,0,1383780
IF2203,20220218,20220218,112403500,11:24:04,4612.6,31168,113032,43137296880,0,0,0
IF2203,20220218,20220218,112404500,11:24:04,4613,31169,113033,43138680780,1,1,1383900
IF2203,20220218,20220218,112405000,11:24:05,4613,31170,113033,43140064680,1,0,1383900
IF2203,20220218,20220218,112405500,11:24:05,4613,31170,113033,43140064680,0,0,0
IF2203,20220218,20220218,112406000,11:24:06,4612.6,31173,113031,43144216260,3,-2,4151580
IF2203,20220218,20220218,112406500,11:24:06,4612.6,31173,113031,43144216260,0,0,0
IF2203,20220218,20220218,112407000,11:24:07,4613.6,31176,113031,43148368320,3,0,4152060
IF2203,20220218,20220218,112407500,11:24:08,4613.6,31178,113032,43151136480,2,1,2768160
IF2203,20220218,20220218,112408000,11:24:08,4613.6,31179,113032,43152520560,1,0,1384080
IF2203,20220218,20220218,112408500,11:24:08,4613.8,31180,113032,43153904700,1,0,1384140
IF2203,20220218,20220218,112409000,11:24:11,4613.8,31180,113032,43153904700,0,0,0
IF2203,20220218,20220218,112409500,11:24:11,4613.6,31181,113031,43155288780,1,-1,1384080
IF2203,20220218,20220218,112410000,11:24:12,4613.6,31181,113031,43155288780,0,0,0
IF2203,20220218,20220218,112410500,11:24:12,4613.2,31184,113033,43159440840,3,2,4152060
IF2203,20220218,20220218,112411500,11:24:12,4613.2,31184,113033,43159440840,0,0,0
IF2203,20220218,20220218,112412000,11:24:12,4613.2,31186,113035,43162208760,2,2,2767920
IF2203,20220218,20220218,112412500,11:24:13,4613.2,31186,113035,43162208760,0,0,0
IF2203,20220218,20220218,112413000,11:24:13,4613.2,31186,113035,43162208760,0,0,0
IF2203,20220218,20220218,112413500,11:24:14,4613.2,31186,113035,43162208760,0,0,0
IF2203,20220218,20220218,112414500,11:24:15,4613.2,31187,113035,43163592720,1,0,1383960
IF2203,20220218,20220218,112415000,11:24:15,4612.8,31188,113034,43164976560,1,-1,1383840
IF2203,20220218,20220218,112415500,11:24:15,4612.8,31188,113034,43164976560,0,0,0
IF2203,20220218,20220218,112416000,11:24:16,4612.8,31188,113034,43164976560,0,0,0
IF2203,20220218,20220218,112416500,11:24:17,4612.8,31188,113034,43164976560,0,0,0
IF2203,20220218,20220218,112417000,11:24:17,4612.8,31188,113034,43164976560,0,0,0
IF2203,20220218,20220218,112418000,11:24:18,4613.6,31189,113034,43166360640,1,0,1384080
IF2203,20220218,20220218,112418500,11:24:19,4613.6,31192,113034,43170512880,3,0,4152240
IF2203,20220218,20220218,112419000,11:24:19,4613.8,31194,113035,43173281100,2,1,2768220
IF2203,20220218,20220218,112419500,11:24:20,4613.8,31196,113034,43176049380,2,-1,2768280
IF2203,20220218,20220218,112420000,11:24:20,4613.8,31196,113034,43176049380,0,0,0
IF2203,20220218,20220218,112420500,11:24:21,4613.6,31197,113035,43177433460,1,1,1384080
IF2203,20220218,20220218,112421000,11:24:21,4613.8,31198,113036,43178817600,1,1,1384140
IF2203,20220218,20220218,112421500,11:24:22,4614,31200,113034,43181586000,2,-2,2768400
IF2203,20220218,20220218,112422000,11:24:22,4614,31200,113034,43181586000,0,0,0
IF2203,20220218,20220218,112422500,11:24:23,4614.2,31202,113032,43184354520,2,-2,2768520
IF2203,20220218,20220218,112423000,11:24:23,4614.2,31202,113032,43184354520,0,0,0
IF2203,20220218,20220218,112423500,11:24:24,4614.2,31202,113032,43184354520,0,0,0
IF2203,20220218,20220218,112424000,11:24:24,4614.2,31204,113030,43187123040,2,-2,2768520
IF2203,20220218,20220218,112424500,11:24:24,4614.2,31205,113030,43188507300,1,0,1384260
IF2203,20220218,20220218,112425000,11:24:25,4614.2,31206,113030,43189891560,1,0,1384260
IF2203,20220218,20220218,112425500,11:24:25,4614.4,31210,113028,43195428540,4,-2,5536980
IF2203,20220218,20220218,112426000,11:24:26,4614.4,31210,113028,43195428540,0,0,0
IF2203,20220218,20220218,112426500,11:24:26,4614.2,31211,113027,43196812800,1,-1,1384260
IF2203,20220218,20220218,112427000,11:24:27,4614.2,31212,113027,43198197060,1,0,1384260
IF2203,20220218,20220218,112427500,11:24:28,4613.8,31213,113027,43199581200,1,0,1384140
IF2203,20220218,20220218,112428000,11:24:28,4613.6,31214,113027,43200965280,1,0,1384080
IF2203,20220218,20220218,112428500,11:24:28,4613.6,31214,113027,43200965280,0,0,0
IF2203,20220218,20220218,112429000,11:24:29,4614.4,31216,113028,43203733860,2,1,2768580
IF2203,20220218,20220218,112429500,11:24:29,4614,31217,113027,43205118060,1,-1,1384200
IF2203,20220218,20220218,112430000,11:24:30,4614.2,31218,113026,43206502320,1,-1,1384260
IF2203,20220218,20220218,112430500,11:24:30,4614.2,31218,113026,43206502320,0,0,0
IF2203,20220218,20220218,112431000,11:24:31,4614,31220,113028,43209270720,2,2,2768400
IF2203,20220218,20220218,112431500,11:24:31,4614,31224,113027,43214807580,4,-1,5536860
IF2203,20220218,20220218,112432000,11:24:32,4613.4,31225,113028,43216191600,1,1,1384020
IF2203,20220218,20220218,112432500,11:24:33,4613.4,31225,113028,43216191600,0,0,0
IF2203,20220218,20220218,112433000,11:24:33,4614.2,31226,113027,43217575860,1,-1,1384260
IF2203,20220218,20220218,112433500,11:24:33,4613.6,31229,113030,43221728100,3,3,4152240
IF2203,20220218,20220218,112434000,11:24:34,4613.6,31229,113030,43221728100,0,0,0
IF2203,20220218,20220218,112434500,11:24:34,4613.6,31229,113030,43221728100,0,0,0
IF2203,20220218,20220218,112435000,11:24:35,4613.6,31229,113030,43221728100,0,0,0
IF2203,20220218,20220218,112435500,11:24:35,4613.6,31229,113030,43221728100,0,0,0
IF2203,20220218,20220218,112436000,11:24:36,4613.6,31231,113031,43224496260,2,1,2768160
IF2203,20220218,20220218,112436500,11:24:36,4613.2,31232,113031,43225880220,1,0,1383960
IF2203,20220218,20220218,112437000,11:24:37,4613.6,31234,113030,43228648380,2,-1,2768160
IF2203,20220218,20220218,112437500,11:24:37,4613.2,31235,113030,43230032340,1,0,1383960
IF2203,20220218,20220218,112438000,11:24:39,4613.2,31235,113030,43230032340,0,0,0
IF2203,20220218,20220218,112438500,11:24:39,4613.2,31235,113030,43230032340,0,0,0
IF2203,20220218,20220218,112439000,11:24:40,4613.2,31235,113030,43230032340,0,0,0
IF2203,20220218,20220218,112440000,11:24:40,4613.2,31235,113030,43230032340,0,0,0
IF2203,20220218,20220218,112440500,11:24:40,4613.2,31235,113030,43230032340,0,0,0
IF2203,20220218,20220218,112441000,11:24:41,4613.2,31235,113030,43230032340,0,0,0
IF2203,20220218,20220218,112442000,11:24:42,4613.2,31235,113030,43230032340,0,0,0
IF2203,20220218,20220218,112442500,11:24:42,4614,31236,113030,43231416540,1,0,1384200
IF2203,20220218,20220218,112443000,11:24:43,4614,31236,113030,43231416540,0,0,0
IF2203,20220218,20220218,112443500,11:24:43,4614,31236,113030,43231416540,0,0,0
IF2203,20220218,20220218,112444000,11:24:44,4614,31236,113030,43231416540,0,0,0
IF2203,20220218,20220218,112444500,11:24:44,4614,31236,113030,43231416540,0,0,0
IF2203,20220218,20220218,112445000,11:24:45,4614,31236,113030,43231416540,0,0,0
IF2203,20220218,20220218,112446000,11:24:46,4614,31236,113030,43231416540,0,0,0
IF2203,20220218,20220218,112446500,11:24:46,4614,31236,113030,43231416540,0,0,0
IF2203,20220218,20220218,112447000,11:24:47,4613.8,31237,113030,43232800680,1,0,1384140
IF2203,20220218,20220218,112447500,11:24:47,4614.2,31239,113030,43235569080,2,0,2768400
IF2203,20220218,20220218,112448000,11:24:48,4613.8,31241,113031,43238337360,2,1,2768280
IF2203,20220218,20220218,112448500,11:24:49,4613.8,31241,113031,43238337360,0,0,0
IF2203,20220218,20220218,112449000,11:24:49,4613.8,31241,113031,43238337360,0,0,0
IF2203,20220218,20220218,112449500,11:24:49,4613.8,31241,113031,43238337360,0,0,0
IF2203,20220218,20220218,112450000,11:24:50,4614.2,31242,113031,43239721620,1,0,1384260
IF2203,20220218,20220218,112450500,11:24:50,4614.2,31242,113031,43239721620,0,0,0
IF2203,20220218,20220218,112451000,11:24:51,4614.6,31243,113031,43241106000,1,0,1384380
IF2203,20220218,20220218,112451500,11:24:52,4614.6,31243,113031,43241106000,0,0,0
IF2203,20220218,20220218,112452000,11:24:52,4614.6,31243,113031,43241106000,0,0,0
IF2203,20220218,20220218,112452500,11:24:52,4614.6,31243,113031,43241106000,0,0,0
IF2203,20220218,20220218,112453000,11:24:53,4614.6,31243,113031,43241106000,0,0,0
IF2203,20220218,20220218,112453500,11:24:53,4614.6,31243,113031,43241106000,0,0,0
IF2203,20220218,20220218,112454000,11:24:54,4614,31244,113032,43242490200,1,1,1384200
IF2203,20220218,20220218,112454500,11:24:54,4614,31244,113032,43242490200,0,0,0
IF2203,20220218,20220218,112455000,11:24:55,4614,31248,113035,43248027000,4,3,5536800
IF2203,20220218,20220218,112455500,11:24:56,4614,31248,113035,43248027000,0,0,0
IF2203,20220218,20220218,112456000,11:24:56,4614,31248,113035,43248027000,0,0,0
IF2203,20220218,20220218,112456500,11:24:56,4613.4,31249,113034,43249411020,1,-1,1384020
IF2203,20220218,20220218,112457000,11:24:57,4613.8,31251,113035,43252179300,2,1,2768280
IF2203,20220218,20220218,112457500,11:24:57,4613.8,31251,113035,43252179300,0,0,0
IF2203,20220218,20220218,112458000,11:24:58,4613.8,31251,113035,43252179300,0,0,0
IF2203,20220218,20220218,112458500,11:24:58,4614,31255,113037,43257716100,4,2,5536800
IF2203,20220218,20220218,112459000,11:24:59,4614,31256,113037,43259100300,1,0,1384200
IF2203,20220218,20220218,112459500,11:24:59,4614,31256,113037,43259100300,0,0,0
IF2203,20220218,20220218,112500000,11:25:01,4614.2,31257,113037,43260484560,1,0,1384260
IF2203,20220218,20220218,112500500,11:25:01,4614.6,31259,113037,43263253260,2,0,2768700
IF2203,20220218,20220218,112501000,11:25:02,4614.8,31260,113037,43264637700,1,0,1384440
IF2203,20220218,20220218,112501500,11:25:04,4615,31266,113036,43272944460,6,-1,8306760
IF2203,20220218,20220218,112502000,11:25:05,4615.2,31273,113035,43282636200,7,-1,9691740
IF2203,20220218,20220218,112502500,11:25:06,4615.6,31280,113035,43292328720,7,0,9692520
IF2203,20220218,20220218,112504500,11:25:06,4615.6,31280,113035,43292328720,0,0,0
IF2203,20220218,20220218,112505500,11:25:06,4616,31319,113047,43346340000,39,12,54011280
IF2203,20220218,20220218,112506000,11:25:07,4616,31319,113047,43346340000,0,0,0
IF2203,20220218,20220218,112506500,11:25:07,4616,31319,113047,43346340000,0,0,0
IF2203,20220218,20220218,112507000,11:25:07,4616,31319,113047,43346340000,0,0,0
IF2203,20220218,20220218,112507500,11:25:07,4616,31320,113048,43347724800,1,1,1384800
IF2203,20220218,20220218,112508000,11:25:08,4616,31321,113048,43349109600,1,0,1384800
IF2203,20220218,20220218,112508500,11:25:08,4616.6,31323,113050,43351879560,2,2,2769960
IF2203,20220218,20220218,112509000,11:25:09,4616,31326,113049,43356034140,3,-1,4154580
IF2203,20220218,20220218,112509500,11:25:10,4616,31328,113051,43358803740,2,2,2769600
IF2203,20220218,20220218,112510000,11:25:10,4616,31329,113051,43360188540,1,0,1384800
IF2203,20220218,20220218,112510500,11:25:10,4616.4,31332,113052,43364343060,3,1,4154520
IF2203,20220218,20220218,112511000,11:25:11,4616.4,31332,113052,43364343060,0,0,0
IF2203,20220218,20220218,112511500,11:25:11,4615.6,31333,113053,43365727740,1,1,1384680
IF2203,20220218,20220218,112512000,11:25:12,4616.2,31334,113054,43367112600,1,1,1384860
IF2203,20220218,20220218,112512500,11:25:12,4616,31335,113054,43368497400,1,0,1384800
IF2203,20220218,20220218,112513000,11:25:13,4616.4,31337,113053,43371267120,2,-1,2769720
IF2203,20220218,20220218,112513500,11:25:15,4616.4,31338,113053,43372652040,1,0,1384920
IF2203,20220218,20220218,112514000,11:25:15,4616.4,31339,113053,43374036960,1,0,1384920
IF2203,20220218,20220218,112514500,11:25:15,4616.4,31339,113053,43374036960,0,0,0
IF2203,20220218,20220218,112515000,11:25:16,4616,31340,113053,43375421760,1,0,1384800
IF2203,20220218,20220218,112515500,11:25:16,4615.6,31342,113054,43378191240,2,1,2769480
IF2203,20220218,20220218,112516000,11:25:16,4615.6,31344,113053,43380960600,2,-1,2769360
IF2203,20220218,20220218,112516500,11:25:16,4615.6,31344,113053,43380960600,0,0,0
IF2203,20220218,20220218,112517000,11:25:18,4615.6,31344,113053,43380960600,0,0,0
IF2203,20220218,20220218,112517500,11:25:18,4615.8,31346,113054,43383730080,2,1,2769480
IF2203,20220218,20220218,112518000,11:25:18,4615.8,31346,113054,43383730080,0,0,0
IF2203,20220218,20220218,112518500,11:25:19,4616,31348,113054,43386499680,2,0,2769600
IF2203,20220218,20220218,112519000,11:25:19,4616.2,31350,113055,43389269160,2,1,2769480
IF2203,20220218,20220218,112519500,11:25:19,4616.2,31351,113054,43390654020,1,-1,1384860
IF2203,20220218,20220218,112520000,11:25:21,4615.4,31352,113054,43392038640,1,0,1384620
IF2203,20220218,20220218,112520500,11:25:21,4615.4,31354,113054,43394807880,2,0,2769240
IF2203,20220218,20220218,112521000,11:25:22,4615.4,31354,113054,43394807880,0,0,0
IF2203,20220218,20220218,112521500,11:25:22,4615.6,31355,113055,43396192560,1,1,1384680
IF2203,20220218,20220218,112522000,11:25:22,4615.4,31356,113055,43397577180,1,0,1384620
IF2203,20220218,20220218,112522500,11:25:22,4615.4,31356,113055,43397577180,0,0,0
IF2203,20220218,20220218,112523000,11:25:23,4615.4,31357,113056,43398961800,1,1,1384620
IF2203,20220218,20220218,112523500,11:25:24,4615.2,31358,113056,43400346360,1,0,1384560
IF2203,20220218,20220218,112524000,11:25:25,4615.2,31358,113056,43400346360,0,0,0
IF2203,20220218,20220218,112524500,11:25:25,4615.6,31359,113057,43401731040,1,1,1384680
IF2203,20220218,20220218,112525000,11:25:25,4615.4,31360,113057,43403115660,1,0,1384620
IF2203,20220218,20220218,112525500,11:25:26,4615.4,31361,113058,43404500280,1,1,1384620
IF2203,20220218,20220218,112526000,11:25:26,4615.8,31362,113058,43405885020,1,0,1384740
IF2203,20220218,20220218,112526500,11:25:27,4615.8,31362,113058,43405885020,0,0,0
IF2203,20220218,20220218,112527000,11:25:27,4615.8,31362,113058,43405885020,0,0,0
IF2203,20220218,20220218,112527500,11:25:28,4615.8,31362,113058,43405885020,0,0,0
IF2203,20220218,20220218,112528500,11:25:28,4615.8,31363,113057,43407269760,1,-1,1384740
IF2203,20220218,20220218,112529000,11:25:29,4615.8,31363,113057,43407269760,0,0,0
IF2203,20220218,20220218,112529500,11:25:30,4615.8,31363,113057,43407269760,0,0,0
IF2203,20220218,20220218,112530000,11:25:31,4616,31367,113057,43412808600,4,0,5538840
IF2203,20220218,20220218,112530500,11:25:31,4616,31367,113057,43412808600,0,0,0
IF2203,20220218,20220218,112531000,11:25:31,4616.4,31368,113056,43414193520,1,-1,1384920
IF2203,20220218,20220218,112531500,11:25:32,4616.4,31368,113056,43414193520,0,0,0
IF2203,20220218,20220218,112532000,11:25:32,4616.4,31368,113056,43414193520,0,0,0
IF2203,20220218,20220218,112532500,11:25:33,4615.8,31369,113056,43415578260,1,0,1384740
IF2203,20220218,20220218,112533000,11:25:33,4615.8,31369,113056,43415578260,0,0,0
IF2203,20220218,20220218,112533500,11:25:33,4615.8,31370,113056,43416963000,1,0,1384740
IF2203,20220218,20220218,112534000,11:25:34,4616.4,31372,113057,43419732660,2,1,2769660
IF2203,20220218,20220218,112534500,11:25:35,4616.4,31372,113057,43419732660,0,0,0
IF2203,20220218,20220218,112535000,11:25:36,4616.4,31374,113059,43422502500,2,2,2769840
IF2203,20220218,20220218,112535500,11:25:37,4616.4,31378,113063,43428041820,4,4,5539320
IF2203,20220218,20220218,112536000,11:25:37,4616,31379,113064,43429426620,1,1,1384800
IF2203,20220218,20220218,112536500,11:25:37,4616,31380,113065,43430811420,1,1,1384800
IF2203,20220218,20220218,112537000,11:25:38,4616.4,31382,113063,43433581260,2,-2,2769840
IF2203,20220218,20220218,112537500,11:25:38,4616.4,31382,113063,43433581260,0,0,0
IF2203,20220218,20220218,112538000,11:25:38,4616.6,31384,113065,43436351220,2,2,2769960
IF2203,20220218,20220218,112538500,11:25:39,4616.6,31389,113067,43443276300,5,2,6925080
IF2203,20220218,20220218,112539000,11:25:39,4616.6,31396,113069,43452971700,7,2,9695400
IF2203,20220218,20220218,112539500,11:25:40,4617,31397,113069,43454356800,1,0,1385100
IF2203,20220218,20220218,112540000,11:25:40,4617,31400,113069,43458512160,3,0,4155360
IF2203,20220218,20220218,112540500,11:25:41,4616.8,31401,113069,43459897200,1,0,1385040
IF2203,20220218,20220218,112541000,11:25:41,4616.8,31404,113068,43464052440,3,-1,4155240
IF2203,20220218,20220218,112541500,11:25:41,4616.8,31407,113068,43468207920,3,0,4155480
IF2203,20220218,20220218,112542000,11:25:42,4617.6,31412,113071,43475134200,5,3,6926280
IF2203,20220218,20220218,112542500,11:25:43,4616.8,31413,113070,43476519240,1,-1,1385040
IF2203,20220218,20220218,112543000,11:25:43,4617.6,31421,113071,43487600700,8,1,11081460
IF2203,20220218,20220218,112543500,11:25:43,4617.6,31422,113070,43488985980,1,-1,1385280
IF2203,20220218,20220218,112544000,11:25:44,4616.6,31423,113071,43490370960,1,1,1384980
IF2203,20220218,20220218,112544500,11:25:44,4616.6,31423,113071,43490370960,0,0,0
IF2203,20220218,20220218,112545000,11:25:45,4616.8,31425,113072,43493141040,2,1,2770080
IF2203,20220218,20220218,112545500,11:25:46,4616.8,31425,113072,43493141040,0,0,0
IF2203,20220218,20220218,112546000,11:25:47,4616.8,31425,113072,43493141040,0,0,0
IF2203,20220218,20220218,112546500,11:25:48,4616.6,31428,113073,43497296040,3,1,4155000
IF2203,20220218,20220218,112547000,11:25:48,4616.6,31429,113073,43498681020,1,0,1384980
IF2203,20220218,20220218,112547500,11:25:48,4616.6,31429,113073,43498681020,0,0,0
IF2203,20220218,20220218,112548000,11:25:48,4617.2,31432,113074,43502836260,3,1,4155240
IF2203,20220218,20220218,112548500,11:25:48,4616.6,31433,113073,43504221240,1,-1,1384980
IF2203,20220218,20220218,112549000,11:25:49,4616.6,31434,113073,43505606220,1,0,1384980
IF2203,20220218,20220218,112549500,11:25:49,4616.6,31434,113073,43505606220,0,0,0
IF2203,20220218,20220218,112550000,11:25:50,4616.6,31435,113073,43506991200,1,0,1384980
IF2203,20220218,20220218,112550500,11:25:51,4616.6,31438,113073,43511146140,3,0,4154940
IF2203,20220218,20220218,112551000,11:25:51,4616.6,31438,113073,43511146140,0,0,0
IF2203,20220218,20220218,112551500,11:25:51,4617.2,31439,113073,43512531300,1,0,1385160
IF2203,20220218,20220218,112552000,11:25:52,4617.2,31439,113073,43512531300,0,0,0
IF2203,20220218,20220218,112552500,11:25:52,4617.6,31445,113076,43520842560,6,3,8311260
IF2203,20220218,20220218,112553000,11:25:53,4616.6,31446,113075,43522227540,1,-1,1384980
IF2203,20220218,20220218,112553500,11:25:54,4616.6,31446,113075,43522227540,0,0,0
IF2203,20220218,20220218,112554000,11:25:54,4616.6,31446,113075,43522227540,0,0,0
IF2203,20220218,20220218,112554500,11:25:55,4616.6,31448,113077,43524997740,2,2,2770200
IF2203,20220218,20220218,112555000,11:25:55,4616.8,31450,113077,43527767880,2,0,2770140
IF2203,20220218,20220218,112555500,11:25:56,4617.4,31455,113080,43534693440,5,3,6925560
IF2203,20220218,20220218,112556000,11:25:57,4617.4,31455,113080,43534693440,0,0,0
IF2203,20220218,20220218,112556500,11:25:57,4617,31456,113080,43536078540,1,0,1385100
IF2203,20220218,20220218,112557000,11:25:57,4616.6,31457,113080,43537463520,1,0,1384980
IF2203,20220218,20220218,112557500,11:25:57,4616.6,31459,113080,43540233540,2,0,2770020
IF2203,20220218,20220218,112558000,11:25:59,4616.6,31464,113078,43547158020,5,-2,6924480
IF2203,20220218,20220218,112558500,11:25:59,4616.2,31470,113077,43555467060,6,-1,8309040
IF2203,20220218,20220218,112559000,11:26:00,4616.2,31470,113077,43555467060,0,0,0
IF2203,20220218,20220218,112559500,11:26:00,4616,31471,113077,43556851860,1,0,1384800
IF2203,20220218,20220218,112600000,11:26:00,4616,31471,113077,43556851860,0,0,0
IF2203,20220218,20220218,112600500,11:26:01,4616,31471,113077,43556851860,0,0,0
IF2203,20220218,20220218,112601000,11:26:01,4616,31472,113076,43558236660,1,-1,1384800
IF2203,20220218,20220218,112601500,11:26:02,4616.6,31474,113077,43561006440,2,1,2769780
IF2203,20220218,20220218,112602000,11:26:03,4616.6,31474,113077,43561006440,0,0,0
IF2203,20220218,20220218,112602500,11:26:03,4616.8,31475,113076,43562391480,1,-1,1385040
IF2203,20220218,20220218,112603000,11:26:03,4617,31476,113077,43563776580,1,1,1385100
IF2203,20220218,20220218,112603500,11:26:04,4617,31477,113078,43565161680,1,1,1385100
IF2203,20220218,20220218,112604000,11:26:05,4616.6,31480,113078,43569316860,3,0,4155180
IF2203,20220218,20220218,112604500,11:26:05,4616.4,31483,113079,43573471740,3,1,4154880
IF2203,20220218,20220218,112605000,11:26:05,4616.4,31483,113079,43573471740,0,0,0
IF2203,20220218,20220218,112606000,11:26:06,4616.4,31483,113079,43573471740,0,0,0
IF2203,20220218,20220218,112606500,11:26:09,4616.6,31484,113080,43574856720,1,1,1384980
IF2203,20220218,20220218,112607000,11:26:09,4616.6,31484,113080,43574856720,0,0,0
IF2203,20220218,20220218,112607500,11:26:09,4616.6,31484,113080,43574856720,0,0,0
IF2203,20220218,20220218,112609000,11:26:09,4616.6,31489,113081,43581781620,5,1,6924900
IF2203,20220218,20220218,112609500,11:26:10,4616.6,31489,113081,43581781620,0,0,0
IF2203,20220218,20220218,112610000,11:26:10,4616.6,31490,113082,43583166600,1,1,1384980
IF2203,20220218,20220218,112610500,11:26:11,4617,31492,113082,43585936620,2,0,2770020
IF2203,20220218,20220218,112611000,11:26:11,4617,31492,113082,43585936620,0,0,0
IF2203,20220218,20220218,112611500,11:26:13,4617,31492,113082,43585936620,0,0,0
IF2203,20220218,20220218,112612000,11:26:14,4617,31493,113083,43587321720,1,1,1385100
IF2203,20220218,20220218,112612500,11:26:14,4617.2,31495,113082,43590092040,2,-1,2770320
IF2203,20220218,20220218,112613000,11:26:15,4617,31496,113083,43591477140,1,1,1385100
IF2203,20220218,20220218,112613500,11:26:15,4616.6,31498,113084,43594247100,2,1,2769960
IF2203,20220218,20220218,112614000,11:26:15,4616.6,31499,113085,43595632080,1,1,1384980
IF2203,20220218,20220218,112614500,11:26:15,4616.6,31499,113085,43595632080,0,0,0
IF2203,20220218,20220218,112615000,11:26:16,4616.6,31500,113086,43597017060,1,1,1384980
IF2203,20220218,20220218,112615500,11:26:16,4617,31501,113086,43598402160,1,0,1385100
IF2203,20220218,20220218,112616000,11:26:16,4617,31501,113086,43598402160,0,0,0
IF2203,20220218,20220218,112616500,11:26:17,4617,31501,113086,43598402160,0,0,0
IF2203,20220218,20220218,112617000,11:26:17,4617,31502,113087,43599787260,1,1,1385100
IF2203,20220218,20220218,112617500,11:26:17,4616.6,31504,113088,43602557400,2,1,2770140
IF2203,20220218,20220218,112618000,11:26:18,4616.6,31505,113089,43603942380,1,1,1384980
IF2203,20220218,20220218,112619000,11:26:19,4616.6,31505,113089,43603942380,0,0,0
IF2203,20220218,20220218,112619500,11:26:20,4616.6,31505,113089,43603942380,0,0,0
IF2203,20220218,20220218,112620500,11:26:20,4616.8,31506,113088,43605327420,1,-1,1385040
IF2203,20220218,20220218,112621000,11:26:21,4616.6,31509,113090,43609482840,3,2,4155420
IF2203,20220218,20220218,112621500,11:26:21,4616.6,31514,113091,43616407740,5,1,6924900
IF2203,20220218,20220218,112622000,11:26:22,4616.4,31515,113090,43617792660,1,-1,1384920
IF2203,20220218,20220218,112622500,11:26:23,4616.4,31517,113090,43620562500,2,0,2769840
IF2203,20220218,20220218,112623000,11:26:23,4616.6,31518,113090,43621947480,1,0,1384980
IF2203,20220218,20220218,112623500,11:26:23,4616.6,31518,113090,43621947480,0,0,0
IF2203,20220218,20220218,112624000,11:26:24,4617,31519,113089,43623332580,1,-1,1385100
IF2203,20220218,20220218,112624500,11:26:24,4617,31519,113089,43623332580,0,0,0
IF2203,20220218,20220218,112625000,11:26:25,4617,31520,113090,43624717680,1,1,1385100
IF2203,20220218,20220218,112625500,11:26:25,4617,31520,113090,43624717680,0,0,0
IF2203,20220218,20220218,112627500,11:26:27,4617,31522,113090,43627487880,2,0,2770200
IF2203,20220218,20220218,112628000,11:26:28,4617,31522,113090,43627487880,0,0,0
IF2203,20220218,20220218,112628500,11:26:28,4617.2,31523,113089,43628873040,1,-1,1385160
IF2203,20220218,20220218,112629000,11:26:29,4617.2,31523,113089,43628873040,0,0,0
IF2203,20220218,20220218,112629500,11:26:30,4616.8,31524,113090,43630258080,1,1,1385040
IF2203,20220218,20220218,112630000,11:26:31,4616.8,31524,113090,43630258080,0,0,0
IF2203,20220218,20220218,112630500,11:26:31,4617,31526,113091,43633028280,2,1,2770200
IF2203,20220218,20220218,112632500,11:26:32,4617.6,31528,113090,43635798780,2,-1,2770500
IF2203,20220218,20220218,112633000,11:26:33,4616.8,31530,113090,43638569040,2,0,2770260
IF2203,20220218,20220218,112633500,11:26:34,4616.4,31532,113091,43641338940,2,1,2769900
IF2203,20220218,20220218,112634000,11:26:35,4616.4,31532,113091,43641338940,0,0,0
IF2203,20220218,20220218,112634500,11:26:37,4616.8,31533,113092,43642723980,1,1,1385040
IF2203,20220218,20220218,112635000,11:26:37,4617,31535,113092,43645494120,2,0,2770140
IF2203,20220218,20220218,112635500,11:26:38,4617,31536,113092,43646879220,1,0,1385100
IF2203,20220218,20220218,112637000,11:26:38,4617,31536,113092,43646879220,0,0,0
IF2203,20220218,20220218,112637500,11:27:10,4616.2,31537,113092,43648264080,1,0,1384860
IF2203,20220218,20220218,112638000,11:27:10,4616.2,31538,113093,43649648940,1,1,1384860
IF2203,20220218,20220218,112653500,11:27:10,4616.2,31538,113093,43649648940,0,0,0
IF2203,20220218,20220218,112710000,11:27:12,4616.2,31538,113093,43649648940,0,0,0
IF2203,20220218,20220218,112712000,11:27:12,4616.2,31538,113093,43649648940,0,0,0
IF2203,20220218,20220218,112712500,11:27:13,4616.2,31538,113093,43649648940,0,0,0
IF2203,20220218,20220218,112713000,11:27:14,4616.2,31538,113093,43649648940,0,0,0
IF2203,20220218,20220218,112713500,11:27:14,4616.2,31538,113093,43649648940,0,0,0
IF2203,20220218,20220218,112714000,11:27:15,4616.2,31538,113093,43649648940,0,0,0
IF2203,20220218,20220218,112714500,11:27:15,4616.2,31538,113093,43649648940,0,0,0
IF2203,20220218,20220218,112715000,11:27:16,4616,31584,113117,43713351660,46,24,63702720
IF2203,20220218,20220218,112715500,11:27:16,4616.8,31585,113118,43714736700,1,1,1385040
IF2203,20220218,20220218,112716000,11:27:17,4616.8,31587,113119,43717506600,2,1,2769900
IF2203,20220218,20220218,112716500,11:27:17,4616.8,31587,113119,43717506600,0,0,0
IF2203,20220218,20220218,112717000,11:27:17,4616,31588,113119,43718891400,1,0,1384800
IF2203,20220218,20220218,112717500,11:27:17,4616,31588,113119,43718891400,0,0,0
IF2203,20220218,20220218,112718000,11:27:18,4616.2,31589,113120,43720276260,1,1,1384860
IF2203,20220218,20220218,112718500,11:27:19,4616.2,31589,113120,43720276260,0,0,0
IF2203,20220218,20220218,112719500,11:27:20,4616.2,31589,113120,43720276260,0,0,0
IF2203,20220218,20220218,112720000,11:27:20,4616,31590,113121,43721661060,1,1,1384800
IF2203,20220218,20220218,112720500,11:27:21,4616.8,31591,113122,43723046100,1,1,1385040
IF2203,20220218,20220218,112721000,11:27:21,4616,31592,113123,43724430900,1,1,1384800
IF2203,20220218,20220218,112721500,11:27:22,4616,31592,113123,43724430900,0,0,0
IF2203,20220218,20220218,112722500,11:27:26,4616,31592,113123,43724430900,0,0,0
IF2203,20220218,20220218,112723000,11:27:26,4616.2,31594,113125,43727200620,2,2,2769720
IF2203,20220218,20220218,112723500,11:27:27,4616.8,31596,113125,43729970700,2,0,2770080
IF2203,20220218,20220218,112724000,11:27:27,4617,31600,113126,43735510920,4,1,5540220
IF2203,20220218,20220218,112726500,11:27:27,4617.2,31604,113126,43741051320,4,0,5540400
IF2203,20220218,20220218,112727000,11:27:27,4617,31607,113129,43745206740,3,3,4155420
IF2203,20220218,20220218,112727500,11:27:27,4617,31607,113129,43745206740,0,0,0
IF2203,20220218,20220218,112728000,11:27:28,4617,31609,113130,43747977000,2,1,2770260
IF2203,20220218,20220218,112728500,11:27:28,4617.2,31610,113130,43749362160,1,0,1385160
IF2203,20220218,20220218,112729000,11:27:29,4617.2,31610,113130,43749362160,0,0,0
IF2203,20220218,20220218,112729500,11:27:30,4617,31612,113131,43752132420,2,1,2770260
IF2203,20220218,20220218,112730000,11:27:30,4617.4,31613,113131,43753517640,1,0,1385220
IF2203,20220218,20220218,112730500,11:27:31,4617.6,31615,113132,43756288080,2,1,2770440
IF2203,20220218,20220218,112731000,11:27:32,4617,31618,113134,43760443740,3,2,4155660
IF2203,20220218,20220218,112731500,11:27:35,4616.8,31619,113134,43761828780,1,0,1385040
IF2203,20220218,20220218,112732000,11:27:36,4617.4,31620,113135,43763214000,1,1,1385220
IF2203,20220218,20220218,112735500,11:27:36,4617.4,31620,113135,43763214000,0,0,0
IF2203,20220218,20220218,112736000,11:27:37,4616.6,31627,113136,43772909640,7,1,9695640
IF2203,20220218,20220218,112736500,11:27:38,4617.2,31628,113136,43774294800,1,0,1385160
IF2203,20220218,20220218,112737000,11:27:38,4617.2,31628,113136,43774294800,0,0,0
IF2203,20220218,20220218,112737500,11:27:38,4616.4,31630,113138,43777064880,2,2,2770080
IF2203,20220218,20220218,112738000,11:27:39,4616.4,31630,113138,43777064880,0,0,0
IF2203,20220218,20220218,112738500,11:27:39,4616.4,31630,113138,43777064880,0,0,0
IF2203,20220218,20220218,112739000,11:27:39,4616.4,31630,113138,43777064880,0,0,0
IF2203,20220218,20220218,112739500,11:27:39,4616.4,31631,113138,43778449800,1,0,1384920
IF2203,20220218,20220218,112740000,11:27:40,4616.4,31632,113139,43779834720,1,1,1384920
IF2203,20220218,20220218,112740500,11:27:40,4616.4,31632,113139,43779834720,0,0,0
IF2203,20220218,20220218,112741000,11:27:41,4616.8,31633,113140,43781219760,1,1,1385040
IF2203,20220218,20220218,112741500,11:27:42,4616.8,31633,113140,43781219760,0,0,0
IF2203,20220218,20220218,112742000,11:27:42,4617,31634,113141,43782604860,1,1,1385100
IF2203,20220218,20220218,112743000,11:27:43,4617,31634,113141,43782604860,0,0,0
IF2203,20220218,20220218,112743500,11:27:43,4616.4,31638,113143,43788144540,4,2,5539680
IF2203,20220218,20220218,112744000,11:27:44,4616.4,31638,113143,43788144540,0,0,0
IF2203,20220218,20220218,112744500,11:27:45,4617,31639,113144,43789529640,1,1,1385100
IF2203,20220218,20220218,112745000,11:27:45,4617,31639,113144,43789529640,0,0,0
IF2203,20220218,20220218,112745500,11:27:46,4617,31639,113144,43789529640,0,0,0
IF2203,20220218,20220218,112746000,11:27:46,4616.8,31641,113145,43792299840,2,1,2770200
IF2203,20220218,20220218,112746500,11:27:47,4616.8,31642,113146,43793684880,1,1,1385040
IF2203,20220218,20220218,112747500,11:27:47,4616.8,31642,113146,43793684880,0,0,0
IF2203,20220218,20220218,112748500,11:27:54,4617,31643,113146,43795069980,1,0,1385100
IF2203,20220218,20220218,112749000,11:27:54,4617,31643,113146,43795069980,0,0,0
IF2203,20220218,20220218,112749500,11:27:54,4617,31643,113146,43795069980,0,0,0
IF2203,20220218,20220218,112754000,11:27:54,4617,31643,113146,43795069980,0,0,0
IF2203,20220218,20220218,112754500,11:27:54,4617,31643,113146,43795069980,0,0,0
IF2203,20220218,20220218,112755500,11:27:55,4617.4,31648,113148,43801995540,5,2,6925560
IF2203,20220218,20220218,112756000,11:27:56,4616.8,31649,113149,43803380580,1,1,1385040
IF2203,20220218,20220218,112756500,11:27:56,4616.8,31649,113149,43803380580,0,0,0
IF2203,20220218,20220218,112757000,11:27:57,4616.8,31649,113149,43803380580,0,0,0
IF2203,20220218,20220218,112757500,11:27:57,4616.8,31650,113150,43804765620,1,1,1385040
IF2203,20220218,20220218,112759000,11:27:59,4617.4,31651,113151,43806150840,1,1,1385220
IF2203,20220218,20220218,112759500,11:27:59,4617.4,31652,113152,43807536060,1,1,1385220
IF2203,20220218,20220218,112800000,11:28:00,4617.4,31652,113152,43807536060,0,0,0
IF2203,20220218,20220218,112800500,11:28:01,4617.4,31652,113152,43807536060,0,0,0
IF2203,20220218,20220218,112801000,11:28:01,4616.8,31653,113152,43808921100,1,0,1385040
IF2203,20220218,20220218,112801500,11:28:02,4616.8,31654,113151,43810306140,1,-1,1385040
IF2203,20220218,20220218,112802000,11:28:03,4617.2,31657,113152,43814461380,3,1,4155240
IF2203,20220218,20220218,112802500,11:28:03,4616.6,31659,113151,43817231340,2,-1,2769960
IF2203,20220218,20220218,112803000,11:28:04,4616.4,31661,113152,43820001240,2,1,2769900
IF2203,20220218,20220218,112803500,11:28:04,4616.2,31664,113154,43824155940,3,2,4154700
IF2203,20220218,20220218,112804000,11:28:05,4616,31666,113155,43826925600,2,1,2769660
IF2203,20220218,20220218,112804500,11:28:05,4616,31667,113156,43828310400,1,1,1384800
IF2203,20220218,20220218,112805000,11:28:06,4616,31669,113156,43831080000,2,0,2769600
IF2203,20220218,20220218,112805500,11:28:07,4615.8,31673,113160,43836619140,4,4,5539140
IF2203,20220218,20220218,112806000,11:28:10,4615.8,31681,113165,43847697060,8,5,11077920
IF2203,20220218,20220218,112806500,11:28:10,4615.4,31683,113165,43850466240,2,0,2769180
IF2203,20220218,20220218,112807000,11:28:10,4615.4,31684,113165,43851850860,1,0,1384620
IF2203,20220218,20220218,112810000,11:28:11,4615,31692,113159,43862927040,8,-6,11076180
IF2203,20220218,20220218,112810500,11:28:12,4615,31692,113159,43862927040,0,0,0
IF2203,20220218,20220218,112811000,11:28:12,4615.4,31693,113159,43864311660,1,0,1384620
IF2203,20220218,20220218,112811500,11:28:12,4615.4,31694,113160,43865696280,1,1,1384620
IF2203,20220218,20220218,112812000,11:28:13,4615.4,31694,113160,43865696280,0,0,0
IF2203,20220218,20220218,112812500,11:28:13,4616,31695,113161,43867081080,1,1,1384800
IF2203,20220218,20220218,112813000,11:28:13,4616,31695,113161,43867081080,0,0,0
IF2203,20220218,20220218,112813500,11:28:14,4616.2,31697,113163,43869850800,2,2,2769720
IF2203,20220218,20220218,112814000,11:28:14,4615.6,31698,113163,43871235480,1,0,1384680
IF2203,20220218,20220218,112814500,11:28:14,4615.4,31700,113163,43874004780,2,0,2769300
IF2203,20220218,20220218,112815000,11:28:15,4615.6,31701,113163,43875389460,1,0,1384680
IF2203,20220218,20220218,112815500,11:28:15,4615.6,31701,113163,43875389460,0,0,0
IF2203,20220218,20220218,112816000,11:28:16,4615.6,31701,113163,43875389460,0,0,0
IF2203,20220218,20220218,112816500,11:28:16,4615.2,31702,113162,43876774020,1,-1,1384560
IF2203,20220218,20220218,112817000,11:28:17,4615.2,31703,113161,43878158580,1,-1,1384560
IF2203,20220218,20220218,112817500,11:28:17,4615.2,31703,113161,43878158580,0,0,0
IF2203,20220218,20220218,112818000,11:28:18,4615.2,31703,113161,43878158580,0,0,0
IF2203,20220218,20220218,112818500,11:28:18,4615.2,31703,113161,43878158580,0,0,0
IF2203,20220218,20220218,112819000,11:28:19,4615.2,31703,113161,43878158580,0,0,0
IF2203,20220218,20220218,112819500,11:28:20,4615.2,31703,113161,43878158580,0,0,0
IF2203,20220218,20220218,112820000,11:28:20,4615.2,31703,113161,43878158580,0,0,0
IF2203,20220218,20220218,112821000,11:28:21,4615.2,31703,113161,43878158580,0,0,0
IF2203,20220218,20220218,112821500,11:28:22,4615.2,31704,113160,43879543140,1,-1,1384560
IF2203,20220218,20220218,112822500,11:28:22,4615.6,31705,113161,43880927820,1,1,1384680
IF2203,20220218,20220218,112823000,11:28:23,4615.2,31706,113162,43882312380,1,1,1384560
IF2203,20220218,20220218,112823500,11:28:23,4615.4,31707,113163,43883697000,1,1,1384620
IF2203,20220218,20220218,112824000,11:28:24,4615.4,31707,113163,43883697000,0,0,0
IF2203,20220218,20220218,112824500,11:28:24,4615.4,31708,113163,43885081620,1,0,1384620
IF2203,20220218,20220218,112825000,11:28:25,4615,31710,113163,43887850620,2,0,2769000
IF2203,20220218,20220218,112825500,11:28:25,4615.4,31714,113162,43893388860,4,-1,5538240
IF2203,20220218,20220218,112826000,11:28:26,4615.4,31717,113162,43897542720,3,0,4153860
IF2203,20220218,20220218,112826500,11:28:27,4615.4,31717,113162,43897542720,0,0,0
IF2203,20220218,20220218,112827000,11:28:27,4615.4,31717,113162,43897542720,0,0,0
IF2203,20220218,20220218,112827500,11:28:27,4615.4,31717,113162,43897542720,0,0,0
IF2203,20220218,20220218,112828000,11:28:28,4615.4,31718,113162,43898927340,1,0,1384620
IF2203,20220218,20220218,112829000,11:28:29,4615.4,31720,113164,43901696580,2,2,2769240
IF2203,20220218,20220218,112829500,11:28:30,4615.4,31722,113166,43904465820,2,2,2769240
IF2203,20220218,20220218,112830000,11:28:30,4615.4,31723,113167,43905850440,1,1,1384620
IF2203,20220218,20220218,112830500,11:28:31,4615.8,31724,113167,43907235180,1,0,1384740
IF2203,20220218,20220218,112831000,11:28:31,4615.8,31724,113167,43907235180,0,0,0
IF2203,20220218,20220218,112831500,11:28:32,4615.8,31724,113167,43907235180,0,0,0
IF2203,20220218,20220218,112832000,11:28:33,4615.2,31725,113167,43908619740,1,0,1384560
IF2203,20220218,20220218,112832500,11:28:33,4615.2,31725,113167,43908619740,0,0,0
IF2203,20220218,20220218,112833000,11:28:33,4615.2,31725,113167,43908619740,0,0,0
IF2203,20220218,20220218,112833500,11:28:34,4615.2,31725,113167,43908619740,0,0,0
IF2203,20220218,20220218,112834000,11:28:34,4615.4,31726,113168,43910004360,1,1,1384620
IF2203,20220218,20220218,112834500,11:28:34,4615.4,31726,113168,43910004360,0,0,0
IF2203,20220218,20220218,112835000,11:28:35,4615.4,31726,113168,43910004360,0,0,0
IF2203,20220218,20220218,112835500,11:28:37,4615.2,31727,113167,43911388920,1,-1,1384560
IF2203,20220218,20220218,112836000,11:28:37,4615.2,31727,113167,43911388920,0,0,0
IF2203,20220218,20220218,112836500,11:28:37,4615.2,31727,113167,43911388920,0,0,0
IF2203,20220218,20220218,112837000,11:28:37,4615.2,31728,113167,43912773480,1,0,1384560
IF2203,20220218,20220218,112837500,11:28:38,4615.4,31730,113169,43915542720,2,2,2769240
IF2203,20220218,20220218,112838000,11:28:38,4615.4,31730,113169,43915542720,0,0,0
IF2203,20220218,20220218,112838500,11:28:38,4615,31731,113168,43916927220,1,-1,1384500
IF2203,20220218,20220218,112839000,11:28:40,4615,31731,113168,43916927220,0,0,0
IF2203,20220218,20220218,112839500,11:28:40,4615.6,31732,113169,43918311900,1,1,1384680
IF2203,20220218,20220218,112840000,11:28:40,4615.6,31734,113170,43921081260,2,1,2769360
IF2203,20220218,20220218,112840500,11:28:40,4615.6,31734,113170,43921081260,0,0,0
IF2203,20220218,20220218,112841500,11:28:41,4615.6,31736,113170,43923850620,2,0,2769360
IF2203,20220218,20220218,112842000,11:28:42,4616,31737,113170,43925235420,1,0,1384800
IF2203,20220218,20220218,112842500,11:28:42,4616,31738,113170,43926620220,1,0,1384800
IF2203,20220218,20220218,112843000,11:28:43,4616,31738,113170,43926620220,0,0,0
IF2203,20220218,20220218,112843500,11:28:44,4616.2,31740,113171,43929389940,2,1,2769720
IF2203,20220218,20220218,112844000,11:28:44,4615.6,31741,113171,43930774620,1,0,1384680
IF2203,20220218,20220218,112844500,11:28:44,4616.4,31743,113171,43933544460,2,0,2769840
IF2203,20220218,20220218,112845000,11:28:45,4616.4,31743,113171,43933544460,0,0,0
IF2203,20220218,20220218,112845500,11:28:46,4616,31744,113171,43934929260,1,0,1384800
IF2203,20220218,20220218,112846500,11:28:46,4615.8,31746,113173,43937698800,2,2,2769540
IF2203,20220218,20220218,112847000,11:28:47,4616,31749,113172,43941853440,3,-1,4154640
IF2203,20220218,20220218,112847500,11:28:48,4616.6,31750,113173,43943238420,1,1,1384980
IF2203,20220218,20220218,112849000,11:28:49,4616.6,31750,113173,43943238420,0,0,0
IF2203,20220218,20220218,112849500,11:28:50,4616.6,31750,113173,43943238420,0,0,0
IF2203,20220218,20220218,112850000,11:28:50,4616.6,31753,113171,43947393360,3,-2,4154940
IF2203,20220218,20220218,112850500,11:28:50,4616.6,31758,113171,43954318740,5,0,6925380
IF2203,20220218,20220218,112851000,11:28:51,4617.2,31759,113171,43955703900,1,0,1385160
IF2203,20220218,20220218,112851500,11:28:51,4616.6,31761,113169,43958474100,2,-2,2770200
IF2203,20220218,20220218,112852000,11:28:53,4616.6,31761,113169,43958474100,0,0,0
IF2203,20220218,20220218,112852500,11:28:54,4616.6,31761,113169,43958474100,0,0,0
IF2203,20220218,20220218,112853000,11:28:54,4616.8,31762,113169,43959859140,1,0,1385040
IF2203,20220218,20220218,112853500,11:28:54,4616.8,31762,113169,43959859140,0,0,0
IF2203,20220218,20220218,112854000,11:28:54,4616.6,31763,113170,43961244120,1,1,1384980
IF2203,20220218,20220218,112854500,11:28:54,4616.6,31764,113169,43962629100,1,-1,1384980
IF2203,20220218,20220218,112855000,11:28:55,4616.6,31764,113169,43962629100,0,0,0
IF2203,20220218,20220218,112855500,11:28:56,4617,31767,113172,43966784640,3,3,4155540
IF2203,20220218,20220218,112856000,11:28:56,4616.8,31770,113172,43970939880,3,0,4155240
IF2203,20220218,20220218,112856500,11:28:57,4616.8,31770,113172,43970939880,0,0,0
IF2203,20220218,20220218,112857000,11:28:57,4617.4,31771,113173,43972325100,1,1,1385220
IF2203,20220218,20220218,112857500,11:28:58,4617.4,31771,113173,43972325100,0,0,0
IF2203,20220218,20220218,112858000,11:28:59,4616.8,31772,113173,43973710140,1,0,1385040
IF2203,20220218,20220218,112858500,11:28:59,4617.4,31775,113174,43977865380,3,1,4155240
IF2203,20220218,20220218,112859000,11:28:59,4617.4,31775,113174,43977865380,0,0,0
IF2203,20220218,20220218,112859500,11:29:00,4617.2,31777,113172,43980635700,2,-2,2770320
IF2203,20220218,20220218,112900000,11:29:00,4617.2,31777,113172,43980635700,0,0,0
IF2203,20220218,20220218,112900500,11:29:01,4616.6,31781,113171,43986175920,4,-1,5540220
IF2203,20220218,20220218,112901000,11:29:01,4616.6,31789,113172,43997255760,8,1,11079840
IF2203,20220218,20220218,112901500,11:29:01,4617.2,31793,113174,44002796160,4,2,5540400
IF2203,20220218,20220218,112902000,11:29:03,4617,31795,113174,44005566360,2,0,2770200
IF2203,20220218,20220218,112902500,11:29:03,4616.4,31800,113172,44012491320,5,-2,6924960
IF2203,20220218,20220218,112903000,11:29:03,4616.6,31806,113171,44020801800,6,-1,8310480
IF2203,20220218,20220218,112903500,11:29:04,4616.4,31808,113172,44023571700,2,1,2769900
IF2203,20220218,20220218,112904000,11:29:04,4616.4,31808,113172,44023571700,0,0,0
IF2203,20220218,20220218,112904500,11:29:04,4616.2,31809,113173,44024956560,1,1,1384860
IF2203,20220218,20220218,112905000,11:29:05,4616.2,31809,113173,44024956560,0,0,0
IF2203,20220218,20220218,112905500,11:29:06,4616.8,31810,113173,44026341600,1,0,1385040
IF2203,20220218,20220218,112906000,11:29:06,4616.8,31811,113174,44027726640,1,1,1385040
IF2203,20220218,20220218,112906500,11:29:06,4617,31813,113176,44030496840,2,2,2770200
IF2203,20220218,20220218,112907000,11:29:08,4616.4,31816,113175,44034651960,3,-1,4155120
IF2203,20220218,20220218,112907500,11:29:08,4616.4,31816,113175,44034651960,0,0,0
IF2203,20220218,20220218,112908000,11:29:08,4616.4,31816,113175,44034651960,0,0,0
IF2203,20220218,20220218,112908500,11:29:08,4616.4,31816,113175,44034651960,0,0,0
IF2203,20220218,20220218,112909000,11:29:09,4616.4,31816,113175,44034651960,0,0,0
IF2203,20220218,20220218,112909500,11:29:09,4616.4,31816,113175,44034651960,0,0,0
IF2203,20220218,20220218,112910000,11:29:10,4616.4,31816,113175,44034651960,0,0,0
IF2203,20220218,20220218,112910500,11:29:10,4616.4,31816,113175,44034651960,0,0,0
IF2203,20220218,20220218,112911000,11:29:11,4616.2,31818,113175,44037421860,2,0,2769900
IF2203,20220218,20220218,112911500,11:29:12,4616.4,31820,113176,44040191700,2,1,2769840
IF2203,20220218,20220218,112912000,11:29:12,4616.2,31823,113177,44044346760,3,1,4155060
IF2203,20220218,20220218,112912500,11:29:12,4616.2,31823,113177,44044346760,0,0,0
IF2203,20220218,20220218,112913000,11:29:13,4616.6,31824,113178,44045731740,1,1,1384980
IF2203,20220218,20220218,112913500,11:29:14,4616.6,31825,113179,44047116720,1,1,1384980
IF2203,20220218,20220218,112914000,11:29:14,4616.6,31826,113179,44048501700,1,0,1384980
IF2203,20220218,20220218,112914500,11:29:15,4616.6,31828,113180,44051271660,2,1,2769960
IF2203,20220218,20220218,112915000,11:29:15,4616.6,31828,113180,44051271660,0,0,0
IF2203,20220218,20220218,112915500,11:29:16,4616.6,31831,113180,44055426660,3,0,4155000
IF2203,20220218,20220218,112916000,11:29:16,4616.8,31832,113180,44056811700,1,0,1385040
IF2203,20220218,20220218,112916500,11:29:20,4616.4,31834,113180,44059581600,2,0,2769900
IF2203,20220218,20220218,112917000,11:29:20,4616.6,31836,113179,44062351560,2,-1,2769960
IF2203,20220218,20220218,112917500,11:29:21,4616.6,31836,113179,44062351560,0,0,0
IF2203,20220218,20220218,112918000,11:29:21,4616.6,31836,113179,44062351560,0,0,0
IF2203,20220218,20220218,112920500,11:29:21,4616.8,31845,113172,44074816740,9,-7,12465180
IF2203,20220218,20220218,112921000,11:29:22,4616.8,31845,113172,44074816740,0,0,0
IF2203,20220218,20220218,112922500,11:29:24,4616.8,31847,113172,44077586760,2,0,2770020
IF2203,20220218,20220218,112923000,11:29:24,4616.6,31849,113173,44080356660,2,1,2769900
IF2203,20220218,20220218,112924000,11:29:24,4616.8,31856,113174,44090051400,7,1,9694740
IF2203,20220218,20220218,112924500,11:29:24,4616.2,31859,113176,44094206160,3,2,4154760
IF2203,20220218,20220218,112925000,11:29:25,4616.4,31860,113177,44095591080,1,1,1384920
IF2203,20220218,20220218,112925500,11:29:25,4616.4,31862,113177,44098360800,2,0,2769720
IF2203,20220218,20220218,112926000,11:29:26,4616.4,31864,113178,44101130520,2,1,2769720
IF2203,20220218,20220218,112926500,11:29:26,4616.4,31864,113178,44101130520,0,0,0
IF2203,20220218,20220218,112927000,11:29:27,4615.8,31867,113177,44105285100,3,-1,4154580
IF2203,20220218,20220218,112927500,11:29:27,4615.8,31868,113177,44106669840,1,0,1384740
IF2203,20220218,20220218,112928000,11:29:28,4615.8,31868,113177,44106669840,0,0,0
IF2203,20220218,20220218,112928500,11:29:28,4615.8,31868,113177,44106669840,0,0,0
IF2203,20220218,20220218,112929000,11:29:29,4615.8,31869,113177,44108054580,1,0,1384740
IF2203,20220218,20220218,112929500,11:29:30,4615.8,31869,113177,44108054580,0,0,0
IF2203,20220218,20220218,112930000,11:29:30,4616,31872,113178,44112209040,3,1,4154460
IF2203,20220218,20220218,112930500,11:29:31,4615.8,31875,113178,44116363320,3,0,4154280
IF2203,20220218,20220218,112931000,11:29:32,4616,31878,113180,44120517720,3,2,4154400
IF2203,20220218,20220218,112931500,11:29:32,4616,31878,113180,44120517720,0,0,0
IF2203,20220218,20220218,112932000,11:29:32,4616,31879,113181,44121902520,1,1,1384800
IF2203,20220218,20220218,112932500,11:29:37,4616,31879,113181,44121902520,0,0,0
IF2203,20220218,20220218,112933000,11:29:37,4615.8,31880,113182,44123287260,1,1,1384740
IF2203,20220218,20220218,112933500,11:29:38,4615.8,31884,113182,44128826220,4,0,5538960
IF2203,20220218,20220218,112936500,11:29:38,4615.8,31884,113182,44128826220,0,0,0
IF2203,20220218,20220218,112937000,11:29:38,4615.8,31884,113182,44128826220,0,0,0
IF2203,20220218,20220218,112938000,11:29:38,4615.8,31884,113182,44128826220,0,0,0
IF2203,20220218,20220218,112938500,11:29:39,4615.8,31884,113182,44128826220,0,0,0
IF2203,20220218,20220218,112939000,11:29:39,4615.6,31890,113180,44137134180,6,-2,8307960
IF2203,20220218,20220218,112939500,11:29:40,4615.6,31891,113180,44138518860,1,0,1384680
IF2203,20220218,20220218,112940000,11:29:40,4615.6,31891,113180,44138518860,0,0,0
IF2203,20220218,20220218,112940500,11:29:40,4615.8,31893,113180,44141288280,2,0,2769420
IF2203,20220218,20220218,112941000,11:29:41,4615.8,31895,113182,44144057760,2,2,2769480
IF2203,20220218,20220218,112941500,11:29:42,4615.6,31900,113184,44150981400,5,2,6923640
IF2203,20220218,20220218,112942000,11:29:44,4615.8,31901,113185,44152366140,1,1,1384740
IF2203,20220218,20220218,112942500,11:29:44,4615.8,31903,113186,44155135620,2,1,2769480
IF2203,20220218,20220218,112943000,11:29:45,4615.8,31903,113186,44155135620,0,0,0
IF2203,20220218,20220218,112943500,11:29:45,4616.2,31905,113187,44157905220,2,1,2769600
IF2203,20220218,20220218,112944000,11:29:45,4616.2,31905,113187,44157905220,0,0,0
IF2203,20220218,20220218,112944500,11:29:45,4616.2,31905,113187,44157905220,0,0,0
IF2203,20220218,20220218,112945000,11:29:46,4616,31906,113187,44159290020,1,0,1384800
IF2203,20220218,20220218,112945500,11:29:46,4616.6,31908,113187,44162059980,2,0,2769960
IF2203,20220218,20220218,112946000,11:29:46,4617,31910,113187,44164830180,2,0,2770200
IF2203,20220218,20220218,112946500,11:29:47,4616.4,31915,113188,44171755740,5,1,6925560
IF2203,20220218,20220218,112947000,11:29:47,4616.6,31916,113188,44173140720,1,0,1384980
IF2203,20220218,20220218,112947500,11:29:48,4616.6,31917,113189,44174525700,1,1,1384980
IF2203,20220218,20220218,112948000,11:29:49,4616.4,31918,113189,44175910620,1,0,1384920
IF2203,20220218,20220218,112948500,11:29:49,4616.4,31919,113190,44177295540,1,1,1384920
IF2203,20220218,20220218,112949000,11:29:50,4616.4,31919,113190,44177295540,0,0,0
IF2203,20220218,20220218,112949500,11:29:50,4616.4,31919,113190,44177295540,0,0,0
IF2203,20220218,20220218,112950000,11:29:51,4616.4,31920,113191,44178680460,1,1,1384920
IF2203,20220218,20220218,112950500,11:29:51,4616.4,31920,113191,44178680460,0,0,0
IF2203,20220218,20220218,112951500,11:29:52,4615.8,31931,113195,44193912960,11,4,15232500
IF2203,20220218,20220218,112952000,11:29:52,4616,31932,113195,44195297760,1,0,1384800
IF2203,20220218,20220218,112952500,11:29:53,4616.2,31935,113197,44199452100,3,2,4154340
IF2203,20220218,20220218,112953000,11:29:53,4616.2,31936,113198,44200836960,1,1,1384860
IF2203,20220218,20220218,112954000,11:29:54,4616.2,31936,113198,44200836960,0,0,0
IF2203,20220218,20220218,112954500,11:29:54,4616.2,31936,113198,44200836960,0,0,0
IF2203,20220218,20220218,112955000,11:29:55,4616,31937,113199,44202221760,1,1,1384800
IF2203,20220218,20220218,112955500,11:29:56,4615.8,31941,113202,44207761080,4,3,5539320
IF2203,20220218,20220218,112956000,11:30:00,4615.8,31941,113202,44207761080,0,0,0
IF2203,20220218,20220218,112956500,11:30:00,4616.4,31942,113203,44209146000,1,1,1384920
IF2203,20220218,20220218,112957000,11:30:01,4616,31943,113203,44210530800,1,0,1384800
IF2203,20220218,20220218,112957500,11:30:02,4615.8,31944,113203,44211915540,1,0,1384740
IF2203,20220218,20220218,112959500,11:30:02,4615.8,31944,113203,44211915540,0,0,0
IF2203,20220218,20220218,113000000,11:30:03,4615.8,31944,113203,44211915540,0,0,0
IF2203,20220218,20220218,113000500,11:30:03,4616.4,31949,113203,44218840020,5,0,6924480
IF2203,20220218,20220218,130000500,13:00:00,4615.6,31966,113200,44242378980,17,-3,23538960
IF2203,20220218,20220218,130001000,13:00:01,4616.8,31981,113200,44263151400,15,0,20772420
IF2203,20220218,20220218,130001500,13:00:01,4617.2,31994,113207,44281157700,13,7,18006300
IF2203,20220218,20220218,130002000,13:00:02,4617.2,32000,113209,44289468660,6,2,8310960
IF2203,20220218,20220218,130002500,13:00:02,4617,32005,113208,44296393380,5,-1,6924720
IF2203,20220218,20220218,130003000,13:00:03,4616.4,32009,113208,44301933600,4,0,5540220
IF2203,20220218,20220218,130003500,13:00:03,4617,32013,113209,44307474060,4,1,5540460
IF2203,20220218,20220218,130004000,13:00:04,4617.2,32018,113214,44314399800,5,5,6925740
IF2203,20220218,20220218,130004500,13:00:04,4616.8,32023,113214,44321325000,5,0,6925200
IF2203,20220218,20220218,130005000,13:00:05,4616.8,32027,113215,44326865160,4,1,5540160
IF2203,20220218,20220218,130005500,13:00:05,4616.6,32031,113215,44332405080,4,0,5539920
IF2203,20220218,20220218,130006000,13:00:06,4616.4,32039,113213,44343483900,8,-2,11078820
IF2203,20220218,20220218,130006500,13:00:06,4616,32050,113213,44358716700,11,0,15232800
IF2203,20220218,20220218,130007000,13:00:07,4615.8,32057,113209,44368409580,7,-4,9692880
IF2203,20220218,20220218,130007500,13:00:07,4615.6,32061,113208,44373947760,4,-1,5538180
IF2203,20220218,20220218,130008000,13:00:08,4615.6,32062,113209,44375332440,1,1,1384680
IF2203,20220218,20220218,130008500,13:00:08,4615.6,32063,113208,44376717120,1,-1,1384680
IF2203,20220218,20220218,130009000,13:00:09,4615.6,32063,113208,44376717120,0,0,0
IF2203,20220218,20220218,130009500,13:00:09,4615,32064,113209,44378101620,1,1,1384500
IF2203,20220218,20220218,130010000,13:00:10,4615.6,32067,113212,44382255300,3,3,4153680
IF2203,20220218,20220218,130010500,13:00:10,4614.8,32070,113212,44386408680,3,0,4153380
IF2203,20220218,20220218,130011000,13:00:11,4615,32071,113213,44387793180,1,1,1384500
IF2203,20220218,20220218,130011500,13:00:11,4615,32075,113217,44393331180,4,4,5538000
IF2203,20220218,20220218,130012000,13:00:12,4615.6,32081,113222,44401638420,6,5,8307240
IF2203,20220218,20220218,130012500,13:00:12,4615.6,32083,113222,44404407660,2,0,2769240
IF2203,20220218,20220218,130013000,13:00:13,4615.4,32087,113224,44409946140,4,2,5538480
IF2203,20220218,20220218,130013500,13:00:13,4615.8,32091,113224,44415485040,4,0,5538900
IF2203,20220218,20220218,130014000,13:00:14,4616,32093,113222,44418254640,2,-2,2769600
IF2203,20220218,20220218,130014500,13:00:15,4616,32095,113224,44421024240,2,2,2769600
IF2203,20220218,20220218,130015000,13:00:15,4615.8,32096,113225,44422408980,1,1,1384740
IF2203,20220218,20220218,130015500,13:00:15,4616,32098,113226,44425178520,2,1,2769540
IF2203,20220218,20220218,130016000,13:00:16,4616,32098,113226,44425178520,0,0,0
IF2203,20220218,20220218,130016500,13:00:17,4615.8,32103,113225,44432101980,5,-1,6923460
IF2203,20220218,20220218,130017000,13:00:17,4615.8,32103,113225,44432101980,0,0,0
IF2203,20220218,20220218,130017500,13:00:18,4615.8,32103,113225,44432101980,0,0,0
IF2203,20220218,20220218,130018000,13:00:18,4615.8,32103,113225,44432101980,0,0,0
IF2203,20220218,20220218,130018500,13:00:18,4615.6,32105,113227,44434871280,2,2,2769300
IF2203,20220218,20220218,130019000,13:00:19,4615.6,32106,113227,44436255960,1,0,1384680
IF2203,20220218,20220218,130019500,13:00:19,4615.6,32106,113227,44436255960,0,0,0
IF2203,20220218,20220218,130020000,13:00:20,4615.2,32111,113230,44443179000,5,3,6923040
IF2203,20220218,20220218,130020500,13:00:20,4615.6,32112,113230,44444563680,1,0,1384680
IF2203,20220218,20220218,130021000,13:00:21,4615.8,32114,113232,44447333160,2,2,2769480
IF2203,20220218,20220218,130021500,13:00:21,4615.8,32116,113234,44450102640,2,2,2769480
IF2203,20220218,20220218,130022000,13:00:22,4615.6,32117,113234,44451487320,1,0,1384680
IF2203,20220218,20220218,130022500,13:00:22,4615.6,32117,113234,44451487320,0,0,0
IF2203,20220218,20220218,130024000,13:00:24,4615.6,32117,113234,44451487320,0,0,0
IF2203,20220218,20220218,130024500,13:00:24,4615.2,32123,113236,44459795160,6,2,8307840
IF2203,20220218,20220218,130025000,13:00:25,4615.2,32123,113236,44459795160,0,0,0
IF2203,20220218,20220218,130025500,13:00:25,4615.2,32123,113236,44459795160,0,0,0
IF2203,20220218,20220218,130026000,13:00:26,4615,32126,113237,44463948660,3,1,4153500
IF2203,20220218,20220218,130026500,13:00:26,4614.8,32127,113236,44465333100,1,-1,1384440
IF2203,20220218,20220218,130027000,13:00:27,4614.8,32127,113236,44465333100,0,0,0
IF2203,20220218,20220218,130027500,13:00:27,4615,32128,113236,44466717600,1,0,1384500
IF2203,20220218,20220218,130028000,13:00:28,4615.2,32135,113243,44476409520,7,7,9691920
IF2203,20220218,20220218,130028500,13:00:28,4615.2,32135,113243,44476409520,0,0,0
IF2203,20220218,20220218,130029000,13:00:29,4615.2,32137,113243,44479178640,2,0,2769120
IF2203,20220218,20220218,130029500,13:00:29,4615.8,32140,113243,44483332740,3,0,4154100
IF2203,20220218,20220218,130030000,13:00:30,4616,32142,113244,44486102340,2,1,2769600
IF2203,20220218,20220218,130030500,13:00:30,4615.2,32143,113244,44487486900,1,0,1384560
IF2203,20220218,20220218,130031000,13:00:31,4615.4,32144,113245,44488871520,1,1,1384620
IF2203,20220218,20220218,130031500,13:00:31,4616.2,32146,113245,44491641240,2,0,2769720
IF2203,20220218,20220218,130032000,13:00:32,4615.6,32147,113245,44493025920,1,0,1384680
IF2203,20220218,20220218,130032500,13:00:32,4615.6,32147,113245,44493025920,0,0,0
IF2203,20220218,20220218,130033000,13:00:33,4616.2,32148,113244,44494410780,1,-1,1384860
IF2203,20220218,20220218,130033500,13:00:33,4616.4,32150,113244,44497180620,2,0,2769840
IF2203,20220218,20220218,130034000,13:00:34,4616.4,32151,113245,44498565540,1,1,1384920
IF2203,20220218,20220218,130034500,13:00:34,4616,32157,113243,44506874820,6,-2,8309280
IF2203,20220218,20220218,130035000,13:00:35,4616.6,32159,113242,44509644780,2,-1,2769960
IF2203,20220218,20220218,130035500,13:00:35,4617,32162,113244,44513799960,3,2,4155180
IF2203,20220218,20220218,130036000,13:00:36,4616.8,32164,113245,44516570100,2,1,2770140
IF2203,20220218,20220218,130036500,13:00:36,4617.4,32165,113244,44517955320,1,-1,1385220
IF2203,20220218,20220218,130037000,13:00:37,4617.4,32165,113244,44517955320,0,0,0
IF2203,20220218,20220218,130037500,13:00:37,4616.8,32166,113245,44519340360,1,1,1385040
IF2203,20220218,20220218,130038000,13:00:38,4616.8,32166,113245,44519340360,0,0,0
IF2203,20220218,20220218,130038500,13:00:38,4616.8,32166,113245,44519340360,0,0,0
IF2203,20220218,20220218,130039000,13:00:39,4616.8,32166,113245,44519340360,0,0,0
IF2203,20220218,20220218,130039500,13:00:40,4617.2,32167,113246,44520725520,1,1,1385160
IF2203,20220218,20220218,130040000,13:00:40,4617.2,32167,113246,44520725520,0,0,0
IF2203,20220218,20220218,130040500,13:00:40,4617.2,32169,113246,44523495840,2,0,2770320
IF2203,20220218,20220218,130041000,13:00:41,4617.4,32170,113247,44524881060,1,1,1385220
IF2203,20220218,20220218,130041500,13:00:41,4617.2,32171,113247,44526266220,1,0,1385160
IF2203,20220218,20220218,130042000,13:00:42,4617.4,32174,113249,44530421760,3,2,4155540
IF2203,20220218,20220218,130042500,13:00:42,4617.2,32176,113250,44533192140,2,1,2770380
IF2203,20220218,20220218,130043000,13:00:43,4617.4,32177,113249,44534577360,1,-1,1385220
IF2203,20220218,20220218,130043500,13:00:43,4617.4,32177,113249,44534577360,0,0,0
IF2203,20220218,20220218,130044000,13:00:44,4617.4,32177,113249,44534577360,0,0,0
IF2203,20220218,20220218,130044500,13:00:44,4616.6,32182,113246,44541502260,5,-3,6924900
IF2203,20220218,20220218,130045000,13:00:45,4616.6,32182,113246,44541502260,0,0,0
IF2203,20220218,20220218,130045500,13:00:45,4616.8,32184,113246,44544272220,2,0,2769960
IF2203,20220218,20220218,130046000,13:00:46,4616.2,32186,113244,44547041940,2,-2,2769720
IF2203,20220218,20220218,130046500,13:00:46,4616.4,32188,113244,44549811720,2,0,2769780
IF2203,20220218,20220218,130047000,13:00:47,4616.4,32188,113244,44549811720,0,0,0
IF2203,20220218,20220218,130047500,13:00:47,4616,32190,113244,44552581320,2,0,2769600
IF2203,20220218,20220218,130048000,13:00:48,4616.6,32192,113246,44555351280,2,2,2769960
IF2203,20220218,20220218,130048500,13:00:48,4616.8,32194,113248,44558121240,2,2,2769960
IF2203,20220218,20220218,130049000,13:00:49,4616.8,32194,113248,44558121240,0,0,0
IF2203,20220218,20220218,130049500,13:00:49,4616.6,32195,113248,44559506220,1,0,1384980
IF2203,20220218,20220218,130050000,13:00:50,4616.6,32195,113248,44559506220,0,0,0
IF2203,20220218,20220218,130050500,13:00:50,4617,32197,113249,44562276300,2,1,2770080
IF2203,20220218,20220218,130051000,13:00:51,4617,32198,113249,44563661400,1,0,1385100
IF2203,20220218,20220218,130051500,13:00:52,4617,32198,113249,44563661400,0,0,0
IF2203,20220218,20220218,130052000,13:00:52,4617,32198,113249,44563661400,0,0,0
IF2203,20220218,20220218,130052500,13:00:52,4617.2,32199,113249,44565046560,1,0,1385160
IF2203,20220218,20220218,130053000,13:00:53,4616.8,32200,113250,44566431600,1,1,1385040
IF2203,20220218,20220218,130053500,13:00:53,4617.6,32207,113256,44576127900,7,6,9696300
IF2203,20220218,20220218,130054000,13:00:54,4617.6,32210,113257,44580283740,3,1,4155840
IF2203,20220218,20220218,130054500,13:00:54,4617,32212,113257,44583054000,2,0,2770260
IF2203,20220218,20220218,130055000,13:00:55,4617.2,32214,113257,44585824380,2,0,2770380
IF2203,20220218,20220218,130055500,13:00:55,4617.2,32214,113257,44585824380,0,0,0
IF2203,20220218,20220218,130056000,13:00:56,4617.4,32215,113258,44587209600,1,1,1385220
IF2203,20220218,20220218,130056500,13:00:56,4617.2,32216,113258,44588594760,1,0,1385160
IF2203,20220218,20220218,130057000,13:00:57,4617.2,32216,113258,44588594760,0,0,0
IF2203,20220218,20220218,130057500,13:00:57,4617.6,32218,113260,44591365260,2,2,2770500
IF2203,20220218,20220218,130058000,13:00:58,4617,32221,113262,44595520740,3,2,4155480
IF2203,20220218,20220218,130058500,13:00:59,4617.8,32224,113262,44599676460,3,0,4155720
IF2203,20220218,20220218,130059000,13:00:59,4617.4,32227,113264,44603832180,3,2,4155720
IF2203,20220218,20220218,130059500,13:00:59,4617.4,32230,113264,44607987840,3,0,4155660
IF2203,20220218,20220218,130100000,13:01:00,4617.4,32234,113263,44613528480,4,-1,5540640
IF2203,20220218,20220218,130100500,13:01:00,4617,32235,113264,44614913580,1,1,1385100
IF2203,20220218,20220218,130101000,13:01:01,4617.4,32237,113266,44617683840,2,2,2770260
IF2203,20220218,20220218,130101500,13:01:02,4617.4,32241,113269,44623224600,4,3,5540760
IF2203,20220218,20220218,130102000,13:01:02,4617.2,32243,113270,44625994920,2,1,2770320
IF2203,20220218,20220218,130102500,13:01:02,4617.2,32243,113270,44625994920,0,0,0
IF2203,20220218,20220218,130103000,13:01:03,4617.4,32244,113270,44627380140,1,0,1385220
IF2203,20220218,20220218,130103500,13:01:03,4617.4,32244,113270,44627380140,0,0,0
IF2203,20220218,20220218,130104000,13:01:04,4617.4,32244,113270,44627380140,0,0,0
IF2203,20220218,20220218,130104500,13:01:04,4616.8,32245,113271,44628765180,1,1,1385040
IF2203,20220218,20220218,130105000,13:01:05,4616.6,32253,113274,44639844720,8,3,11079540
IF2203,20220218,20220218,130105500,13:01:05,4616,32254,113274,44641229520,1,0,1384800
IF2203,20220218,20220218,130106000,13:01:06,4616,32254,113274,44641229520,0,0,0
IF2203,20220218,20220218,130106500,13:01:06,4615.6,32259,113275,44648153280,5,1,6923760
IF2203,20220218,20220218,130107000,13:01:07,4616.6,32264,113279,44655078060,5,4,6924780
IF2203,20220218,20220218,130107500,13:01:07,4616.6,32264,113279,44655078060,0,0,0
IF2203,20220218,20220218,130108000,13:01:08,4616.4,32265,113279,44656462980,1,0,1384920
IF2203,20220218,20220218,130108500,13:01:08,4617,32268,113280,44660617920,3,1,4154940
IF2203,20220218,20220218,130109000,13:01:09,4616,32273,113282,44667542880,5,2,6924960
IF2203,20220218,20220218,130109500,13:01:09,4615.8,32275,113281,44670312420,2,-1,2769540
IF2203,20220218,20220218,130110000,13:01:10,4616.2,32277,113282,44673082080,2,1,2769660
IF2203,20220218,20220218,130110500,13:01:10,4616.4,32279,113282,44675851920,2,0,2769840
IF2203,20220218,20220218,130111000,13:01:11,4616.6,32280,113283,44677236900,1,1,1384980
IF2203,20220218,20220218,130111500,13:01:11,4616.6,32280,113283,44677236900,0,0,0
IF2203,20220218,20220218,130112000,13:01:12,4616.6,32280,113283,44677236900,0,0,0
IF2203,20220218,20220218,130112500,13:01:12,4616.4,32281,113282,44678621820,1,-1,1384920
IF2203,20220218,20220218,130113000,13:01:13,4616,32282,113282,44680006620,1,0,1384800
IF2203,20220218,20220218,130113500,13:01:14,4616,32282,113282,44680006620,0,0,0
IF2203,20220218,20220218,130114000,13:01:14,4616,32282,113282,44680006620,0,0,0
IF2203,20220218,20220218,130114500,13:01:14,4616.4,32283,113282,44681391540,1,0,1384920
IF2203,20220218,20220218,130115000,13:01:15,4616.4,32283,113282,44681391540,0,0,0
IF2203,20220218,20220218,130115500,13:01:15,4616,32284,113283,44682776340,1,1,1384800
IF2203,20220218,20220218,130116000,13:01:16,4616,32286,113285,44685545940,2,2,2769600
IF2203,20220218,20220218,130116500,13:01:16,4616,32286,113285,44685545940,0,0,0
IF2203,20220218,20220218,130117000,13:01:17,4616,32286,113285,44685545940,0,0,0
IF2203,20220218,20220218,130117500,13:01:17,4616,32286,113285,44685545940,0,0,0
IF2203,20220218,20220218,130118000,13:01:18,4616,32287,113285,44686930740,1,0,1384800
IF2203,20220218,20220218,130118500,13:01:18,4616,32288,113286,44688315540,1,1,1384800
IF2203,20220218,20220218,130119000,13:01:19,4616,32288,113286,44688315540,0,0,0
IF2203,20220218,20220218,130120000,13:01:20,4616,32288,113286,44688315540,0,0,0
IF2203,20220218,20220218,130121500,13:01:21,4616,32289,113287,44689700340,1,1,1384800
IF2203,20220218,20220218,130122500,13:01:22,4616.2,32291,113289,44692470060,2,2,2769720
IF2203,20220218,20220218,130123000,13:01:23,4616.2,32291,113289,44692470060,0,0,0
IF2203,20220218,20220218,130124000,13:01:24,4616.2,32291,113289,44692470060,0,0,0
IF2203,20220218,20220218,130124500,13:01:24,4616.2,32291,113289,44692470060,0,0,0
IF2203,20220218,20220218,130125000,13:01:25,4616,32293,113290,44695239720,2,1,2769660
IF2203,20220218,20220218,130125500,13:01:25,4616,32293,113290,44695239720,0,0,0
IF2203,20220218,20220218,130126000,13:01:26,4616,32293,113290,44695239720,0,0,0
IF2203,20220218,20220218,130126500,13:01:26,4616,32295,113292,44698009380,2,2,2769660
IF2203,20220218,20220218,130127000,13:01:27,4615.8,32296,113291,44699394120,1,-1,1384740
IF2203,20220218,20220218,130127500,13:01:27,4615.8,32296,113291,44699394120,0,0,0
IF2203,20220218,20220218,130128000,13:01:28,4615.8,32296,113291,44699394120,0,0,0
IF2203,20220218,20220218,130128500,13:01:28,4616.2,32297,113292,44700778980,1,1,1384860
IF2203,20220218,20220218,130129000,13:01:29,4616.2,32297,113292,44700778980,0,0,0
IF2203,20220218,20220218,130129500,13:01:29,4616.2,32298,113293,44702163840,1,1,1384860
IF2203,20220218,20220218,130130000,13:01:30,4616.2,32298,113293,44702163840,0,0,0
IF2203,20220218,20220218,130130500,13:01:30,4616.6,32301,113295,44706318660,3,2,4154820
IF2203,20220218,20220218,130131000,13:01:31,4616.6,32301,113295,44706318660,0,0,0
IF2203,20220218,20220218,130131500,13:01:31,4616.6,32301,113295,44706318660,0,0,0
IF2203,20220218,20220218,130132000,13:01:32,4616.4,32302,113295,44707703580,1,0,1384920
IF2203,20220218,20220218,130132500,13:01:32,4616.2,32303,113295,44709088440,1,0,1384860
IF2203,20220218,20220218,130133000,13:01:33,4616.2,32304,113295,44710473300,1,0,1384860
IF2203,20220218,20220218,130133500,13:01:33,4616.2,32304,113295,44710473300,0,0,0
IF2203,20220218,20220218,130134000,13:01:34,4616.2,32304,113295,44710473300,0,0,0
IF2203,20220218,20220218,130134500,13:01:34,4616.6,32305,113295,44711858280,1,0,1384980
IF2203,20220218,20220218,130135000,13:01:35,4616.4,32306,113295,44713243200,1,0,1384920
IF2203,20220218,20220218,130136000,13:01:36,4616.8,32307,113296,44714628240,1,1,1385040
IF2203,20220218,20220218,130136500,13:01:37,4616.8,32307,113296,44714628240,0,0,0
IF2203,20220218,20220218,130137000,13:01:37,4616.8,32308,113297,44716013280,1,1,1385040
IF2203,20220218,20220218,130137500,13:01:37,4617,32311,113300,44720168520,3,3,4155240
IF2203,20220218,20220218,130138500,13:01:38,4617,32311,113300,44720168520,0,0,0
IF2203,20220218,20220218,130139000,13:01:39,4616.6,32312,113301,44721553500,1,1,1384980
IF2203,20220218,20220218,130139500,13:01:39,4617,32313,113301,44722938600,1,0,1385100
IF2203,20220218,20220218,130140000,13:01:40,4617,32313,113301,44722938600,0,0,0
IF2203,20220218,20220218,130141000,13:01:41,4616.6,32315,113303,44725708680,2,2,2770080
IF2203,20220218,20220218,130141500,13:01:41,4616.6,32315,113303,44725708680,0,0,0
IF2203,20220218,20220218,130142000,13:01:42,4616.6,32316,113304,44727093660,1,1,1384980
IF2203,20220218,20220218,130142500,13:01:43,4616.4,32319,113307,44731248420,3,3,4154760
IF2203,20220218,20220218,130143000,13:01:43,4616.8,32322,113307,44735403480,3,0,4155060
IF2203,20220218,20220218,130143500,13:01:43,4616.8,32322,113307,44735403480,0,0,0
IF2203,20220218,20220218,130144000,13:01:44,4616.2,32324,113308,44738173200,2,1,2769720
IF2203,20220218,20220218,130144500,13:01:44,4616.2,32324,113308,44738173200,0,0,0
IF2203,20220218,20220218,130145000,13:01:45,4616.2,32328,113312,44743712640,4,4,5539440
IF2203,20220218,20220218,130145500,13:01:46,4616.2,32329,113313,44745097500,1,1,1384860
IF2203,20220218,20220218,130146000,13:01:46,4616.6,32330,113313,44746482480,1,0,1384980
IF2203,20220218,20220218,130146500,13:01:46,4616.2,32331,113314,44747867340,1,1,1384860
IF2203,20220218,20220218,130147000,13:01:47,4616.4,32332,113314,44749252260,1,0,1384920
IF2203,20220218,20220218,130147500,13:01:47,4616.4,32332,113314,44749252260,0,0,0
IF2203,20220218,20220218,130148000,13:01:48,4616.4,32332,113314,44749252260,0,0,0
IF2203,20220218,20220218,130148500,13:01:48,4617,32335,113313,44753407440,3,-1,4155180
IF2203,20220218,20220218,130149000,13:01:49,4616.4,32336,113313,44754792360,1,0,1384920
IF2203,20220218,20220218,130149500,13:01:49,4616.4,32336,113313,44754792360,0,0,0
IF2203,20220218,20220218,130150000,13:01:50,4616.4,32336,113313,44754792360,0,0,0
IF2203,20220218,20220218,130150500,13:01:50,4616.4,32336,113313,44754792360,0,0,0
IF2203,20220218,20220218,130151000,13:01:51,4617,32337,113313,44756177460,1,0,1385100
IF2203,20220218,20220218,130151500,13:01:51,4617.2,32338,113313,44757562620,1,0,1385160
IF2203,20220218,20220218,130152000,13:01:52,4616.6,32339,113313,44758947600,1,0,1384980
IF2203,20220218,20220218,130152500,13:01:52,4617.4,32343,113311,44764488360,4,-2,5540760
IF2203,20220218,20220218,130153000,13:01:53,4617.4,32343,113311,44764488360,0,0,0
IF2203,20220218,20220218,130153500,13:01:53,4617.4,32343,113311,44764488360,0,0,0
IF2203,20220218,20220218,130154000,13:01:54,4617.6,32344,113312,44765873640,1,1,1385280
IF2203,20220218,20220218,130154500,13:01:54,4617.8,32347,113312,44770029660,3,0,4156020
IF2203,20220218,20220218,130155000,13:01:55,4617.8,32350,113312,44774185200,3,0,4155540
IF2203,20220218,20220218,130155500,13:01:55,4617.8,32357,113315,44783882580,7,3,9697380
IF2203,20220218,20220218,130156000,13:01:56,4617.4,32359,113315,44786653200,2,0,2770620
IF2203,20220218,20220218,130156500,13:01:56,4617.6,32360,113316,44788038480,1,1,1385280
IF2203,20220218,20220218,130157000,13:01:57,4617.6,32360,113316,44788038480,0,0,0
IF2203,20220218,20220218,130158000,13:01:58,4617.8,32361,113317,44789423820,1,1,1385340
IF2203,20220218,20220218,130158500,13:01:58,4618,32364,113317,44793579900,3,0,4156080
IF2203,20220218,20220218,130159000,13:01:59,4618,32366,113317,44796350700,2,0,2770800
IF2203,20220218,20220218,130159500,13:01:59,4617.8,32369,113318,44800506720,3,1,4156020
IF2203,20220218,20220218,130200000,13:02:00,4617.8,32370,113318,44801892060,1,0,1385340
IF2203,20220218,20220218,130200500,13:02:00,4617.8,32370,113318,44801892060,0,0,0
IF2203,20220218,20220218,130201000,13:02:01,4617.8,32370,113318,44801892060,0,0,0
IF2203,20220218,20220218,130201500,13:02:01,4617.8,32373,113320,44806047840,3,2,4155780
IF2203,20220218,20220218,130202000,13:02:02,4618,32376,113320,44810204040,3,0,4156200
IF2203,20220218,20220218,130202500,13:02:02,4617.6,32386,113316,44824057800,10,-4,13853760
IF2203,20220218,20220218,130203000,13:02:03,4617.6,32389,113315,44828213760,3,-1,4155960
IF2203,20220218,20220218,130203500,13:02:03,4617.6,32400,113319,44843452620,11,4,15238860
IF2203,20220218,20220218,130204000,13:02:04,4617.6,32400,113319,44843452620,0,0,0
IF2203,20220218,20220218,130204500,13:02:04,4617.8,32403,113321,44847608640,3,2,4156020
IF2203,20220218,20220218,130205000,13:02:05,4617.8,32403,113321,44847608640,0,0,0
IF2203,20220218,20220218,130205500,13:02:05,4617.6,32404,113321,44848993920,1,0,1385280
IF2203,20220218,20220218,130206000,13:02:06,4618.2,32405,113322,44850379380,1,1,1385460
IF2203,20220218,20220218,130206500,13:02:06,4617.6,32406,113322,44851764660,1,0,1385280
IF2203,20220218,20220218,130207000,13:02:07,4617.6,32406,113322,44851764660,0,0,0
IF2203,20220218,20220218,130207500,13:02:08,4617.6,32407,113322,44853149940,1,0,1385280
IF2203,20220218,20220218,130208000,13:02:08,4617.6,32411,113323,44858691180,4,1,5541240
IF2203,20220218,20220218,130208500,13:02:08,4617.6,32418,113323,44868388320,7,0,9697140
IF2203,20220218,20220218,130209000,13:02:09,4617.6,32418,113323,44868388320,0,0,0
IF2203,20220218,20220218,130209500,13:02:10,4617.6,32418,113323,44868388320,0,0,0
IF2203,20220218,20220218,130210000,13:02:10,4618.2,32419,113323,44869773780,1,0,1385460
IF2203,20220218,20220218,130210500,13:02:10,4618.2,32420,113323,44871159240,1,0,1385460
IF2203,20220218,20220218,130211000,13:02:11,4618.2,32421,113324,44872544700,1,1,1385460
IF2203,20220218,20220218,130211500,13:02:11,4618.2,32422,113323,44873930160,1,-1,1385460
IF2203,20220218,20220218,130212000,13:02:12,4617.6,32424,113324,44876700720,2,1,2770560
IF2203,20220218,20220218,130212500,13:02:12,4617.8,32425,113323,44878086060,1,-1,1385340
IF2203,20220218,20220218,130213000,13:02:13,4617.8,32425,113323,44878086060,0,0,0
IF2203,20220218,20220218,130213500,13:02:13,4617.4,32427,113324,44880856620,2,1,2770560
IF2203,20220218,20220218,130214000,13:02:14,4617.4,32427,113324,44880856620,0,0,0
IF2203,20220218,20220218,130214500,13:02:14,4618,32428,113324,44882242020,1,0,1385400
IF2203,20220218,20220218,130215000,13:02:15,4618,32428,113324,44882242020,0,0,0
IF2203,20220218,20220218,130215500,13:02:15,4618,32429,113323,44883627420,1,-1,1385400
IF2203,20220218,20220218,130216000,13:02:16,4618.4,32431,113323,44886398400,2,0,2770980
IF2203,20220218,20220218,130216500,13:02:16,4618.4,32432,113322,44887783920,1,-1,1385520
IF2203,20220218,20220218,130217000,13:02:17,4618.4,32434,113322,44890554900,2,0,2770980
IF2203,20220218,20220218,130217500,13:02:17,4618.4,32435,113321,44891940420,1,-1,1385520
IF2203,20220218,20220218,130218000,13:02:18,4617.6,32438,113324,44896096740,3,3,4156320
IF2203,20220218,20220218,130218500,13:02:18,4618.4,32440,113325,44898867540,2,1,2770800
IF2203,20220218,20220218,130219000,13:02:19,4618.4,32447,113329,44908566300,7,4,9698760
IF2203,20220218,20220218,130219500,13:02:19,4618.2,32452,113328,44915493240,5,-1,6926940
IF2203,20220218,20220218,130220000,13:02:20,4618.2,32454,113328,44918264220,2,0,2770980
IF2203,20220218,20220218,130220500,13:02:20,4618.4,32455,113328,44919649740,1,0,1385520
IF2203,20220218,20220218,130221000,13:02:21,4618.4,32455,113328,44919649740,0,0,0
IF2203,20220218,20220218,130221500,13:02:21,4618.8,32456,113328,44921035380,1,0,1385640
IF2203,20220218,20220218,130222000,13:02:22,4618.4,32457,113328,44922420900,1,0,1385520
IF2203,20220218,20220218,130222500,13:02:22,4618.8,32458,113328,44923806540,1,0,1385640
IF2203,20220218,20220218,130223000,13:02:23,4619,32461,113328,44927963520,3,0,4156980
IF2203,20220218,20220218,130223500,13:02:23,4618.8,32465,113326,44933505840,4,-2,5542320
IF2203,20220218,20220218,130224000,13:02:24,4618.8,32465,113326,44933505840,0,0,0
IF2203,20220218,20220218,130224500,13:02:24,4618.8,32472,113326,44943205080,7,0,9699240
IF2203,20220218,20220218,130225000,13:02:25,4618.4,32474,113325,44945976120,2,-1,2771040
IF2203,20220218,20220218,130225500,13:02:25,4619,32479,113325,44952904080,5,0,6927960
IF2203,20220218,20220218,130226000,13:02:26,4618.2,32480,113325,44954289540,1,0,1385460
IF2203,20220218,20220218,130226500,13:02:26,4618.6,32482,113326,44957060520,2,1,2770980
IF2203,20220218,20220218,130227000,13:02:27,4618.6,32486,113330,44962602840,4,4,5542320
IF2203,20220218,20220218,130227500,13:02:27,4618.2,32488,113330,44965373880,2,0,2771040
IF2203,20220218,20220218,130228000,13:02:28,4618.2,32489,113330,44966759340,1,0,1385460
IF2203,20220218,20220218,130228500,13:02:28,4618,32490,113331,44968144740,1,1,1385400
IF2203,20220218,20220218,130229000,13:02:29,4618,32494,113329,44973686400,4,-2,5541660
IF2203,20220218,20220218,130229500,13:02:29,4617.6,32496,113329,44976457140,2,0,2770740
IF2203,20220218,20220218,130230000,13:02:30,4617.8,32497,113329,44977842480,1,0,1385340
IF2203,20220218,20220218,130230500,13:02:30,4618.4,32499,113328,44980613340,2,-1,2770860
IF2203,20220218,20220218,130231000,13:02:31,4618.4,32499,113328,44980613340,0,0,0
IF2203,20220218,20220218,130231500,13:02:31,4618.4,32500,113329,44981998860,1,1,1385520
IF2203,20220218,20220218,130232000,13:02:32,4618.4,32500,113329,44981998860,0,0,0
IF2203,20220218,20220218,130232500,13:02:32,4618.4,32500,113329,44981998860,0,0,0
IF2203,20220218,20220218,130233000,13:02:33,4618.4,32500,113329,44981998860,0,0,0
IF2203,20220218,20220218,130233500,13:02:33,4618.4,32500,113329,44981998860,0,0,0
IF2203,20220218,20220218,130234000,13:02:34,4617.8,32502,113330,44984769720,2,1,2770860
IF2203,20220218,20220218,130234500,13:02:34,4617.8,32503,113330,44986155060,1,0,1385340
IF2203,20220218,20220218,130235000,13:02:35,4618.4,32506,113330,44990311260,3,0,4156200
IF2203,20220218,20220218,130235500,13:02:36,4617.8,32508,113331,44993081880,2,1,2770620
IF2203,20220218,20220218,130236000,13:02:36,4617.6,32509,113332,44994467160,1,1,1385280
IF2203,20220218,20220218,130236500,13:02:37,4617.6,32511,113333,44997237840,2,1,2770680
IF2203,20220218,20220218,130237000,13:02:37,4617.6,32512,113334,44998623120,1,1,1385280
IF2203,20220218,20220218,130237500,13:02:38,4617.6,32513,113334,45000008400,1,0,1385280
IF2203,20220218,20220218,130238000,13:02:38,4617.8,32514,113334,45001393740,1,0,1385340
IF2203,20220218,20220218,130238500,13:02:39,4617.8,32514,113334,45001393740,0,0,0
IF2203,20220218,20220218,130239000,13:02:39,4617.4,32516,113334,45004164240,2,0,2770500
IF2203,20220218,20220218,130239500,13:02:39,4617.4,32516,113334,45004164240,0,0,0
IF2203,20220218,20220218,130240000,13:02:40,4617.4,32518,113335,45006934860,2,1,2770620
IF2203,20220218,20220218,130240500,13:02:40,4618,32519,113334,45008320260,1,-1,1385400
IF2203,20220218,20220218,130241000,13:02:41,4618,32519,113334,45008320260,0,0,0
IF2203,20220218,20220218,130241500,13:02:41,4618.4,32521,113333,45011091240,2,-1,2770980
IF2203,20220218,20220218,130242000,13:02:42,4618.4,32521,113333,45011091240,0,0,0
IF2203,20220218,20220218,130242500,13:02:42,4618.4,32521,113333,45011091240,0,0,0
IF2203,20220218,20220218,130243000,13:02:43,4617.8,32522,113333,45012476580,1,0,1385340
IF2203,20220218,20220218,130243500,13:02:43,4617.8,32522,113333,45012476580,0,0,0
IF2203,20220218,20220218,130244000,13:02:44,4617.8,32522,113333,45012476580,0,0,0
IF2203,20220218,20220218,130244500,13:02:45,4617.6,32523,113334,45013861860,1,1,1385280
IF2203,20220218,20220218,130245000,13:02:45,4617.8,32524,113333,45015247200,1,-1,1385340
IF2203,20220218,20220218,130245500,13:02:45,4618.2,32525,113332,45016632660,1,-1,1385460
IF2203,20220218,20220218,130246000,13:02:46,4618.4,32526,113332,45018018180,1,0,1385520
IF2203,20220218,20220218,130246500,13:02:46,4618.4,32526,113332,45018018180,0,0,0
IF2203,20220218,20220218,130247000,13:02:47,4618.4,32526,113332,45018018180,0,0,0
IF2203,20220218,20220218,130247500,13:02:47,4618.4,32527,113332,45019403700,1,0,1385520
IF2203,20220218,20220218,130248000,13:02:48,4618.2,32532,113336,45026331000,5,4,6927300
IF2203,20220218,20220218,130249000,13:02:49,4617.8,32538,113338,45034643340,6,2,8312340
IF2203,20220218,20220218,130249500,13:02:49,4618,32539,113339,45036028740,1,1,1385400
IF2203,20220218,20220218,130250000,13:02:50,4617.4,32540,113338,45037413960,1,-1,1385220
IF2203,20220218,20220218,130250500,13:02:50,4617.4,32540,113338,45037413960,0,0,0
IF2203,20220218,20220218,130251000,13:02:51,4617.4,32540,113338,45037413960,0,0,0
IF2203,20220218,20220218,130251500,13:02:51,4618,32541,113339,45038799360,1,1,1385400
IF2203,20220218,20220218,130252000,13:02:52,4618,32542,113340,45040184760,1,1,1385400
IF2203,20220218,20220218,130252500,13:02:52,4618,32543,113341,45041570160,1,1,1385400
IF2203,20220218,20220218,130254000,13:02:54,4617.4,32544,113341,45042955380,1,0,1385220
IF2203,20220218,20220218,130255000,13:02:55,4617.4,32544,113341,45042955380,0,0,0
IF2203,20220218,20220218,130255500,13:02:55,4617.4,32544,113341,45042955380,0,0,0
IF2203,20220218,20220218,130257000,13:02:57,4617.4,32545,113341,45044340600,1,0,1385220
IF2203,20220218,20220218,130257500,13:02:58,4618,32546,113341,45045726000,1,0,1385400
IF2203,20220218,20220218,130258000,13:02:58,4618,32547,113341,45047111400,1,0,1385400
IF2203,20220218,20220218,130258500,13:02:58,4618.6,32550,113340,45051267900,3,-1,4156500
IF2203,20220218,20220218,130259000,13:02:59,4618.4,32552,113340,45054038940,2,0,2771040
IF2203,20220218,20220218,130259500,13:02:59,4618,32554,113340,45056809800,2,0,2770860
IF2203,20220218,20220218,130300000,13:03:00,4618,32554,113340,45056809800,0,0,0
IF2203,20220218,20220218,130300500,13:03:00,4618,32554,113340,45056809800,0,0,0
IF2203,20220218,20220218,130301000,13:03:01,4618.6,32555,113340,45058195380,1,0,1385580
IF2203,20220218,20220218,130301500,13:03:01,4618.6,32555,113340,45058195380,0,0,0
IF2203,20220218,20220218,130302000,13:03:02,4618.6,32556,113341,45059580960,1,1,1385580
IF2203,20220218,20220218,130302500,13:03:02,4618.6,32557,113341,45060966540,1,0,1385580
IF2203,20220218,20220218,130303000,13:03:03,4619,32561,113342,45066509220,4,1,5542680
IF2203,20220218,20220218,130303500,13:03:03,4619.4,32572,113336,45081753240,11,-6,15244020
IF2203,20220218,20220218,130304000,13:03:04,4619.4,32572,113336,45081753240,0,0,0
IF2203,20220218,20220218,130304500,13:03:04,4618.8,32588,113345,45103926480,16,9,22173240
IF2203,20220218,20220218,130305000,13:03:05,4619.4,32592,113346,45109469760,4,1,5543280
IF2203,20220218,20220218,130305500,13:03:05,4619.8,32600,113345,45120557280,8,-1,11087520
IF2203,20220218,20220218,130306000,13:03:06,4619.8,32613,113352,45138575160,13,7,18017880
IF2203,20220218,20220218,130306500,13:03:06,4620,32616,113352,45142733280,3,0,4158120
IF2203,20220218,20220218,130307000,13:03:07,4620.4,32618,113353,45145505460,2,1,2772180
IF2203,20220218,20220218,130307500,13:03:07,4620,32623,113353,45152435640,5,0,6930180
IF2203,20220218,20220218,130308000,13:03:08,4620.6,32625,113353,45155207820,2,0,2772180
IF2203,20220218,20220218,130308500,13:03:09,4620.6,32632,113355,45164911080,7,2,9703260
IF2203,20220218,20220218,130309000,13:03:09,4620.4,32640,113354,45176000160,8,-1,11089080
IF2203,20220218,20220218,130309500,13:03:09,4620.4,32644,113353,45181544640,4,-1,5544480
IF2203,20220218,20220218,130310000,13:03:10,4620,32646,113353,45184316640,2,0,2772000
IF2203,20220218,20220218,130310500,13:03:11,4621,32659,113350,45202336620,13,-3,18019980
IF2203,20220218,20220218,130311000,13:03:11,4621,32660,113350,45203722920,1,0,1386300
IF2203,20220218,20220218,130311500,13:03:11,4620.6,32662,113352,45206495160,2,2,2772240
IF2203,20220218,20220218,130312000,13:03:12,4620.4,32663,113353,45207881280,1,1,1386120
IF2203,20220218,20220218,130312500,13:03:12,4620.2,32667,113354,45213425580,4,1,5544300
IF2203,20220218,20220218,130313000,13:03:13,4620.4,32671,113357,45218969700,4,3,5544120
IF2203,20220218,20220218,130313500,13:03:14,4620.4,32671,113357,45218969700,0,0,0
IF2203,20220218,20220218,130314000,13:03:14,4620.4,32671,113357,45218969700,0,0,0
IF2203,20220218,20220218,130314500,13:03:14,4620.4,32672,113357,45220355820,1,0,1386120
IF2203,20220218,20220218,130315000,13:03:15,4620.4,32672,113357,45220355820,0,0,0
IF2203,20220218,20220218,130315500,13:03:15,4620.4,32674,113359,45223128060,2,2,2772240
IF2203,20220218,20220218,130316000,13:03:16,4620.6,32678,113360,45228672360,4,1,5544300
IF2203,20220218,20220218,130316500,13:03:16,4620.6,32678,113360,45228672360,0,0,0
IF2203,20220218,20220218,130317000,13:03:17,4620.6,32678,113360,45228672360,0,0,0
IF2203,20220218,20220218,130317500,13:03:17,4620.6,32680,113361,45231444660,2,1,2772300
IF2203,20220218,20220218,130318000,13:03:18,4620.4,32687,113359,45241147860,7,-2,9703200
IF2203,20220218,20220218,130318500,13:03:19,4620.6,32688,113360,45242534040,1,1,1386180
IF2203,20220218,20220218,130319000,13:03:19,4620.6,32689,113361,45243920220,1,1,1386180
IF2203,20220218,20220218,130319500,13:03:19,4620.6,32689,113361,45243920220,0,0,0
IF2203,20220218,20220218,130320500,13:03:20,4620.8,32691,113362,45246692640,2,1,2772420
IF2203,20220218,20220218,130321000,13:03:21,4620.2,32693,113360,45249464760,2,-2,2772120
IF2203,20220218,20220218,130321500,13:03:21,4620.8,32701,113358,45260553120,8,-2,11088360
IF2203,20220218,20220218,130322000,13:03:22,4620.8,32701,113358,45260553120,0,0,0
IF2203,20220218,20220218,130322500,13:03:23,4620.8,32703,113356,45263325600,2,-2,2772480
IF2203,20220218,20220218,130323000,13:03:23,4620.8,32703,113356,45263325600,0,0,0
IF2203,20220218,20220218,130323500,13:03:23,4620.8,32703,113356,45263325600,0,0,0
IF2203,20220218,20220218,130324000,13:03:24,4620.8,32703,113356,45263325600,0,0,0
IF2203,20220218,20220218,130324500,13:03:24,4620.2,32715,113351,45279957660,12,-5,16632060
IF2203,20220218,20220218,130325000,13:03:25,4620,32717,113351,45282729660,2,0,2772000
IF2203,20220218,20220218,130325500,13:03:26,4620,32717,113351,45282729660,0,0,0
IF2203,20220218,20220218,130326000,13:03:26,4620,32719,113352,45285501660,2,1,2772000
IF2203,20220218,20220218,130326500,13:03:26,4620,32719,113352,45285501660,0,0,0
IF2203,20220218,20220218,130327000,13:03:27,4619.4,32722,113353,45289659240,3,1,4157580
IF2203,20220218,20220218,130327500,13:03:27,4619.2,32728,113355,45297973320,6,2,8314080
IF2203,20220218,20220218,130328000,13:03:28,4619.2,32728,113355,45297973320,0,0,0
IF2203,20220218,20220218,130328500,13:03:28,4619.2,32728,113355,45297973320,0,0,0
IF2203,20220218,20220218,130329000,13:03:29,4619.2,32728,113355,45297973320,0,0,0
IF2203,20220218,20220218,130329500,13:03:29,4619.2,32728,113355,45297973320,0,0,0
IF2203,20220218,20220218,130330000,13:03:30,4618.8,32730,113353,45300744600,2,-2,2771280
IF2203,20220218,20220218,130330500,13:03:30,4618.8,32730,113353,45300744600,0,0,0
