IH2203,20220218,20220218,112003000,11:20:04,3141.6,15295,58893,14402449800,15295,-1124,14402449800
IH2203,20220218,20220218,112004500,11:20:09,3141.6,15295,58893,14402449800,0,0,0
IH2203,20220218,20220218,112005000,11:20:10,3141.6,15295,58893,14402449800,0,0,0
IH2203,20220218,20220218,112006000,11:20:10,3141,15306,58897,14412815820,11,4,10366020
IH2203,20220218,20220218,112006500,11:20:10,3141,15308,58899,14414700420,2,2,1884600
IH2203,20220218,20220218,112007000,11:20:10,3141,15310,58900,14416585020,2,1,1884600
IH2203,20220218,20220218,112007500,11:20:10,3141.4,15314,58902,14420354460,4,2,3769440
IH2203,20220218,20220218,112008000,11:20:10,3141,15319,58903,14425066320,5,1,4711860
IH2203,20220218,20220218,112008500,11:20:10,3141.6,15320,58904,14426008800,1,1,942480
IH2203,20220218,20220218,112009000,11:20:10,3141,15323,58904,14428835880,3,0,2827080
IH2203,20220218,20220218,112009500,11:20:10,3141,15323,58904,14428835880,0,0,0
IH2203,20220218,20220218,112010000,11:20:10,3141,15324,58903,14429778180,1,-1,942300
IH2203,20220218,20220218,112010500,11:20:10,3141,15325,58903,14430720480,1,0,942300
IH2203,20220218,20220218,112011000,11:20:11,3140.8,15326,58903,14431662720,1,0,942240
IH2203,20220218,20220218,112011500,11:20:12,3140.8,15327,58902,14432604960,1,-1,942240
IH2203,20220218,20220218,112012000,11:20:12,3140.8,15328,58903,14433547200,1,1,942240
IH2203,20220218,20220218,112012500,11:20:12,3141,15329,58903,14434489500,1,0,942300
IH2203,20220218,20220218,112013000,11:20:13,3141.2,15332,58903,14437316580,3,0,2827080
IH2203,20220218,20220218,112013500,11:20:13,3141.2,15332,58903,14437316580,0,0,0
IH2203,20220218,20220218,112014000,11:20:14,3141,15335,58904,14440143600,3,1,2827020
IH2203,20220218,20220218,112014500,11:20:14,3141,15336,58903,14441085900,1,-1,942300
IH2203,20220218,20220218,112015000,11:20:15,3141,15336,58903,14441085900,0,0,0
IH2203,20220218,20220218,112016500,11:20:16,3141,15336,58903,14441085900,0,0,0
IH2203,20220218,20220218,112017000,11:20:17,3141,15336,58903,14441085900,0,0,0
IH2203,20220218,20220218,112017500,11:20:17,3140.8,15337,58904,14442028140,1,1,942240
IH2203,20220218,20220218,112018500,11:20:18,3140.8,15337,58904,14442028140,0,0,0
IH2203,20220218,20220218,112019000,11:20:19,3140.8,15338,58904,14442970380,1,0,942240
IH2203,20220218,20220218,112019500,11:20:20,3140.8,15339,58905,14443912620,1,1,942240
IH2203,20220218,20220218,112020000,11:20:20,3140.8,15339,58905,14443912620,0,0,0
IH2203,20220218,20220218,112020500,11:20:21,3140.8,15339,58905,14443912620,0,0,0
IH2203,20220218,20220218,112021000,11:20:21,3140.8,15341,58907,14445797160,2,2,1884540
IH2203,20220218,20220218,112021500,11:20:21,3141,15342,58908,14446739460,1,1,942300
IH2203,20220218,20220218,112022500,11:20:23,3141,15343,58909,14447681760,1,1,942300
IH2203,20220218,20220218,112023000,11:20:23,3140.8,15344,58909,14448624000,1,0,942240
IH2203,20220218,20220218,112023500,11:20:23,3141,15347,58910,14451450840,3,1,2826840
IH2203,20220218,20220218,112024000,11:20:24,3141,15347,58910,14451450840,0,0,0
IH2203,20220218,20220218,112024500,11:20:24,3141,15348,58911,14452393140,1,1,942300
IH2203,20220218,20220218,112025000,11:20:25,3141,15352,58915,14456162340,4,4,3769200
IH2203,20220218,20220218,112025500,11:20:25,3141.2,15353,58915,14457104700,1,0,942360
IH2203,20220218,20220218,112026000,11:20:26,3140.8,15354,58915,14458046940,1,0,942240
IH2203,20220218,20220218,112026500,11:20:26,3140.8,15354,58915,14458046940,0,0,0
IH2203,20220218,20220218,112027000,11:20:27,3140.8,15354,58915,14458046940,0,0,0
IH2203,20220218,20220218,112027500,11:20:28,3140.8,15354,58915,14458046940,0,0,0
IH2203,20220218,20220218,112028500,11:20:28,3140.8,15354,58915,14458046940,0,0,0
IH2203,20220218,20220218,112029500,11:20:30,3140.8,15359,58914,14462758140,5,-1,4711200
IH2203,20220218,20220218,112030000,11:20:31,3140.8,15366,58912,14469353820,7,-2,6595680
IH2203,20220218,20220218,112030500,11:20:31,3141.2,15368,58912,14471238420,2,0,1884600
IH2203,20220218,20220218,112031000,11:20:32,3141.2,15368,58912,14471238420,0,0,0
IH2203,20220218,20220218,112032500,11:20:32,3141.2,15368,58912,14471238420,0,0,0
IH2203,20220218,20220218,112033000,11:20:33,3141.2,15369,58911,14472180780,1,-1,942360
IH2203,20220218,20220218,112033500,11:20:33,3141.2,15369,58911,14472180780,0,0,0
IH2203,20220218,20220218,112034000,11:20:34,3141.2,15369,58911,14472180780,0,0,0
IH2203,20220218,20220218,112034500,11:20:35,3141,15370,58911,14473123080,1,0,942300
IH2203,20220218,20220218,112035000,11:20:35,3141,15372,58913,14475007680,2,2,1884600
IH2203,20220218,20220218,112035500,11:20:35,3140.8,15377,58914,14479718880,5,1,4711200
IH2203,20220218,20220218,112036000,11:20:36,3140.8,15378,58915,14480661120,1,1,942240
IH2203,20220218,20220218,112036500,11:20:37,3140.8,15378,58915,14480661120,0,0,0
IH2203,20220218,20220218,112037000,11:20:37,3140.6,15379,58916,14481603300,1,1,942180
IH2203,20220218,20220218,112037500,11:20:38,3140.6,15380,58916,14482545480,1,0,942180
IH2203,20220218,20220218,112038000,11:20:38,3140.6,15381,58917,14483487660,1,1,942180
IH2203,20220218,20220218,112038500,11:20:38,3140.6,15382,58918,14484429840,1,1,942180
IH2203,20220218,20220218,112039000,11:20:39,3140.6,15383,58918,14485372020,1,0,942180
IH2203,20220218,20220218,112039500,11:20:40,3140.6,15383,58918,14485372020,0,0,0
IH2203,20220218,20220218,112040000,11:20:40,3140.4,15384,58919,14486314140,1,1,942120
IH2203,20220218,20220218,112040500,11:20:41,3140.6,15386,58919,14488198500,2,0,1884360
IH2203,20220218,20220218,112041000,11:20:41,3140.6,15386,58919,14488198500,0,0,0
IH2203,20220218,20220218,112041500,11:20:41,3140.6,15386,58919,14488198500,0,0,0
IH2203,20220218,20220218,112042000,11:20:42,3140.6,15387,58919,14489140680,1,0,942180
IH2203,20220218,20220218,112042500,11:20:42,3140.4,15388,58920,14490082800,1,1,942120
IH2203,20220218,20220218,112043000,11:20:43,3140.4,15388,58920,14490082800,0,0,0
IH2203,20220218,20220218,112043500,11:20:44,3140.6,15389,58921,14491024980,1,1,942180
IH2203,20220218,20220218,112044000,11:20:44,3140.6,15389,58921,14491024980,0,0,0
IH2203,20220218,20220218,112044500,11:20:45,3141,15390,58921,14491967280,1,0,942300
IH2203,20220218,20220218,112045000,11:20:45,3141,15390,58921,14491967280,0,0,0
IH2203,20220218,20220218,112046000,11:20:46,3141,15390,58921,14491967280,0,0,0
IH2203,20220218,20220218,112046500,11:20:46,3141,15390,58921,14491967280,0,0,0
IH2203,20220218,20220218,112047000,11:20:47,3141,15390,58921,14491967280,0,0,0
IH2203,20220218,20220218,112047500,11:20:48,3140.6,15391,58921,14492909460,1,0,942180
IH2203,20220218,20220218,112048000,11:20:48,3141,15392,58920,14493851760,1,-1,942300
IH2203,20220218,20220218,112048500,11:20:50,3140.6,15393,58921,14494793940,1,1,942180
IH2203,20220218,20220218,112049000,11:20:50,3140.6,15393,58921,14494793940,0,0,0
IH2203,20220218,20220218,112049500,11:20:50,3140.6,15393,58921,14494793940,0,0,0
IH2203,20220218,20220218,112050500,11:20:50,3140.6,15393,58921,14494793940,0,0,0
IH2203,20220218,20220218,112051500,11:20:52,3140.6,15393,58921,14494793940,0,0,0
IH2203,20220218,20220218,112052000,11:20:53,3141.2,15394,58921,14495736300,1,0,942360
IH2203,20220218,20220218,112052500,11:20:53,3141.2,15394,58921,14495736300,0,0,0
IH2203,20220218,20220218,112053000,11:20:53,3141.2,15394,58921,14495736300,0,0,0
IH2203,20220218,20220218,112053500,11:20:53,3140.8,15395,58921,14496678540,1,0,942240
IH2203,20220218,20220218,112054000,11:20:54,3140.8,15395,58921,14496678540,0,0,0
IH2203,20220218,20220218,112055000,11:20:55,3140.8,15395,58921,14496678540,0,0,0
IH2203,20220218,20220218,112056000,11:20:56,3141.2,15396,58921,14497620900,1,0,942360
IH2203,20220218,20220218,112056500,11:20:56,3141.2,15397,58921,14498563260,1,0,942360
IH2203,20220218,20220218,112057000,11:20:58,3141.2,15397,58921,14498563260,0,0,0
IH2203,20220218,20220218,112057500,11:20:58,3141.2,15397,58921,14498563260,0,0,0
IH2203,20220218,20220218,112058000,11:20:58,3141.2,15397,58921,14498563260,0,0,0
IH2203,20220218,20220218,112058500,11:20:59,3140.8,15399,58921,14500447920,2,0,1884660
IH2203,20220218,20220218,112059000,11:21:00,3140.8,15399,58921,14500447920,0,0,0
IH2203,20220218,20220218,112059500,11:21:00,3140.8,15399,58921,14500447920,0,0,0
IH2203,20220218,20220218,112100000,11:21:00,3140.8,15399,58921,14500447920,0,0,0
IH2203,20220218,20220218,112100500,11:21:01,3140.8,15399,58921,14500447920,0,0,0
IH2203,20220218,20220218,112102000,11:21:02,3140.8,15399,58921,14500447920,0,0,0
IH2203,20220218,20220218,112102500,11:21:03,3141,15401,58921,14502332520,2,0,1884600
IH2203,20220218,20220218,112103000,11:21:03,3141,15401,58921,14502332520,0,0,0
IH2203,20220218,20220218,112103500,11:21:04,3141,15401,58921,14502332520,0,0,0
IH2203,20220218,20220218,112104000,11:21:04,3141.2,15402,58920,14503274880,1,-1,942360
IH2203,20220218,20220218,112105000,11:21:06,3141.2,15403,58920,14504217240,1,0,942360
IH2203,20220218,20220218,112106000,11:21:07,3141.2,15403,58920,14504217240,0,0,0
IH2203,20220218,20220218,112106500,11:21:08,3141.2,15403,58920,14504217240,0,0,0
IH2203,20220218,20220218,112107500,11:21:10,3141.8,15405,58921,14506102140,2,1,1884900
IH2203,20220218,20220218,112108000,11:21:10,3141.2,15407,58921,14507986860,2,0,1884720
IH2203,20220218,20220218,112110000,11:21:10,3141.2,15407,58921,14507986860,0,0,0
IH2203,20220218,20220218,112110500,11:21:11,3141.4,15411,58920,14511756540,4,-1,3769680
IH2203,20220218,20220218,112111000,11:21:11,3141.8,15413,58921,14513641440,2,1,1884900
IH2203,20220218,20220218,112111500,11:21:12,3141.8,15413,58921,14513641440,0,0,0
IH2203,20220218,20220218,112112000,11:21:12,3141.4,15414,58922,14514583860,1,1,942420
IH2203,20220218,20220218,112112500,11:21:13,3141.4,15414,58922,14514583860,0,0,0
IH2203,20220218,20220218,112113000,11:21:13,3141.4,15414,58922,14514583860,0,0,0
IH2203,20220218,20220218,112113500,11:21:13,3141.4,15414,58922,14514583860,0,0,0
IH2203,20220218,20220218,112114000,11:21:14,3141.4,15414,58922,14514583860,0,0,0
IH2203,20220218,20220218,112115000,11:21:15,3141.4,15414,58922,14514583860,0,0,0
IH2203,20220218,20220218,112115500,11:21:15,3141.2,15415,58923,14515526220,1,1,942360
IH2203,20220218,20220218,112116000,11:21:16,3141.2,15415,58923,14515526220,0,0,0
IH2203,20220218,20220218,112116500,11:21:17,3141.4,15416,58923,14516468640,1,0,942420
IH2203,20220218,20220218,112117000,11:21:17,3141.4,15416,58923,14516468640,0,0,0
IH2203,20220218,20220218,112117500,11:21:18,3141.4,15416,58923,14516468640,0,0,0
IH2203,20220218,20220218,112118000,11:21:18,3141.4,15416,58923,14516468640,0,0,0
IH2203,20220218,20220218,112118500,11:21:18,3141.4,15416,58923,14516468640,0,0,0
IH2203,20220218,20220218,112119000,11:21:19,3141.4,15419,58924,14519295900,3,1,2827260
IH2203,20220218,20220218,112119500,11:21:20,3141.4,15423,58925,14523065580,4,1,3769680
IH2203,20220218,20220218,112120000,11:21:20,3141.4,15423,58925,14523065580,0,0,0
IH2203,20220218,20220218,112120500,11:21:22,3141.4,15423,58925,14523065580,0,0,0
IH2203,20220218,20220218,112121000,11:21:22,3141.4,15423,58925,14523065580,0,0,0
IH2203,20220218,20220218,112121500,11:21:22,3141.4,15423,58925,14523065580,0,0,0
IH2203,20220218,20220218,112122000,11:21:22,3141.4,15423,58925,14523065580,0,0,0
IH2203,20220218,20220218,112122500,11:21:22,3141.2,15424,58925,14524007940,1,0,942360
IH2203,20220218,20220218,112123000,11:21:23,3141.2,15425,58924,14524950300,1,-1,942360
IH2203,20220218,20220218,112123500,11:21:23,3141.2,15425,58924,14524950300,0,0,0
IH2203,20220218,20220218,112124000,11:21:24,3141.2,15425,58924,14524950300,0,0,0
IH2203,20220218,20220218,112124500,11:21:25,3141.2,15426,58924,14525892660,1,0,942360
IH2203,20220218,20220218,112125000,11:23:32,3141.4,15428,58924,14527777440,2,0,1884780
IH2203,20220218,20220218,112125500,11:23:32,3141.4,15428,58924,14527777440,0,0,0
IH2203,20220218,20220218,112126000,11:23:33,3141.4,15428,58924,14527777440,0,0,0
IH2203,20220218,20220218,112332000,11:23:33,3141.4,15428,58924,14527777440,0,0,0
IH2203,20220218,20220218,112333000,11:23:33,3141.4,15428,58924,14527777440,0,0,0
IH2203,20220218,20220218,112334500,11:23:34,3141.4,15428,58924,14527777440,0,0,0
IH2203,20220218,20220218,112335000,11:23:35,3141.4,15428,58924,14527777440,0,0,0
IH2203,20220218,20220218,112335500,11:23:35,3141.4,15428,58924,14527777440,0,0,0
IH2203,20220218,20220218,112336000,11:23:37,3141.4,15428,58924,14527777440,0,0,0
IH2203,20220218,20220218,112337000,11:23:38,3141.4,15428,58924,14527777440,0,0,0
IH2203,20220218,20220218,112340500,11:23:40,3141.4,15428,58924,14527777440,0,0,0
IH2203,20220218,20220218,112341500,11:23:42,3141.4,15428,58924,14527777440,0,0,0
IH2203,20220218,20220218,112342500,11:23:43,3141.4,15428,58924,14527777440,0,0,0
IH2203,20220218,20220218,112343000,11:23:43,3141.4,15428,58924,14527777440,0,0,0
IH2203,20220218,20220218,112343500,11:23:43,3141.4,15428,58924,14527777440,0,0,0
IH2203,20220218,20220218,112344000,11:23:45,3142.4,15551,58972,14643725940,123,48,115948500
IH2203,20220218,20220218,112344500,11:23:48,3142.6,15553,58974,14645611500,2,2,1885560
IH2203,20220218,20220218,112345000,11:23:48,3142,15561,58982,14653153560,8,8,7542060
IH2203,20220218,20220218,112345500,11:23:48,3142,15561,58982,14653153560,0,0,0
IH2203,20220218,20220218,112348000,11:23:48,3142,15561,58982,14653153560,0,0,0
IH2203,20220218,20220218,112350000,11:23:50,3142,15561,58982,14653153560,0,0,0
IH2203,20220218,20220218,112350500,11:23:50,3142,15562,58982,14654096160,1,0,942600
IH2203,20220218,20220218,112351000,11:23:51,3142,15562,58982,14654096160,0,0,0
IH2203,20220218,20220218,112352500,11:23:52,3142,15563,58983,14655038760,1,1,942600
IH2203,20220218,20220218,112354000,11:23:54,3142,15564,58983,14655981360,1,0,942600
IH2203,20220218,20220218,112354500,11:23:55,3142,15564,58983,14655981360,0,0,0
IH2203,20220218,20220218,112355000,11:23:55,3142,15564,58983,14655981360,0,0,0
IH2203,20220218,20220218,112356500,11:23:56,3142,15564,58983,14655981360,0,0,0
IH2203,20220218,20220218,112357000,11:23:57,3142,15564,58983,14655981360,0,0,0
IH2203,20220218,20220218,112400500,11:24:00,3142,15564,58983,14655981360,0,0,0
IH2203,20220218,20220218,112401000,11:24:01,3142,15564,58983,14655981360,0,0,0
IH2203,20220218,20220218,112401500,11:24:01,3142,15564,58983,14655981360,0,0,0
IH2203,20220218,20220218,112402000,11:24:02,3142,15564,58983,14655981360,0,0,0
IH2203,20220218,20220218,112404000,11:24:04,3142.4,15565,58983,14656924080,1,0,942720
IH2203,20220218,20220218,112404500,11:24:04,3142.4,15565,58983,14656924080,0,0,0
IH2203,20220218,20220218,112405000,11:24:05,3142.4,15565,58983,14656924080,0,0,0
IH2203,20220218,20220218,112405500,11:24:05,3142.4,15567,58985,14658809520,2,2,1885440
IH2203,20220218,20220218,112406000,11:24:06,3142.4,15569,58987,14660694960,2,2,1885440
IH2203,20220218,20220218,112406500,11:24:06,3142.4,15569,58987,14660694960,0,0,0
IH2203,20220218,20220218,112407500,11:24:08,3142.4,15569,58987,14660694960,0,0,0
IH2203,20220218,20220218,112408000,11:24:08,3142.6,15571,58989,14662580520,2,2,1885560
IH2203,20220218,20220218,112408500,11:24:08,3142.8,15572,58989,14663523360,1,0,942840
IH2203,20220218,20220218,112409000,11:24:11,3142.8,15572,58989,14663523360,0,0,0
IH2203,20220218,20220218,112409500,11:24:11,3142.8,15572,58989,14663523360,0,0,0
IH2203,20220218,20220218,112410000,11:24:12,3142.8,15572,58989,14663523360,0,0,0
IH2203,20220218,20220218,112410500,11:24:12,3142.8,15572,58989,14663523360,0,0,0
IH2203,20220218,20220218,112411000,11:24:12,3142.8,15572,58989,14663523360,0,0,0
IH2203,20220218,20220218,112412500,11:24:13,3142.8,15572,58989,14663523360,0,0,0
IH2203,20220218,20220218,112413000,11:24:13,3143,15573,58990,14664466260,1,1,942900
IH2203,20220218,20220218,112415500,11:24:15,3143,15573,58990,14664466260,0,0,0
IH2203,20220218,20220218,112416000,11:24:16,3143,15573,58990,14664466260,0,0,0
IH2203,20220218,20220218,112416500,11:24:17,3143,15573,58990,14664466260,0,0,0
IH2203,20220218,20220218,112417000,11:24:17,3143,15573,58990,14664466260,0,0,0
IH2203,20220218,20220218,112421000,11:24:21,3143.2,15574,58991,14665409220,1,1,942960
IH2203,20220218,20220218,112421500,11:24:22,3143.2,15574,58991,14665409220,0,0,0
IH2203,20220218,20220218,112422000,11:24:22,3143.2,15574,58991,14665409220,0,0,0
IH2203,20220218,20220218,112422500,11:24:23,3143.2,15574,58991,14665409220,0,0,0
IH2203,20220218,20220218,112423000,11:24:23,3142.8,15575,58992,14666352060,1,1,942840
IH2203,20220218,20220218,112423500,11:24:24,3142.8,15576,58992,14667294900,1,0,942840
IH2203,20220218,20220218,112424000,11:24:24,3143,15577,58993,14668237800,1,1,942900
IH2203,20220218,20220218,112424500,11:24:24,3143,15577,58993,14668237800,0,0,0
IH2203,20220218,20220218,112425000,11:24:25,3143,15577,58993,14668237800,0,0,0
IH2203,20220218,20220218,112425500,11:24:25,3143,15577,58993,14668237800,0,0,0
IH2203,20220218,20220218,112426000,11:24:26,3143,15577,58993,14668237800,0,0,0
IH2203,20220218,20220218,112426500,11:24:26,3143,15577,58993,14668237800,0,0,0
IH2203,20220218,20220218,112427000,11:24:27,3143,15577,58993,14668237800,0,0,0
IH2203,20220218,20220218,112427500,11:24:28,3143,15577,58993,14668237800,0,0,0
IH2203,20220218,20220218,112428000,11:24:28,3143,15577,58993,14668237800,0,0,0
IH2203,20220218,20220218,112429500,11:24:29,3143,15577,58993,14668237800,0,0,0
IH2203,20220218,20220218,112430500,11:24:30,3143,15577,58993,14668237800,0,0,0
IH2203,20220218,20220218,112432500,11:24:33,3143,15577,58993,14668237800,0,0,0
IH2203,20220218,20220218,112433000,11:24:33,3142.6,15578,58993,14669180580,1,0,942780
IH2203,20220218,20220218,112434000,11:24:34,3142.6,15578,58993,14669180580,0,0,0
IH2203,20220218,20220218,112434500,11:24:34,3142.6,15578,58993,14669180580,0,0,0
IH2203,20220218,20220218,112435000,11:24:35,3142.4,15579,58994,14670123300,1,1,942720
IH2203,20220218,20220218,112435500,11:24:35,3142.2,15580,58995,14671065960,1,1,942660
IH2203,20220218,20220218,112437000,11:24:37,3142.2,15580,58995,14671065960,0,0,0
IH2203,20220218,20220218,112439000,11:24:40,3142.2,15580,58995,14671065960,0,0,0
IH2203,20220218,20220218,112439500,11:24:40,3142.2,15580,58995,14671065960,0,0,0
IH2203,20220218,20220218,112440000,11:24:40,3142.2,15580,58995,14671065960,0,0,0
IH2203,20220218,20220218,112441500,11:24:41,3142.2,15580,58995,14671065960,0,0,0
IH2203,20220218,20220218,112442500,11:24:42,3142.2,15580,58995,14671065960,0,0,0
IH2203,20220218,20220218,112444500,11:24:44,3142.2,15580,58995,14671065960,0,0,0
IH2203,20220218,20220218,112445500,11:24:45,3142.8,15581,58995,14672008800,1,0,942840
IH2203,20220218,20220218,112446000,11:24:46,3142.8,15582,58996,14672951640,1,1,942840
IH2203,20220218,20220218,112446500,11:24:46,3142.8,15583,58997,14673894480,1,1,942840
IH2203,20220218,20220218,112447000,11:24:47,3142.8,15583,58997,14673894480,0,0,0
IH2203,20220218,20220218,112447500,11:24:47,3142.8,15584,58998,14674837320,1,1,942840
IH2203,20220218,20220218,112448000,11:24:48,3142.8,15584,58998,14674837320,0,0,0
IH2203,20220218,20220218,112448500,11:24:49,3142.8,15584,58998,14674837320,0,0,0
IH2203,20220218,20220218,112449500,11:24:49,3142.8,15584,58998,14674837320,0,0,0
IH2203,20220218,20220218,112452000,11:24:52,3142.8,15584,58998,14674837320,0,0,0
IH2203,20220218,20220218,112456000,11:24:56,3142.8,15584,58998,14674837320,0,0,0
IH2203,20220218,20220218,112457000,11:24:57,3142.6,15585,58999,14675780100,1,1,942780
IH2203,20220218,20220218,112457500,11:24:57,3142.8,15586,59000,14676722940,1,1,942840
IH2203,20220218,20220218,112458000,11:24:58,3142.8,15586,59000,14676722940,0,0,0
IH2203,20220218,20220218,112458500,11:24:58,3142.8,15586,59000,14676722940,0,0,0
IH2203,20220218,20220218,112459000,11:24:59,3143.2,15588,59000,14678608800,2,0,1885860
IH2203,20220218,20220218,112459500,11:24:59,3143.4,15593,59003,14683323840,5,3,4715040
IH2203,20220218,20220218,112500000,11:25:01,3143.2,15594,59004,14684266800,1,1,942960
IH2203,20220218,20220218,112500500,11:25:01,3143.2,15597,59002,14687095800,3,-2,2829000
IH2203,20220218,20220218,112501000,11:25:02,3143.6,15599,59002,14688981960,2,0,1886160
IH2203,20220218,20220218,112501500,11:25:04,3143.6,15604,59005,14693697600,5,3,4715640
IH2203,20220218,20220218,112502000,11:25:05,3144,15606,59004,14695584000,2,-1,1886400
IH2203,20220218,20220218,112502500,11:25:06,3144.8,15612,59004,14701244040,6,0,5660040
IH2203,20220218,20220218,112504500,11:25:06,3144.2,15620,59004,14708790900,8,0,7546860
IH2203,20220218,20220218,112505500,11:25:06,3144.2,15620,59004,14708790900,0,0,0
IH2203,20220218,20220218,112506000,11:25:07,3144.4,15622,59006,14710677480,2,2,1886580
IH2203,20220218,20220218,112506500,11:25:07,3144.6,15623,59006,14711620860,1,0,943380
IH2203,20220218,20220218,112507000,11:25:07,3144.4,15624,59007,14712564180,1,1,943320
IH2203,20220218,20220218,112507500,11:25:07,3144.4,15624,59007,14712564180,0,0,0
IH2203,20220218,20220218,112508500,11:25:08,3144.4,15624,59007,14712564180,0,0,0
IH2203,20220218,20220218,112509000,11:25:09,3144,15625,59007,14713507380,1,0,943200
IH2203,20220218,20220218,112509500,11:25:10,3144,15625,59007,14713507380,0,0,0
IH2203,20220218,20220218,112510500,11:25:10,3144,15625,59007,14713507380,0,0,0
IH2203,20220218,20220218,112511000,11:25:11,3144,15627,59009,14715393720,2,2,1886340
IH2203,20220218,20220218,112511500,11:25:11,3144,15627,59009,14715393720,0,0,0
IH2203,20220218,20220218,112512000,11:25:12,3144,15628,59010,14716336920,1,1,943200
IH2203,20220218,20220218,112512500,11:25:12,3144,15628,59010,14716336920,0,0,0
IH2203,20220218,20220218,112513000,11:25:13,3144,15628,59010,14716336920,0,0,0
IH2203,20220218,20220218,112513500,11:25:15,3144,15628,59010,14716336920,0,0,0
IH2203,20220218,20220218,112514000,11:25:15,3143.6,15629,59011,14717280000,1,1,943080
IH2203,20220218,20220218,112514500,11:25:15,3143.6,15629,59011,14717280000,0,0,0
IH2203,20220218,20220218,112515000,11:25:16,3144,15630,59011,14718223200,1,0,943200
IH2203,20220218,20220218,112515500,11:25:16,3144,15630,59011,14718223200,0,0,0
IH2203,20220218,20220218,112516000,11:25:16,3144,15630,59011,14718223200,0,0,0
IH2203,20220218,20220218,112516500,11:25:16,3144,15630,59011,14718223200,0,0,0
IH2203,20220218,20220218,112517000,11:25:18,3143.4,15632,59011,14720109420,2,0,1886220
IH2203,20220218,20220218,112517500,11:25:18,3143.4,15632,59011,14720109420,0,0,0
IH2203,20220218,20220218,112518000,11:25:18,3143.4,15632,59011,14720109420,0,0,0
IH2203,20220218,20220218,112518500,11:25:19,3143.4,15632,59011,14720109420,0,0,0
IH2203,20220218,20220218,112519500,11:25:19,3143.4,15632,59011,14720109420,0,0,0
IH2203,20220218,20220218,112520000,11:25:21,3143.4,15634,59013,14721995520,2,2,1886100
IH2203,20220218,20220218,112520500,11:25:21,3143.4,15634,59013,14721995520,0,0,0
IH2203,20220218,20220218,112521000,11:25:22,3143.4,15634,59013,14721995520,0,0,0
IH2203,20220218,20220218,112521500,11:25:22,3143.2,15637,59013,14724824400,3,0,2828880
IH2203,20220218,20220218,112522000,11:25:22,3143.2,15638,59013,14725767360,1,0,942960
IH2203,20220218,20220218,112522500,11:25:22,3143.2,15639,59013,14726710320,1,0,942960
IH2203,20220218,20220218,112523000,11:25:23,3143,15640,59014,14727653220,1,1,942900
IH2203,20220218,20220218,112523500,11:25:24,3143,15640,59014,14727653220,0,0,0
IH2203,20220218,20220218,112524000,11:25:25,3143,15640,59014,14727653220,0,0,0
IH2203,20220218,20220218,112524500,11:25:25,3143,15640,59014,14727653220,0,0,0
IH2203,20220218,20220218,112526000,11:25:26,3143,15640,59014,14727653220,0,0,0
IH2203,20220218,20220218,112526500,11:25:27,3143,15640,59014,14727653220,0,0,0
IH2203,20220218,20220218,112528000,11:25:28,3143,15640,59014,14727653220,0,0,0
IH2203,20220218,20220218,112528500,11:25:28,3143,15640,59014,14727653220,0,0,0
IH2203,20220218,20220218,112529000,11:25:29,3143.4,15641,59014,14728596240,1,0,943020
IH2203,20220218,20220218,112532000,11:25:32,3143.4,15641,59014,14728596240,0,0,0
IH2203,20220218,20220218,112534500,11:25:35,3143.4,15641,59014,14728596240,0,0,0
IH2203,20220218,20220218,112538000,11:25:38,3143.4,15641,59014,14728596240,0,0,0
IH2203,20220218,20220218,112538500,11:25:39,3143.8,15642,59014,14729539380,1,0,943140
IH2203,20220218,20220218,112539000,11:25:39,3144,15644,59016,14731425780,2,2,1886400
IH2203,20220218,20220218,112540000,11:25:40,3144,15653,59010,14739914580,9,-6,8488800
IH2203,20220218,20220218,112540500,11:25:41,3144.4,15654,59011,14740857900,1,1,943320
IH2203,20220218,20220218,112541000,11:25:41,3144.4,15655,59011,14741801220,1,0,943320
IH2203,20220218,20220218,112541500,11:25:41,3143.8,15656,59012,14742744360,1,1,943140
IH2203,20220218,20220218,112542000,11:25:42,3143.8,15659,59013,14745573780,3,1,2829420
IH2203,20220218,20220218,112544000,11:25:44,3143.8,15659,59013,14745573780,0,0,0
IH2203,20220218,20220218,112544500,11:25:44,3143.8,15659,59013,14745573780,0,0,0
IH2203,20220218,20220218,112545500,11:25:46,3143.8,15660,59014,14746516920,1,1,943140
IH2203,20220218,20220218,112546000,11:25:47,3143.8,15660,59014,14746516920,0,0,0
IH2203,20220218,20220218,112546500,11:25:48,3143.8,15660,59014,14746516920,0,0,0
IH2203,20220218,20220218,112547500,11:25:48,3143.8,15660,59014,14746516920,0,0,0
IH2203,20220218,20220218,112548000,11:25:48,3143.8,15660,59014,14746516920,0,0,0
IH2203,20220218,20220218,112551500,11:25:51,3144.2,15661,59013,14747460180,1,-1,943260
IH2203,20220218,20220218,112553000,11:25:53,3144.2,15661,59013,14747460180,0,0,0
IH2203,20220218,20220218,112553500,11:25:54,3144.2,15661,59013,14747460180,0,0,0
IH2203,20220218,20220218,112554000,11:25:54,3144,15663,59015,14749346580,2,2,1886400
IH2203,20220218,20220218,112554500,11:25:55,3144,15663,59015,14749346580,0,0,0
IH2203,20220218,20220218,112555000,11:25:55,3144,15664,59016,14750289780,1,1,943200
IH2203,20220218,20220218,112555500,11:25:56,3144.2,15665,59017,14751233040,1,1,943260
IH2203,20220218,20220218,112556000,11:25:57,3144,15666,59018,14752176240,1,1,943200
IH2203,20220218,20220218,112556500,11:25:57,3144,15666,59018,14752176240,0,0,0
IH2203,20220218,20220218,112557000,11:25:57,3144,15666,59018,14752176240,0,0,0
IH2203,20220218,20220218,112557500,11:25:57,3143.8,15668,59020,14754062520,2,2,1886280
IH2203,20220218,20220218,112558000,11:25:59,3143.8,15668,59020,14754062520,0,0,0
IH2203,20220218,20220218,112558500,11:25:59,3143.8,15668,59020,14754062520,0,0,0
IH2203,20220218,20220218,112559000,11:26:00,3143.6,15669,59021,14755005600,1,1,943080
IH2203,20220218,20220218,112559500,11:26:00,3143.4,15670,59022,14755948620,1,1,943020
IH2203,20220218,20220218,112600000,11:26:00,3143.4,15670,59022,14755948620,0,0,0
IH2203,20220218,20220218,112600500,11:26:01,3143.4,15670,59022,14755948620,0,0,0
IH2203,20220218,20220218,112601000,11:26:01,3144.2,15673,59024,14758778220,3,2,2829600
IH2203,20220218,20220218,112602000,11:26:03,3144.2,15673,59024,14758778220,0,0,0
IH2203,20220218,20220218,112602500,11:26:03,3143.6,15674,59025,14759721300,1,1,943080
IH2203,20220218,20220218,112603000,11:26:03,3143.6,15675,59025,14760664380,1,0,943080
IH2203,20220218,20220218,112604000,11:26:05,3143.6,15675,59025,14760664380,0,0,0
IH2203,20220218,20220218,112604500,11:26:05,3143.6,15675,59025,14760664380,0,0,0
IH2203,20220218,20220218,112607000,11:26:09,3143.6,15675,59025,14760664380,0,0,0
IH2203,20220218,20220218,112607500,11:26:09,3143.6,15675,59025,14760664380,0,0,0
IH2203,20220218,20220218,112609000,11:26:09,3143.6,15675,59025,14760664380,0,0,0
IH2203,20220218,20220218,112610500,11:26:11,3144.2,15677,59025,14762550720,2,0,1886340
IH2203,20220218,20220218,112611000,11:26:11,3144.2,15678,59025,14763493980,1,0,943260
IH2203,20220218,20220218,112611500,11:26:13,3144.2,15678,59025,14763493980,0,0,0
IH2203,20220218,20220218,112612000,11:26:14,3143.6,15679,59026,14764437060,1,1,943080
IH2203,20220218,20220218,112612500,11:26:14,3143.6,15679,59026,14764437060,0,0,0
IH2203,20220218,20220218,112613000,11:26:15,3143.6,15679,59026,14764437060,0,0,0
IH2203,20220218,20220218,112613500,11:26:15,3143.6,15679,59026,14764437060,0,0,0
IH2203,20220218,20220218,112614000,11:26:15,3143.6,15679,59026,14764437060,0,0,0
IH2203,20220218,20220218,112614500,11:26:15,3144.4,15680,59026,14765380380,1,0,943320
IH2203,20220218,20220218,112615000,11:26:16,3144.4,15680,59026,14765380380,0,0,0
IH2203,20220218,20220218,112616500,11:26:17,3144.4,15680,59026,14765380380,0,0,0
IH2203,20220218,20220218,112617000,11:26:17,3144.4,15680,59026,14765380380,0,0,0
IH2203,20220218,20220218,112617500,11:26:17,3144.4,15680,59026,14765380380,0,0,0
IH2203,20220218,20220218,112619500,11:26:20,3144.4,15680,59026,14765380380,0,0,0
IH2203,20220218,20220218,112620000,11:26:20,3144.4,15681,59027,14766323700,1,1,943320
IH2203,20220218,20220218,112620500,11:26:20,3144.4,15682,59028,14767267020,1,1,943320
IH2203,20220218,20220218,112621000,11:26:21,3144.4,15683,59029,14768210340,1,1,943320
IH2203,20220218,20220218,112622500,11:26:23,3144.4,15683,59029,14768210340,0,0,0
IH2203,20220218,20220218,112623000,11:26:23,3144.4,15683,59029,14768210340,0,0,0
IH2203,20220218,20220218,112623500,11:26:23,3144.4,15683,59029,14768210340,0,0,0
IH2203,20220218,20220218,112624500,11:26:24,3144.4,15683,59029,14768210340,0,0,0
IH2203,20220218,20220218,112627000,11:26:27,3144.4,15683,59029,14768210340,0,0,0
IH2203,20220218,20220218,112627500,11:26:27,3144.4,15683,59029,14768210340,0,0,0
IH2203,20220218,20220218,112628000,11:26:28,3144.4,15683,59029,14768210340,0,0,0
IH2203,20220218,20220218,112629500,11:26:30,3144.4,15683,59029,14768210340,0,0,0
IH2203,20220218,20220218,112631000,11:26:31,3143.8,15684,59029,14769153480,1,0,943140
IH2203,20220218,20220218,112631500,11:26:32,3143.8,15684,59029,14769153480,0,0,0
IH2203,20220218,20220218,112632500,11:26:32,3144.2,15686,59031,14771039880,2,2,1886400
IH2203,20220218,20220218,112633000,11:26:33,3143.6,15687,59032,14771982960,1,1,943080
IH2203,20220218,20220218,112633500,11:26:34,3143.6,15689,59033,14773869180,2,1,1886220
IH2203,20220218,20220218,112634000,11:26:35,3143.4,15690,59034,14774812200,1,1,943020
IH2203,20220218,20220218,112634500,11:26:37,3143.4,15690,59034,14774812200,0,0,0
IH2203,20220218,20220218,112635000,11:26:37,3143.4,15690,59034,14774812200,0,0,0
IH2203,20220218,20220218,112635500,11:26:38,3143.4,15690,59034,14774812200,0,0,0
IH2203,20220218,20220218,112637000,11:26:38,3143.4,15690,59034,14774812200,0,0,0
IH2203,20220218,20220218,112637500,11:27:10,3143.4,15690,59034,14774812200,0,0,0
IH2203,20220218,20220218,112638000,11:27:10,3143.4,15690,59034,14774812200,0,0,0
IH2203,20220218,20220218,112653500,11:27:10,3143.4,15690,59034,14774812200,0,0,0
IH2203,20220218,20220218,112709500,11:27:12,3143.4,15690,59034,14774812200,0,0,0
IH2203,20220218,20220218,112711000,11:27:12,3143.4,15690,59034,14774812200,0,0,0
IH2203,20220218,20220218,112712500,11:27:13,3143.4,15690,59034,14774812200,0,0,0
IH2203,20220218,20220218,112713000,11:27:14,3143.4,15690,59034,14774812200,0,0,0
IH2203,20220218,20220218,112713500,11:27:14,3143.4,15690,59034,14774812200,0,0,0
IH2203,20220218,20220218,112716000,11:27:17,3143.4,15690,59034,14774812200,0,0,0
IH2203,20220218,20220218,112717000,11:27:17,3143.4,15690,59034,14774812200,0,0,0
IH2203,20220218,20220218,112717500,11:27:17,3143.6,15715,59040,14798390340,25,6,23578140
IH2203,20220218,20220218,112722000,11:27:22,3143.6,15715,59040,14798390340,0,0,0
IH2203,20220218,20220218,112722500,11:27:26,3143.6,15715,59040,14798390340,0,0,0
IH2203,20220218,20220218,112723000,11:27:26,3143.6,15715,59040,14798390340,0,0,0
IH2203,20220218,20220218,112723500,11:27:27,3143.6,15716,59039,14799333420,1,-1,943080
IH2203,20220218,20220218,112726500,11:27:27,3143.6,15716,59039,14799333420,0,0,0
IH2203,20220218,20220218,112727000,11:27:27,3144.4,15723,59043,14805936480,7,4,6603060
IH2203,20220218,20220218,112727500,11:27:27,3144.4,15723,59043,14805936480,0,0,0
IH2203,20220218,20220218,112728000,11:27:28,3144.2,15725,59045,14807823000,2,2,1886520
IH2203,20220218,20220218,112728500,11:27:28,3144.2,15725,59045,14807823000,0,0,0
IH2203,20220218,20220218,112729000,11:27:29,3144,15726,59046,14808766200,1,1,943200
IH2203,20220218,20220218,112729500,11:27:30,3144,15726,59046,14808766200,0,0,0
IH2203,20220218,20220218,112731000,11:27:32,3144.4,15727,59045,14809709520,1,-1,943320
IH2203,20220218,20220218,112731500,11:27:35,3144.4,15727,59045,14809709520,0,0,0
IH2203,20220218,20220218,112732000,11:27:36,3143.8,15728,59046,14810652660,1,1,943140
IH2203,20220218,20220218,112735500,11:27:36,3143.8,15728,59046,14810652660,0,0,0
IH2203,20220218,20220218,112736000,11:27:37,3143.8,15728,59046,14810652660,0,0,0
IH2203,20220218,20220218,112736500,11:27:38,3143.8,15728,59046,14810652660,0,0,0
IH2203,20220218,20220218,112738500,11:27:39,3143.8,15728,59046,14810652660,0,0,0
IH2203,20220218,20220218,112739000,11:27:39,3143.8,15728,59046,14810652660,0,0,0
IH2203,20220218,20220218,112739500,11:27:39,3143.8,15728,59046,14810652660,0,0,0
IH2203,20220218,20220218,112740000,11:27:40,3143.8,15728,59046,14810652660,0,0,0
IH2203,20220218,20220218,112740500,11:27:40,3143.8,15728,59046,14810652660,0,0,0
IH2203,20220218,20220218,112741000,11:27:41,3144.4,15731,59048,14813482560,3,2,2829900
IH2203,20220218,20220218,112741500,11:27:42,3143.8,15732,59049,14814425700,1,1,943140
IH2203,20220218,20220218,112742000,11:27:42,3143.8,15736,59052,14818198260,4,3,3772560
IH2203,20220218,20220218,112742500,11:27:43,3143.6,15737,59052,14819141340,1,0,943080
IH2203,20220218,20220218,112743000,11:27:43,3143.6,15737,59052,14819141340,0,0,0
IH2203,20220218,20220218,112743500,11:27:43,3143.6,15737,59052,14819141340,0,0,0
IH2203,20220218,20220218,112744000,11:27:44,3143.6,15737,59052,14819141340,0,0,0
IH2203,20220218,20220218,112746000,11:27:46,3143.6,15737,59052,14819141340,0,0,0
IH2203,20220218,20220218,112746500,11:27:47,3143.6,15737,59052,14819141340,0,0,0
IH2203,20220218,20220218,112747000,11:27:47,3144,15738,59053,14820084540,1,1,943200
IH2203,20220218,20220218,112747500,11:27:47,3144,15738,59053,14820084540,0,0,0
IH2203,20220218,20220218,112748500,11:27:54,3144,15738,59053,14820084540,0,0,0
IH2203,20220218,20220218,112752500,11:27:54,3144.4,15740,59055,14821971120,2,2,1886580
IH2203,20220218,20220218,112755500,11:27:55,3144.4,15740,59055,14821971120,0,0,0
IH2203,20220218,20220218,112756000,11:27:56,3144.4,15741,59055,14822914440,1,0,943320
IH2203,20220218,20220218,112757500,11:27:57,3144.4,15741,59055,14822914440,0,0,0
IH2203,20220218,20220218,112758000,11:27:58,3144.4,15741,59055,14822914440,0,0,0
IH2203,20220218,20220218,112759000,11:27:59,3144.4,15741,59055,14822914440,0,0,0
IH2203,20220218,20220218,112801500,11:28:02,3144.2,15742,59056,14823857700,1,1,943260
IH2203,20220218,20220218,112802000,11:28:03,3144,15747,59060,14828574060,5,4,4716360
IH2203,20220218,20220218,112802500,11:28:03,3144,15752,59063,14833289820,5,3,4715760
IH2203,20220218,20220218,112803000,11:28:04,3144,15752,59063,14833289820,0,0,0
IH2203,20220218,20220218,112803500,11:28:04,3144,15755,59064,14836119360,3,1,2829540
IH2203,20220218,20220218,112804000,11:28:05,3144.2,15756,59065,14837062620,1,1,943260
IH2203,20220218,20220218,112804500,11:28:05,3144.2,15756,59065,14837062620,0,0,0
IH2203,20220218,20220218,112805000,11:28:06,3144.2,15756,59065,14837062620,0,0,0
IH2203,20220218,20220218,112805500,11:28:07,3143.8,15757,59066,14838005760,1,1,943140
IH2203,20220218,20220218,112806000,11:28:10,3143.6,15760,59068,14840835000,3,2,2829240
IH2203,20220218,20220218,112806500,11:28:10,3143.4,15763,59067,14843664060,3,-1,2829060
IH2203,20220218,20220218,112807000,11:28:10,3143.4,15764,59067,14844607080,1,0,943020
IH2203,20220218,20220218,112809500,11:28:11,3143.4,15764,59067,14844607080,0,0,0
IH2203,20220218,20220218,112810500,11:28:12,3143.6,15765,59068,14845550160,1,1,943080
IH2203,20220218,20220218,112811000,11:28:12,3143.8,15766,59067,14846493300,1,-1,943140
IH2203,20220218,20220218,112812500,11:28:13,3143.8,15766,59067,14846493300,0,0,0
IH2203,20220218,20220218,112813000,11:28:13,3143.8,15768,59068,14848379580,2,1,1886280
IH2203,20220218,20220218,112813500,11:28:14,3143.8,15768,59068,14848379580,0,0,0
IH2203,20220218,20220218,112814000,11:28:14,3143.8,15768,59068,14848379580,0,0,0
IH2203,20220218,20220218,112814500,11:28:14,3143.8,15768,59068,14848379580,0,0,0
IH2203,20220218,20220218,112815000,11:28:15,3143.8,15768,59068,14848379580,0,0,0
IH2203,20220218,20220218,112815500,11:28:15,3143.8,15768,59068,14848379580,0,0,0
IH2203,20220218,20220218,112817000,11:28:17,3143.8,15768,59068,14848379580,0,0,0
IH2203,20220218,20220218,112817500,11:28:17,3143.8,15768,59068,14848379580,0,0,0
IH2203,20220218,20220218,112818000,11:28:18,3143.8,15768,59068,14848379580,0,0,0
IH2203,20220218,20220218,112818500,11:28:18,3143.8,15768,59068,14848379580,0,0,0
IH2203,20220218,20220218,112819000,11:28:19,3143.8,15768,59068,14848379580,0,0,0
IH2203,20220218,20220218,112822000,11:28:22,3143.8,15768,59068,14848379580,0,0,0
IH2203,20220218,20220218,112822500,11:28:22,3143.8,15768,59068,14848379580,0,0,0
IH2203,20220218,20220218,112824500,11:28:24,3143.8,15769,59069,14849322720,1,1,943140
IH2203,20220218,20220218,112825000,11:28:25,3143.8,15769,59069,14849322720,0,0,0
IH2203,20220218,20220218,112825500,11:28:25,3143.6,15774,59070,14854038120,5,1,4715400
IH2203,20220218,20220218,112826000,11:28:26,3143.6,15774,59070,14854038120,0,0,0
IH2203,20220218,20220218,112826500,11:28:27,3143.6,15774,59070,14854038120,0,0,0
IH2203,20220218,20220218,112827000,11:28:27,3143.6,15774,59070,14854038120,0,0,0
IH2203,20220218,20220218,112828000,11:28:28,3143.6,15774,59070,14854038120,0,0,0
IH2203,20220218,20220218,112829000,11:28:29,3143.6,15774,59070,14854038120,0,0,0
IH2203,20220218,20220218,112829500,11:28:30,3143.6,15774,59070,14854038120,0,0,0
IH2203,20220218,20220218,112831000,11:28:31,3143.6,15774,59070,14854038120,0,0,0
IH2203,20220218,20220218,112831500,11:28:32,3143.6,15775,59070,14854981200,1,0,943080
IH2203,20220218,20220218,112834000,11:28:34,3143.4,15776,59070,14855924220,1,0,943020
IH2203,20220218,20220218,112834500,11:28:34,3143.4,15777,59071,14856867240,1,1,943020
IH2203,20220218,20220218,112835000,11:28:35,3143.4,15778,59072,14857810260,1,1,943020
IH2203,20220218,20220218,112835500,11:28:37,3143.4,15778,59072,14857810260,0,0,0
IH2203,20220218,20220218,112836000,11:28:37,3143.6,15780,59074,14859696300,2,2,1886040
IH2203,20220218,20220218,112836500,11:28:37,3143.2,15781,59075,14860639260,1,1,942960
IH2203,20220218,20220218,112837000,11:28:37,3143.4,15786,59079,14865354600,5,4,4715340
IH2203,20220218,20220218,112837500,11:28:38,3143.6,15787,59079,14866297680,1,0,943080
IH2203,20220218,20220218,112838000,11:28:38,3143.6,15787,59079,14866297680,0,0,0
IH2203,20220218,20220218,112838500,11:28:38,3144,15789,59080,14868184080,2,1,1886400
IH2203,20220218,20220218,112839000,11:28:40,3144,15789,59080,14868184080,0,0,0
IH2203,20220218,20220218,112839500,11:28:40,3144,15789,59080,14868184080,0,0,0
IH2203,20220218,20220218,112840000,11:28:40,3144,15789,59080,14868184080,0,0,0
IH2203,20220218,20220218,112840500,11:28:40,3144,15789,59080,14868184080,0,0,0
IH2203,20220218,20220218,112841000,11:28:41,3143.6,15790,59081,14869127160,1,1,943080
IH2203,20220218,20220218,112841500,11:28:41,3143.6,15791,59081,14870070240,1,0,943080
IH2203,20220218,20220218,112842000,11:28:42,3143.6,15791,59081,14870070240,0,0,0
IH2203,20220218,20220218,112842500,11:28:42,3143.6,15791,59081,14870070240,0,0,0
IH2203,20220218,20220218,112843000,11:28:43,3143.6,15791,59081,14870070240,0,0,0
IH2203,20220218,20220218,112843500,11:28:44,3143.6,15791,59081,14870070240,0,0,0
IH2203,20220218,20220218,112844000,11:28:44,3143.6,15791,59081,14870070240,0,0,0
IH2203,20220218,20220218,112844500,11:28:44,3143.6,15791,59081,14870070240,0,0,0
IH2203,20220218,20220218,112845500,11:28:46,3144.2,15792,59081,14871013500,1,0,943260
IH2203,20220218,20220218,112846000,11:28:46,3144,15793,59082,14871956700,1,1,943200
IH2203,20220218,20220218,112846500,11:28:46,3144.4,15794,59083,14872900020,1,1,943320
IH2203,20220218,20220218,112847000,11:28:47,3144.4,15794,59083,14872900020,0,0,0
IH2203,20220218,20220218,112847500,11:28:48,3144.4,15794,59083,14872900020,0,0,0
IH2203,20220218,20220218,112848000,11:28:48,3144.4,15794,59083,14872900020,0,0,0
IH2203,20220218,20220218,112848500,11:28:48,3144.4,15794,59083,14872900020,0,0,0
IH2203,20220218,20220218,112849000,11:28:49,3144.4,15794,59083,14872900020,0,0,0
IH2203,20220218,20220218,112849500,11:28:50,3144.4,15794,59083,14872900020,0,0,0
IH2203,20220218,20220218,112850500,11:28:50,3144.4,15794,59083,14872900020,0,0,0
IH2203,20220218,20220218,112851000,11:28:51,3144.6,15795,59083,14873843400,1,0,943380
IH2203,20220218,20220218,112851500,11:28:51,3144.6,15796,59084,14874786780,1,1,943380
IH2203,20220218,20220218,112852000,11:28:53,3144.8,15797,59085,14875730220,1,1,943440
IH2203,20220218,20220218,112852500,11:28:54,3144.8,15797,59085,14875730220,0,0,0
IH2203,20220218,20220218,112853000,11:28:54,3144.6,15798,59085,14876673600,1,0,943380
IH2203,20220218,20220218,112853500,11:28:54,3144.6,15798,59085,14876673600,0,0,0
IH2203,20220218,20220218,112854000,11:28:54,3144.8,15799,59084,14877617040,1,-1,943440
IH2203,20220218,20220218,112854500,11:28:54,3144.8,15800,59084,14878560480,1,0,943440
IH2203,20220218,20220218,112855000,11:28:55,3144.8,15800,59084,14878560480,0,0,0
IH2203,20220218,20220218,112855500,11:28:56,3144.8,15801,59085,14879503920,1,1,943440
IH2203,20220218,20220218,112856000,11:28:56,3145,15802,59085,14880447420,1,0,943500
IH2203,20220218,20220218,112856500,11:28:57,3145,15803,59086,14881390920,1,1,943500
IH2203,20220218,20220218,112857000,11:28:57,3145,15804,59085,14882334420,1,-1,943500
IH2203,20220218,20220218,112857500,11:28:58,3145,15805,59085,14883277920,1,0,943500
IH2203,20220218,20220218,112858000,11:28:59,3145,15807,59087,14885164920,2,2,1887000
IH2203,20220218,20220218,112858500,11:28:59,3145,15808,59088,14886108420,1,1,943500
IH2203,20220218,20220218,112859000,11:28:59,3145,15811,59086,14888938920,3,-2,2830500
IH2203,20220218,20220218,112900000,11:29:00,3144.6,15812,59085,14889882300,1,-1,943380
IH2203,20220218,20220218,112900500,11:29:01,3144.4,15814,59086,14891768940,2,1,1886640
IH2203,20220218,20220218,112901000,11:29:01,3145,15815,59086,14892712440,1,0,943500
IH2203,20220218,20220218,112901500,11:29:01,3145,15817,59085,14894599440,2,-1,1887000
IH2203,20220218,20220218,112902000,11:29:03,3144.4,15818,59085,14895542760,1,0,943320
IH2203,20220218,20220218,112902500,11:29:03,3144.4,15819,59086,14896486080,1,1,943320
IH2203,20220218,20220218,112903000,11:29:03,3144.4,15821,59087,14898372720,2,1,1886640
IH2203,20220218,20220218,112903500,11:29:04,3144.4,15823,59088,14900259360,2,1,1886640
IH2203,20220218,20220218,112904000,11:29:04,3144.4,15823,59088,14900259360,0,0,0
IH2203,20220218,20220218,112904500,11:29:04,3144.4,15823,59088,14900259360,0,0,0
IH2203,20220218,20220218,112905000,11:29:05,3144.4,15823,59088,14900259360,0,0,0
IH2203,20220218,20220218,112905500,11:29:06,3144.4,15823,59088,14900259360,0,0,0
IH2203,20220218,20220218,112906000,11:29:06,3144.4,15823,59088,14900259360,0,0,0
IH2203,20220218,20220218,112907500,11:29:08,3144.4,15823,59088,14900259360,0,0,0
IH2203,20220218,20220218,112908000,11:29:08,3144.8,15824,59088,14901202800,1,0,943440
IH2203,20220218,20220218,112910500,11:29:10,3144.2,15825,59089,14902146060,1,1,943260
IH2203,20220218,20220218,112911000,11:29:11,3144.2,15825,59089,14902146060,0,0,0
IH2203,20220218,20220218,112911500,11:29:12,3144.2,15825,59089,14902146060,0,0,0
IH2203,20220218,20220218,112912000,11:29:12,3144.2,15825,59089,14902146060,0,0,0
IH2203,20220218,20220218,112912500,11:29:12,3144.2,15825,59089,14902146060,0,0,0
IH2203,20220218,20220218,112913000,11:29:13,3144.2,15825,59089,14902146060,0,0,0
IH2203,20220218,20220218,112913500,11:29:14,3144.4,15826,59089,14903089380,1,0,943320
IH2203,20220218,20220218,112914000,11:29:14,3144.4,15826,59089,14903089380,0,0,0
IH2203,20220218,20220218,112914500,11:29:15,3144.4,15826,59089,14903089380,0,0,0
IH2203,20220218,20220218,112915000,11:29:15,3144.2,15827,59089,14904032640,1,0,943260
IH2203,20220218,20220218,112915500,11:29:16,3144.2,15827,59089,14904032640,0,0,0
IH2203,20220218,20220218,112916000,11:29:16,3144.2,15827,59089,14904032640,0,0,0
IH2203,20220218,20220218,112916500,11:29:20,3144,15830,59090,14906862300,3,1,2829660
IH2203,20220218,20220218,112917500,11:29:21,3144,15830,59090,14906862300,0,0,0
IH2203,20220218,20220218,112918000,11:29:21,3144,15830,59090,14906862300,0,0,0
IH2203,20220218,20220218,112920000,11:29:21,3144,15830,59090,14906862300,0,0,0
IH2203,20220218,20220218,112921000,11:29:22,3144,15830,59090,14906862300,0,0,0
IH2203,20220218,20220218,112922000,11:29:24,3144,15830,59090,14906862300,0,0,0
IH2203,20220218,20220218,112923000,11:29:24,3144,15830,59090,14906862300,0,0,0
IH2203,20220218,20220218,112924000,11:29:24,3144,15830,59090,14906862300,0,0,0
IH2203,20220218,20220218,112925000,11:29:25,3144.8,15832,59092,14908749060,2,2,1886760
IH2203,20220218,20220218,112925500,11:29:25,3144.8,15833,59092,14909692500,1,0,943440
IH2203,20220218,20220218,112926000,11:29:26,3144.8,15833,59092,14909692500,0,0,0
IH2203,20220218,20220218,112926500,11:29:26,3144.8,15833,59092,14909692500,0,0,0
IH2203,20220218,20220218,112928500,11:29:28,3144.8,15833,59092,14909692500,0,0,0
IH2203,20220218,20220218,112929500,11:29:30,3144.8,15834,59091,14910635940,1,-1,943440
IH2203,20220218,20220218,112930500,11:29:31,3144.8,15834,59091,14910635940,0,0,0
IH2203,20220218,20220218,112931000,11:29:32,3144.8,15834,59091,14910635940,0,0,0
IH2203,20220218,20220218,112931500,11:29:32,3144.8,15834,59091,14910635940,0,0,0
IH2203,20220218,20220218,112932000,11:29:32,3144.2,15835,59091,14911579200,1,0,943260
IH2203,20220218,20220218,112932500,11:29:37,3144.2,15838,59091,14914408980,3,0,2829780
IH2203,20220218,20220218,112933000,11:29:37,3144,15840,59092,14916295440,2,1,1886460
IH2203,20220218,20220218,112933500,11:29:38,3144,15843,59092,14919125040,3,0,2829600
IH2203,20220218,20220218,112936500,11:29:38,3144,15843,59092,14919125040,0,0,0
IH2203,20220218,20220218,112937500,11:29:38,3143.8,15847,59092,14922897600,4,0,3772560
IH2203,20220218,20220218,112938000,11:29:38,3143.8,15847,59092,14922897600,0,0,0
IH2203,20220218,20220218,112938500,11:29:39,3143.8,15848,59092,14923840740,1,0,943140
IH2203,20220218,20220218,112939000,11:29:39,3143.8,15848,59092,14923840740,0,0,0
IH2203,20220218,20220218,112939500,11:29:40,3143.8,15848,59092,14923840740,0,0,0
IH2203,20220218,20220218,112940000,11:29:40,3144,15849,59092,14924783940,1,0,943200
IH2203,20220218,20220218,112940500,11:29:40,3144.4,15850,59093,14925727260,1,1,943320
IH2203,20220218,20220218,112941000,11:29:41,3144.4,15851,59093,14926670580,1,0,943320
IH2203,20220218,20220218,112941500,11:29:42,3144.2,15853,59093,14928557160,2,0,1886580
IH2203,20220218,20220218,112942000,11:29:44,3144.2,15853,59093,14928557160,0,0,0
IH2203,20220218,20220218,112942500,11:29:44,3144.2,15853,59093,14928557160,0,0,0
IH2203,20220218,20220218,112943000,11:29:45,3144.2,15853,59093,14928557160,0,0,0
IH2203,20220218,20220218,112943500,11:29:45,3144,15854,59094,14929500360,1,1,943200
IH2203,20220218,20220218,112944000,11:29:45,3144,15854,59094,14929500360,0,0,0
IH2203,20220218,20220218,112944500,11:29:45,3144.2,15856,59094,14931386820,2,0,1886460
IH2203,20220218,20220218,112945000,11:29:46,3144,15858,59096,14933273280,2,2,1886460
IH2203,20220218,20220218,112945500,11:29:46,3144.4,15861,59099,14936103240,3,3,2829960
IH2203,20220218,20220218,112946000,11:29:46,3144.6,15863,59099,14937990000,2,0,1886760
IH2203,20220218,20220218,112946500,11:29:47,3144.4,15866,59102,14940820080,3,3,2830080
IH2203,20220218,20220218,112947500,11:29:48,3144.4,15867,59103,14941763400,1,1,943320
IH2203,20220218,20220218,112948000,11:29:49,3144.4,15868,59104,14942706720,1,1,943320
IH2203,20220218,20220218,112948500,11:29:49,3144.4,15869,59105,14943650040,1,1,943320
IH2203,20220218,20220218,112949000,11:29:50,3144.4,15870,59106,14944593360,1,1,943320
IH2203,20220218,20220218,112949500,11:29:50,3144.4,15871,59107,14945536680,1,1,943320
IH2203,20220218,20220218,112950000,11:29:51,3144.4,15871,59107,14945536680,0,0,0
IH2203,20220218,20220218,112950500,11:29:51,3144.2,15873,59108,14947423260,2,1,1886580
IH2203,20220218,20220218,112951500,11:29:52,3144,15874,59109,14948366460,1,1,943200
IH2203,20220218,20220218,112952000,11:29:52,3144,15875,59109,14949309660,1,0,943200
IH2203,20220218,20220218,112952500,11:29:53,3144,15875,59109,14949309660,0,0,0
IH2203,20220218,20220218,112953000,11:29:53,3144,15876,59109,14950252860,1,0,943200
IH2203,20220218,20220218,112953500,11:29:54,3143.8,15877,59110,14951196000,1,1,943140
IH2203,20220218,20220218,112954000,11:29:54,3143.8,15877,59110,14951196000,0,0,0
IH2203,20220218,20220218,112954500,11:29:54,3143.8,15879,59111,14953082340,2,1,1886340
IH2203,20220218,20220218,112955000,11:29:55,3143.8,15879,59111,14953082340,0,0,0
IH2203,20220218,20220218,112955500,11:29:56,3143.8,15882,59113,14955912000,3,2,2829660
IH2203,20220218,20220218,112956000,11:30:00,3143.8,15882,59113,14955912000,0,0,0
IH2203,20220218,20220218,112956500,11:30:00,3144,15883,59114,14956855200,1,1,943200
IH2203,20220218,20220218,112957000,11:30:01,3144,15884,59114,14957798400,1,0,943200
IH2203,20220218,20220218,112957500,11:30:02,3144,15884,59114,14957798400,0,0,0
IH2203,20220218,20220218,112959500,11:30:02,3143.4,15886,59115,14959684500,2,1,1886100
IH2203,20220218,20220218,113000000,11:30:03,3144,15887,59115,14960627700,1,0,943200
IH2203,20220218,20220218,113000500,11:30:03,3144,15887,59115,14960627700,0,0,0
IH2203,20220218,20220218,130000500,13:00:00,3144.4,15893,59117,14966287800,6,2,5660100
IH2203,20220218,20220218,130001000,13:00:01,3144.6,15896,59119,14969118120,3,2,2830320
IH2203,20220218,20220218,130001500,13:00:01,3144.6,15903,59119,14975722620,7,0,6604500
IH2203,20220218,20220218,130002000,13:00:02,3145.4,15907,59120,14979497040,4,1,3774420
IH2203,20220218,20220218,130002500,13:00:02,3145,15910,59118,14982327780,3,-2,2830740
IH2203,20220218,20220218,130003000,13:00:03,3145,15910,59118,14982327780,0,0,0
IH2203,20220218,20220218,130003500,13:00:03,3145.2,15912,59118,14984214900,2,0,1887120
IH2203,20220218,20220218,130004000,13:00:04,3145.2,15913,59119,14985158460,1,1,943560
IH2203,20220218,20220218,130004500,13:00:04,3145.4,15915,59121,14987045700,2,2,1887240
IH2203,20220218,20220218,130005000,13:00:05,3145.4,15915,59121,14987045700,0,0,0
IH2203,20220218,20220218,130005500,13:00:05,3145.2,15918,59120,14989876140,3,-1,2830440
IH2203,20220218,20220218,130006000,13:00:06,3145.2,15924,59119,14995536660,6,-1,5660520
IH2203,20220218,20220218,130006500,13:00:06,3145,15926,59120,14997423480,2,1,1886820
IH2203,20220218,20220218,130007000,13:00:07,3145,15926,59120,14997423480,0,0,0
IH2203,20220218,20220218,130007500,13:00:07,3144.4,15945,59124,15015346560,19,4,17923080
IH2203,20220218,20220218,130008000,13:00:08,3144.4,15946,59124,15016289880,1,0,943320
IH2203,20220218,20220218,130008500,13:00:08,3144.4,15946,59124,15016289880,0,0,0
IH2203,20220218,20220218,130009000,13:00:09,3144.4,15947,59125,15017233200,1,1,943320
IH2203,20220218,20220218,130009500,13:00:09,3144.4,15948,59125,15018176520,1,0,943320
IH2203,20220218,20220218,130010000,13:00:10,3144.4,15949,59126,15019119840,1,1,943320
IH2203,20220218,20220218,130010500,13:00:10,3144.4,15952,59126,15021949800,3,0,2829960
IH2203,20220218,20220218,130011000,13:00:11,3144.4,15952,59126,15021949800,0,0,0
IH2203,20220218,20220218,130011500,13:00:11,3144.4,15952,59126,15021949800,0,0,0
IH2203,20220218,20220218,130012000,13:00:12,3144.8,15956,59123,15025723560,4,-3,3773760
IH2203,20220218,20220218,130012500,13:00:12,3144.8,15958,59121,15027610440,2,-2,1886880
IH2203,20220218,20220218,130013000,13:00:13,3144.8,15964,59119,15033271860,6,-2,5661420
IH2203,20220218,20220218,130013500,13:00:13,3145.2,15968,59117,15037045980,4,-2,3774120
IH2203,20220218,20220218,130014000,13:00:14,3145.2,15968,59117,15037045980,0,0,0
IH2203,20220218,20220218,130014500,13:00:15,3145.2,15968,59117,15037045980,0,0,0
IH2203,20220218,20220218,130015000,13:00:15,3145,15969,59117,15037989480,1,0,943500
IH2203,20220218,20220218,130015500,13:00:15,3145.4,15973,59117,15041763960,4,0,3774480
IH2203,20220218,20220218,130016000,13:00:16,3145.4,15974,59116,15042707580,1,-1,943620
IH2203,20220218,20220218,130016500,13:00:17,3145.4,15979,59119,15047425680,5,3,4718100
IH2203,20220218,20220218,130017000,13:00:17,3145.6,15982,59119,15050256720,3,0,2831040
IH2203,20220218,20220218,130017500,13:00:18,3145.6,15983,59119,15051200400,1,0,943680
IH2203,20220218,20220218,130018000,13:00:18,3145.6,15985,59119,15053087760,2,0,1887360
IH2203,20220218,20220218,130018500,13:00:18,3145.2,15987,59119,15054974940,2,0,1887180
IH2203,20220218,20220218,130019000,13:00:19,3145.2,15987,59119,15054974940,0,0,0
IH2203,20220218,20220218,130019500,13:00:19,3145.6,15988,59119,15055918620,1,0,943680
IH2203,20220218,20220218,130020000,13:00:20,3145.6,15988,59119,15055918620,0,0,0
IH2203,20220218,20220218,130020500,13:00:20,3145.2,15990,59119,15057805740,2,0,1887120
IH2203,20220218,20220218,130021000,13:00:21,3145.2,15990,59119,15057805740,0,0,0
IH2203,20220218,20220218,130021500,13:00:21,3145.6,15991,59119,15058749420,1,0,943680
IH2203,20220218,20220218,130022000,13:00:22,3145.6,15993,59120,15060636780,2,1,1887360
IH2203,20220218,20220218,130022500,13:00:22,3145.2,15996,59121,15063467760,3,1,2830980
IH2203,20220218,20220218,130023000,13:00:23,3145.2,15996,59121,15063467760,0,0,0
IH2203,20220218,20220218,130023500,13:00:23,3145.2,15996,59121,15063467760,0,0,0
IH2203,20220218,20220218,130024000,13:00:24,3145.6,15997,59121,15064411440,1,0,943680
IH2203,20220218,20220218,130024500,13:00:24,3145.6,15999,59122,15066298800,2,1,1887360
IH2203,20220218,20220218,130025000,13:00:25,3145.6,15999,59122,15066298800,0,0,0
IH2203,20220218,20220218,130025500,13:00:25,3145.2,16001,59122,15068186100,2,0,1887300
IH2203,20220218,20220218,130026000,13:00:26,3145.2,16001,59122,15068186100,0,0,0
IH2203,20220218,20220218,130026500,13:00:26,3145.2,16001,59122,15068186100,0,0,0
IH2203,20220218,20220218,130027000,13:00:27,3145.2,16002,59122,15069129660,1,0,943560
IH2203,20220218,20220218,130027500,13:00:27,3145.2,16003,59122,15070073220,1,0,943560
IH2203,20220218,20220218,130028000,13:00:28,3145.6,16004,59121,15071016900,1,-1,943680
IH2203,20220218,20220218,130028500,13:00:28,3145.8,16005,59121,15071960640,1,0,943740
IH2203,20220218,20220218,130029000,13:00:29,3145.8,16006,59121,15072904380,1,0,943740
IH2203,20220218,20220218,130029500,13:00:29,3145.6,16007,59122,15073848060,1,1,943680
IH2203,20220218,20220218,130030000,13:00:30,3145.6,16008,59122,15074791740,1,0,943680
IH2203,20220218,20220218,130030500,13:00:30,3145.6,16008,59122,15074791740,0,0,0
IH2203,20220218,20220218,130031000,13:00:31,3145.6,16009,59121,15075735420,1,-1,943680
IH2203,20220218,20220218,130031500,13:00:31,3145.6,16009,59121,15075735420,0,0,0
IH2203,20220218,20220218,130032000,13:00:32,3145.4,16014,59119,15080454300,5,-2,4718880
IH2203,20220218,20220218,130032500,13:00:32,3145.4,16014,59119,15080454300,0,0,0
IH2203,20220218,20220218,130033000,13:00:33,3145.4,16015,59120,15081397920,1,1,943620
IH2203,20220218,20220218,130033500,13:00:33,3145.6,16016,59121,15082341600,1,1,943680
IH2203,20220218,20220218,130034000,13:00:34,3146.4,16018,59120,15084229320,2,-1,1887720
IH2203,20220218,20220218,130034500,13:00:34,3146.4,16018,59120,15084229320,0,0,0
IH2203,20220218,20220218,130035000,13:00:35,3146,16019,59121,15085173120,1,1,943800
IH2203,20220218,20220218,130035500,13:00:35,3146,16019,59121,15085173120,0,0,0
IH2203,20220218,20220218,130036000,13:00:36,3146.4,16021,59120,15087060960,2,-1,1887840
IH2203,20220218,20220218,130036500,13:00:36,3146.4,16023,59120,15088948800,2,0,1887840
IH2203,20220218,20220218,130037000,13:00:37,3146.4,16023,59120,15088948800,0,0,0
IH2203,20220218,20220218,130037500,13:00:37,3146.4,16024,59121,15089892720,1,1,943920
IH2203,20220218,20220218,130038000,13:00:38,3146.4,16026,59123,15091780560,2,2,1887840
IH2203,20220218,20220218,130038500,13:00:38,3146.4,16028,59123,15093668400,2,0,1887840
IH2203,20220218,20220218,130039000,13:00:39,3146.4,16028,59123,15093668400,0,0,0
IH2203,20220218,20220218,130040000,13:00:40,3146.4,16028,59123,15093668400,0,0,0
IH2203,20220218,20220218,130040500,13:00:40,3146.4,16029,59124,15094612320,1,1,943920
IH2203,20220218,20220218,130041000,13:00:41,3146.4,16029,59124,15094612320,0,0,0
IH2203,20220218,20220218,130043000,13:00:43,3146.6,16031,59124,15096500280,2,0,1887960
IH2203,20220218,20220218,130043500,13:00:43,3146.6,16031,59124,15096500280,0,0,0
IH2203,20220218,20220218,130044000,13:00:44,3146.6,16031,59124,15096500280,0,0,0
IH2203,20220218,20220218,130044500,13:00:44,3146.4,16032,59123,15097444200,1,-1,943920
IH2203,20220218,20220218,130045000,13:00:45,3146.4,16035,59121,15100275960,3,-2,2831760
IH2203,20220218,20220218,130045500,13:00:45,3145.8,16037,59123,15102163440,2,2,1887480
IH2203,20220218,20220218,130046000,13:00:46,3145.8,16037,59123,15102163440,0,0,0
IH2203,20220218,20220218,130046500,13:00:46,3146,16040,59124,15104994780,3,1,2831340
IH2203,20220218,20220218,130047000,13:00:47,3146.2,16042,59123,15106882500,2,-1,1887720
IH2203,20220218,20220218,130047500,13:00:47,3145.8,16043,59124,15107826240,1,1,943740
IH2203,20220218,20220218,130048000,13:00:48,3145.6,16045,59125,15109713720,2,1,1887480
IH2203,20220218,20220218,130048500,13:00:48,3146,16047,59126,15111601320,2,1,1887600
IH2203,20220218,20220218,130049000,13:00:49,3146,16047,59126,15111601320,0,0,0
IH2203,20220218,20220218,130049500,13:00:49,3146,16048,59125,15112545120,1,-1,943800
IH2203,20220218,20220218,130050000,13:00:50,3146.2,16050,59126,15114432840,2,1,1887720
IH2203,20220218,20220218,130050500,13:00:50,3146.2,16052,59127,15116320560,2,1,1887720
IH2203,20220218,20220218,130051000,13:00:51,3146.2,16052,59127,15116320560,0,0,0
IH2203,20220218,20220218,130052000,13:00:52,3146.2,16052,59127,15116320560,0,0,0
IH2203,20220218,20220218,130052500,13:00:52,3145.8,16053,59127,15117264300,1,0,943740
IH2203,20220218,20220218,130053000,13:00:53,3146.4,16057,59129,15121039920,4,2,3775620
IH2203,20220218,20220218,130053500,13:00:53,3146.4,16057,59129,15121039920,0,0,0
IH2203,20220218,20220218,130054000,13:00:54,3146.4,16057,59129,15121039920,0,0,0
IH2203,20220218,20220218,130054500,13:00:54,3146.4,16057,59129,15121039920,0,0,0
IH2203,20220218,20220218,130055000,13:00:55,3146.4,16057,59129,15121039920,0,0,0
IH2203,20220218,20220218,130055500,13:00:55,3146,16058,59129,15121983720,1,0,943800
IH2203,20220218,20220218,130057000,13:00:57,3146,16058,59129,15121983720,0,0,0
IH2203,20220218,20220218,130058500,13:00:59,3146,16059,59130,15122927520,1,1,943800
IH2203,20220218,20220218,130059000,13:00:59,3146,16059,59130,15122927520,0,0,0
IH2203,20220218,20220218,130059500,13:00:59,3146,16060,59129,15123871320,1,-1,943800
IH2203,20220218,20220218,130100000,13:01:00,3146,16060,59129,15123871320,0,0,0
IH2203,20220218,20220218,130100500,13:01:00,3146,16060,59129,15123871320,0,0,0
IH2203,20220218,20220218,130101000,13:01:01,3146.6,16061,59129,15124815300,1,0,943980
IH2203,20220218,20220218,130101500,13:01:02,3146,16064,59131,15127647060,3,2,2831760
IH2203,20220218,20220218,130102000,13:01:02,3146,16064,59131,15127647060,0,0,0
IH2203,20220218,20220218,130102500,13:01:02,3146.4,16065,59132,15128590980,1,1,943920
IH2203,20220218,20220218,130103000,13:01:03,3146.4,16065,59132,15128590980,0,0,0
IH2203,20220218,20220218,130103500,13:01:03,3146.4,16065,59132,15128590980,0,0,0
IH2203,20220218,20220218,130104000,13:01:04,3146.4,16065,59132,15128590980,0,0,0
IH2203,20220218,20220218,130104500,13:01:04,3146,16069,59134,15132365940,4,2,3774960
IH2203,20220218,20220218,130105000,13:01:05,3146,16070,59134,15133309740,1,0,943800
IH2203,20220218,20220218,130105500,13:01:05,3145.8,16073,59132,15136140840,3,-2,2831100
IH2203,20220218,20220218,130106000,13:01:06,3145.8,16073,59132,15136140840,0,0,0
IH2203,20220218,20220218,130106500,13:01:06,3145.2,16075,59132,15138028020,2,0,1887180
IH2203,20220218,20220218,130107000,13:01:07,3145.2,16076,59132,15138971580,1,0,943560
IH2203,20220218,20220218,130107500,13:01:07,3145.4,16078,59130,15140858820,2,-2,1887240
IH2203,20220218,20220218,130108000,13:01:08,3145.8,16079,59129,15141802560,1,-1,943740
IH2203,20220218,20220218,130108500,13:01:08,3145.4,16081,59130,15143689860,2,1,1887300
IH2203,20220218,20220218,130109000,13:01:09,3146,16083,59131,15145577400,2,1,1887540
IH2203,20220218,20220218,130109500,13:01:09,3146,16083,59131,15145577400,0,0,0
IH2203,20220218,20220218,130110000,13:01:10,3146,16083,59131,15145577400,0,0,0
IH2203,20220218,20220218,130110500,13:01:10,3145.4,16084,59131,15146521020,1,0,943620
IH2203,20220218,20220218,130111000,13:01:11,3145.4,16085,59131,15147464640,1,0,943620
IH2203,20220218,20220218,130111500,13:01:11,3145.4,16085,59131,15147464640,0,0,0
IH2203,20220218,20220218,130112000,13:01:12,3145.4,16086,59131,15148408260,1,0,943620
IH2203,20220218,20220218,130113000,13:01:13,3145.4,16087,59132,15149351880,1,1,943620
IH2203,20220218,20220218,130113500,13:01:14,3145.4,16087,59132,15149351880,0,0,0
IH2203,20220218,20220218,130114000,13:01:14,3145.4,16087,59132,15149351880,0,0,0
IH2203,20220218,20220218,130114500,13:01:14,3145.4,16087,59132,15149351880,0,0,0
IH2203,20220218,20220218,130116000,13:01:16,3145.4,16087,59132,15149351880,0,0,0
IH2203,20220218,20220218,130116500,13:01:16,3145.4,16088,59133,15150295500,1,1,943620
IH2203,20220218,20220218,130117000,13:01:17,3145.4,16088,59133,15150295500,0,0,0
IH2203,20220218,20220218,130117500,13:01:17,3145.4,16088,59133,15150295500,0,0,0
IH2203,20220218,20220218,130118000,13:01:18,3145.4,16088,59133,15150295500,0,0,0
IH2203,20220218,20220218,130118500,13:01:18,3145.4,16088,59133,15150295500,0,0,0
IH2203,20220218,20220218,130119000,13:01:19,3145.4,16088,59133,15150295500,0,0,0
IH2203,20220218,20220218,130119500,13:01:19,3145.4,16088,59133,15150295500,0,0,0
IH2203,20220218,20220218,130120000,13:01:20,3145.2,16089,59134,15151239060,1,1,943560
IH2203,20220218,20220218,130120500,13:01:20,3145.2,16089,59134,15151239060,0,0,0
IH2203,20220218,20220218,130121500,13:01:21,3145.2,16089,59134,15151239060,0,0,0
IH2203,20220218,20220218,130122000,13:01:22,3145.2,16089,59134,15151239060,0,0,0
IH2203,20220218,20220218,130124000,13:01:24,3145.2,16089,59134,15151239060,0,0,0
IH2203,20220218,20220218,130124500,13:01:24,3145.2,16089,59134,15151239060,0,0,0
IH2203,20220218,20220218,130125000,13:01:25,3145.2,16089,59134,15151239060,0,0,0
IH2203,20220218,20220218,130125500,13:01:25,3145.4,16090,59133,15152182680,1,-1,943620
IH2203,20220218,20220218,130126000,13:01:26,3145.4,16090,59133,15152182680,0,0,0
IH2203,20220218,20220218,130126500,13:01:26,3145.4,16093,59132,15155013660,3,-1,2830980
IH2203,20220218,20220218,130127000,13:01:27,3145.4,16093,59132,15155013660,0,0,0
IH2203,20220218,20220218,130127500,13:01:27,3145.4,16094,59131,15155957280,1,-1,943620
IH2203,20220218,20220218,130128000,13:01:28,3145.6,16095,59132,15156900960,1,1,943680
IH2203,20220218,20220218,130128500,13:01:28,3145.6,16095,59132,15156900960,0,0,0
IH2203,20220218,20220218,130129000,13:01:29,3145.6,16095,59132,15156900960,0,0,0
IH2203,20220218,20220218,130130000,13:01:30,3145.6,16095,59132,15156900960,0,0,0
IH2203,20220218,20220218,130130500,13:01:30,3145.6,16097,59132,15158788320,2,0,1887360
IH2203,20220218,20220218,130131000,13:01:31,3145.6,16097,59132,15158788320,0,0,0
IH2203,20220218,20220218,130131500,13:01:31,3145.8,16100,59130,15161619540,3,-2,2831220
IH2203,20220218,20220218,130132000,13:01:32,3145.8,16100,59130,15161619540,0,0,0
IH2203,20220218,20220218,130132500,13:01:32,3145.8,16100,59130,15161619540,0,0,0
IH2203,20220218,20220218,130133000,13:01:33,3145.8,16100,59130,15161619540,0,0,0
IH2203,20220218,20220218,130133500,13:01:33,3145.8,16100,59130,15161619540,0,0,0
IH2203,20220218,20220218,130134000,13:01:34,3145.8,16100,59130,15161619540,0,0,0
IH2203,20220218,20220218,130134500,13:01:34,3145.8,16100,59130,15161619540,0,0,0
IH2203,20220218,20220218,130136000,13:01:36,3145.4,16102,59131,15163506780,2,1,1887240
IH2203,20220218,20220218,130136500,13:01:37,3145.4,16102,59131,15163506780,0,0,0
IH2203,20220218,20220218,130137000,13:01:37,3145.4,16102,59131,15163506780,0,0,0
IH2203,20220218,20220218,130137500,13:01:37,3146,16104,59129,15165394380,2,-2,1887600
IH2203,20220218,20220218,130138000,13:01:38,3146,16104,59129,15165394380,0,0,0
IH2203,20220218,20220218,130138500,13:01:38,3145.8,16105,59130,15166338120,1,1,943740
IH2203,20220218,20220218,130139000,13:01:39,3145.8,16105,59130,15166338120,0,0,0
IH2203,20220218,20220218,130139500,13:01:39,3145.8,16105,59130,15166338120,0,0,0
IH2203,20220218,20220218,130141000,13:01:41,3145.8,16105,59130,15166338120,0,0,0
IH2203,20220218,20220218,130141500,13:01:41,3146,16107,59130,15168225720,2,0,1887600
IH2203,20220218,20220218,130142000,13:01:42,3145.6,16109,59130,15170113200,2,0,1887480
IH2203,20220218,20220218,130142500,13:01:43,3146.2,16111,59131,15172000920,2,1,1887720
IH2203,20220218,20220218,130143000,13:01:43,3146.2,16112,59130,15172944780,1,-1,943860
IH2203,20220218,20220218,130143500,13:01:43,3146.4,16115,59131,15175776360,3,1,2831580
IH2203,20220218,20220218,130144000,13:01:44,3146.4,16118,59131,15178607940,3,0,2831580
IH2203,20220218,20220218,130144500,13:01:44,3146.4,16118,59131,15178607940,0,0,0
IH2203,20220218,20220218,130145000,13:01:45,3146.4,16118,59131,15178607940,0,0,0
IH2203,20220218,20220218,130145500,13:01:45,3146.4,16121,59132,15181439580,3,1,2831640
IH2203,20220218,20220218,130146500,13:01:46,3146.4,16121,59132,15181439580,0,0,0
IH2203,20220218,20220218,130147000,13:01:47,3146.6,16124,59133,15184271460,3,1,2831880
IH2203,20220218,20220218,130147500,13:01:47,3146,16125,59134,15185215260,1,1,943800
IH2203,20220218,20220218,130148000,13:01:48,3146.6,16130,59135,15189934560,5,1,4719300
IH2203,20220218,20220218,130148500,13:01:48,3146.8,16134,59136,15193710360,4,1,3775800
IH2203,20220218,20220218,130149000,13:01:49,3146.8,16136,59137,15195598440,2,1,1888080
IH2203,20220218,20220218,130150000,13:01:50,3146.8,16138,59137,15197486520,2,0,1888080
IH2203,20220218,20220218,130150500,13:01:50,3146.8,16138,59137,15197486520,0,0,0
IH2203,20220218,20220218,130151000,13:01:51,3146.8,16139,59136,15198430560,1,-1,944040
IH2203,20220218,20220218,130151500,13:01:51,3146.8,16139,59136,15198430560,0,0,0
IH2203,20220218,20220218,130152000,13:01:52,3146.8,16139,59136,15198430560,0,0,0
IH2203,20220218,20220218,130152500,13:01:52,3146.2,16141,59136,15200318280,2,0,1887720
IH2203,20220218,20220218,130153000,13:01:53,3146.6,16142,59137,15201262260,1,1,943980
IH2203,20220218,20220218,130153500,13:01:53,3146.6,16142,59137,15201262260,0,0,0
IH2203,20220218,20220218,130154500,13:01:54,3146.6,16142,59137,15201262260,0,0,0
IH2203,20220218,20220218,130155000,13:01:55,3146.8,16143,59137,15202206300,1,0,944040
IH2203,20220218,20220218,130155500,13:01:55,3146.8,16145,59136,15204094380,2,-1,1888080
IH2203,20220218,20220218,130156000,13:01:56,3146.8,16147,59137,15205982460,2,1,1888080
IH2203,20220218,20220218,130156500,13:01:56,3146.8,16147,59137,15205982460,0,0,0
IH2203,20220218,20220218,130157000,13:01:57,3146.8,16147,59137,15205982460,0,0,0
IH2203,20220218,20220218,130157500,13:01:57,3146.8,16147,59137,15205982460,0,0,0
IH2203,20220218,20220218,130158500,13:01:58,3146.4,16148,59138,15206926380,1,1,943920
IH2203,20220218,20220218,130159000,13:01:59,3146.4,16148,59138,15206926380,0,0,0
IH2203,20220218,20220218,130159500,13:01:59,3146.4,16148,59138,15206926380,0,0,0
IH2203,20220218,20220218,130200500,13:02:00,3146.4,16153,59143,15211645980,5,5,4719600
IH2203,20220218,20220218,130201000,13:02:01,3146.4,16154,59144,15212589900,1,1,943920
IH2203,20220218,20220218,130201500,13:02:01,3146.4,16154,59144,15212589900,0,0,0
IH2203,20220218,20220218,130202000,13:02:02,3146.4,16154,59144,15212589900,0,0,0
IH2203,20220218,20220218,130202500,13:02:02,3146.4,16154,59144,15212589900,0,0,0
IH2203,20220218,20220218,130203000,13:02:03,3146.4,16154,59144,15212589900,0,0,0
IH2203,20220218,20220218,130203500,13:02:03,3146.4,16155,59144,15213533820,1,0,943920
IH2203,20220218,20220218,130205500,13:02:05,3146.4,16155,59144,15213533820,0,0,0
IH2203,20220218,20220218,130206000,13:02:06,3146.4,16155,59144,15213533820,0,0,0
IH2203,20220218,20220218,130207000,13:02:07,3146.8,16156,59145,15214477860,1,1,944040
IH2203,20220218,20220218,130207500,13:02:08,3146.8,16156,59145,15214477860,0,0,0
IH2203,20220218,20220218,130208000,13:02:08,3146.6,16157,59145,15215421840,1,0,943980
IH2203,20220218,20220218,130208500,13:02:08,3146.6,16158,59146,15216365820,1,1,943980
IH2203,20220218,20220218,130209000,13:02:09,3146.6,16160,59145,15218253780,2,-1,1887960
IH2203,20220218,20220218,130209500,13:02:10,3146.6,16160,59145,15218253780,0,0,0
IH2203,20220218,20220218,130210000,13:02:10,3146.6,16160,59145,15218253780,0,0,0
IH2203,20220218,20220218,130210500,13:02:10,3146.6,16160,59145,15218253780,0,0,0
IH2203,20220218,20220218,130211000,13:02:11,3146.6,16160,59145,15218253780,0,0,0
IH2203,20220218,20220218,130211500,13:02:11,3146.6,16161,59145,15219197760,1,0,943980
IH2203,20220218,20220218,130212000,13:02:12,3146.6,16161,59145,15219197760,0,0,0
IH2203,20220218,20220218,130212500,13:02:12,3146.6,16161,59145,15219197760,0,0,0
IH2203,20220218,20220218,130213000,13:02:13,3146.4,16162,59146,15220141680,1,1,943920
IH2203,20220218,20220218,130213500,13:02:13,3146.4,16162,59146,15220141680,0,0,0
IH2203,20220218,20220218,130214000,13:02:14,3146.4,16162,59146,15220141680,0,0,0
IH2203,20220218,20220218,130214500,13:02:14,3146.4,16162,59146,15220141680,0,0,0
IH2203,20220218,20220218,130215000,13:02:15,3146.6,16163,59147,15221085660,1,1,943980
IH2203,20220218,20220218,130215500,13:02:15,3146.6,16163,59147,15221085660,0,0,0
IH2203,20220218,20220218,130216000,13:02:16,3146.6,16163,59147,15221085660,0,0,0
IH2203,20220218,20220218,130216500,13:02:16,3146.8,16164,59147,15222029700,1,0,944040
IH2203,20220218,20220218,130217000,13:02:17,3146.8,16164,59147,15222029700,0,0,0
IH2203,20220218,20220218,130217500,13:02:17,3146.8,16164,59147,15222029700,0,0,0
IH2203,20220218,20220218,130218000,13:02:18,3146.8,16164,59147,15222029700,0,0,0
IH2203,20220218,20220218,130218500,13:02:18,3146.8,16164,59147,15222029700,0,0,0
IH2203,20220218,20220218,130219000,13:02:19,3146.8,16164,59147,15222029700,0,0,0
IH2203,20220218,20220218,130219500,13:02:19,3146.8,16164,59147,15222029700,0,0,0
IH2203,20220218,20220218,130220000,13:02:20,3146.8,16164,59147,15222029700,0,0,0
IH2203,20220218,20220218,130220500,13:02:20,3146.8,16164,59147,15222029700,0,0,0
IH2203,20220218,20220218,130221500,13:02:21,3146.8,16164,59147,15222029700,0,0,0
IH2203,20220218,20220218,130222000,13:02:22,3146.8,16164,59147,15222029700,0,0,0
IH2203,20220218,20220218,130222500,13:02:22,3146.8,16164,59147,15222029700,0,0,0
IH2203,20220218,20220218,130223000,13:02:23,3146.8,16172,59151,15229582020,8,4,7552320
IH2203,20220218,20220218,130223500,13:02:23,3146.8,16173,59152,15230526060,1,1,944040
IH2203,20220218,20220218,130224000,13:02:24,3146.4,16175,59152,15232413960,2,0,1887900
IH2203,20220218,20220218,130224500,13:02:24,3146.8,16176,59153,15233358000,1,1,944040
IH2203,20220218,20220218,130225000,13:02:25,3146.4,16180,59153,15237134040,4,0,3776040
IH2203,20220218,20220218,130225500,13:02:25,3147,16182,59152,15239022240,2,-1,1888200
IH2203,20220218,20220218,130226000,13:02:26,3146.6,16184,59153,15240910320,2,1,1888080
IH2203,20220218,20220218,130226500,13:02:26,3146.6,16185,59153,15241854300,1,0,943980
IH2203,20220218,20220218,130227000,13:02:27,3146.6,16186,59154,15242798280,1,1,943980
IH2203,20220218,20220218,130227500,13:02:27,3147,16189,59154,15245630280,3,0,2832000
IH2203,20220218,20220218,130228000,13:02:28,3146.6,16190,59155,15246574260,1,1,943980
IH2203,20220218,20220218,130229000,13:02:29,3146.6,16191,59156,15247518240,1,1,943980
IH2203,20220218,20220218,130229500,13:02:29,3146.4,16192,59157,15248462160,1,1,943920
IH2203,20220218,20220218,130230000,13:02:30,3146.4,16192,59157,15248462160,0,0,0
IH2203,20220218,20220218,130230500,13:02:30,3146.4,16192,59157,15248462160,0,0,0
IH2203,20220218,20220218,130231500,13:02:31,3146.2,16193,59158,15249406020,1,1,943860
IH2203,20220218,20220218,130232000,13:02:32,3146.4,16194,59157,15250349940,1,-1,943920
IH2203,20220218,20220218,130232500,13:02:32,3146.4,16194,59157,15250349940,0,0,0
IH2203,20220218,20220218,130233000,13:02:33,3146.4,16195,59157,15251293860,1,0,943920
IH2203,20220218,20220218,130233500,13:02:33,3146.4,16195,59157,15251293860,0,0,0
IH2203,20220218,20220218,130234000,13:02:34,3146.8,16199,59158,15255069960,4,1,3776100
IH2203,20220218,20220218,130234500,13:02:34,3146.8,16207,59164,15262622280,8,6,7552320
IH2203,20220218,20220218,130235000,13:02:35,3146.4,16208,59165,15263566200,1,1,943920
IH2203,20220218,20220218,130236000,13:02:36,3146.4,16208,59165,15263566200,0,0,0
IH2203,20220218,20220218,130236500,13:02:37,3146.6,16209,59165,15264510180,1,0,943980
IH2203,20220218,20220218,130237000,13:02:37,3146.6,16209,59165,15264510180,0,0,0
IH2203,20220218,20220218,130238000,13:02:38,3146.6,16209,59165,15264510180,0,0,0
IH2203,20220218,20220218,130238500,13:02:39,3146.6,16209,59165,15264510180,0,0,0
IH2203,20220218,20220218,130239000,13:02:39,3146.6,16209,59165,15264510180,0,0,0
IH2203,20220218,20220218,130241000,13:02:41,3146.6,16209,59165,15264510180,0,0,0
IH2203,20220218,20220218,130241500,13:02:41,3146.6,16209,59165,15264510180,0,0,0
IH2203,20220218,20220218,130242000,13:02:42,3146.6,16209,59165,15264510180,0,0,0
IH2203,20220218,20220218,130242500,13:02:43,3146.4,16210,59165,15265454100,1,0,943920
IH2203,20220218,20220218,130244000,13:02:44,3146.4,16210,59165,15265454100,0,0,0
IH2203,20220218,20220218,130244500,13:02:45,3146.4,16210,59165,15265454100,0,0,0
IH2203,20220218,20220218,130245000,13:02:45,3146.4,16210,59165,15265454100,0,0,0
IH2203,20220218,20220218,130246500,13:02:46,3146.4,16210,59165,15265454100,0,0,0
IH2203,20220218,20220218,130249000,13:02:49,3146.4,16210,59165,15265454100,0,0,0
IH2203,20220218,20220218,130250000,13:02:50,3146.4,16210,59165,15265454100,0,0,0
IH2203,20220218,20220218,130250500,13:02:50,3146.4,16211,59164,15266398020,1,-1,943920
IH2203,20220218,20220218,130251000,13:02:51,3146.2,16213,59165,15268285740,2,1,1887720
IH2203,20220218,20220218,130252000,13:02:52,3146.2,16213,59165,15268285740,0,0,0
IH2203,20220218,20220218,130253000,13:02:53,3146.2,16213,59165,15268285740,0,0,0
IH2203,20220218,20220218,130253500,13:02:54,3146.2,16213,59165,15268285740,0,0,0
IH2203,20220218,20220218,130254500,13:02:55,3146.2,16213,59165,15268285740,0,0,0
IH2203,20220218,20220218,130256500,13:02:56,3146.2,16213,59165,15268285740,0,0,0
IH2203,20220218,20220218,130257000,13:02:57,3146.2,16213,59165,15268285740,0,0,0
IH2203,20220218,20220218,130257500,13:02:58,3146.2,16213,59165,15268285740,0,0,0
IH2203,20220218,20220218,130258000,13:02:58,3146.4,16214,59165,15269229660,1,0,943920
IH2203,20220218,20220218,130258500,13:02:58,3146.4,16217,59163,15272061420,3,-2,2831760
IH2203,20220218,20220218,130259000,13:02:59,3146.8,16230,59161,15284332980,13,-2,12271560
IH2203,20220218,20220218,130259500,13:02:59,3146.8,16230,59161,15284332980,0,0,0
IH2203,20220218,20220218,130300000,13:03:00,3147,16232,59162,15286221180,2,1,1888200
IH2203,20220218,20220218,130300500,13:03:00,3147,16232,59162,15286221180,0,0,0
IH2203,20220218,20220218,130301000,13:03:01,3146.4,16234,59164,15288109200,2,2,1888020
IH2203,20220218,20220218,130301500,13:03:01,3146.4,16235,59163,15289053120,1,-1,943920
IH2203,20220218,20220218,130302000,13:03:02,3147,16236,59164,15289997220,1,1,944100
IH2203,20220218,20220218,130302500,13:03:02,3146.4,16241,59167,15294716820,5,3,4719600
IH2203,20220218,20220218,130303000,13:03:03,3146.4,16241,59167,15294716820,0,0,0
IH2203,20220218,20220218,130303500,13:03:03,3146.4,16242,59167,15295660740,1,0,943920
IH2203,20220218,20220218,130304000,13:03:04,3147,16248,59172,15301325340,6,5,5664600
IH2203,20220218,20220218,130304500,13:03:04,3147.2,16264,59182,15316431120,16,10,15105780
IH2203,20220218,20220218,130305000,13:03:05,3147.4,16273,59187,15324928800,9,5,8497680
IH2203,20220218,20220218,130305500,13:03:05,3147.2,16276,59190,15327761280,3,3,2832480
IH2203,20220218,20220218,130306000,13:03:06,3147.2,16276,59190,15327761280,0,0,0
IH2203,20220218,20220218,130306500,13:03:06,3147.8,16277,59191,15328705620,1,1,944340
IH2203,20220218,20220218,130307000,13:03:07,3147.2,16289,59198,15340037700,12,7,11332080
IH2203,20220218,20220218,130307500,13:03:07,3147.4,16291,59199,15341926320,2,1,1888620
IH2203,20220218,20220218,130308000,13:03:08,3147.4,16298,59204,15348536340,7,5,6610020
IH2203,20220218,20220218,130308500,13:03:09,3148,16300,59203,15350424960,2,-1,1888620
IH2203,20220218,20220218,130309000,13:03:09,3147.8,16303,59201,15353257980,3,-2,2833020
IH2203,20220218,20220218,130309500,13:03:09,3147,16304,59201,15354202080,1,0,944100
IH2203,20220218,20220218,130310000,13:03:10,3147,16305,59201,15355146180,1,0,944100
IH2203,20220218,20220218,130310500,13:03:11,3147,16305,59201,15355146180,0,0,0
IH2203,20220218,20220218,130311000,13:03:11,3147,16310,59205,15359866800,5,4,4720620
IH2203,20220218,20220218,130311500,13:03:11,3147.8,16314,59206,15363643620,4,1,3776820
IH2203,20220218,20220218,130312000,13:03:12,3147.2,16316,59205,15365532120,2,-1,1888500
IH2203,20220218,20220218,130312500,13:03:12,3147.2,16320,59206,15369308640,4,1,3776520
IH2203,20220218,20220218,130313000,13:03:13,3147,16323,59208,15372141000,3,2,2832360
IH2203,20220218,20220218,130313500,13:03:14,3147,16325,59209,15374029200,2,1,1888200
IH2203,20220218,20220218,130314000,13:03:14,3147.4,16326,59208,15374973420,1,-1,944220
IH2203,20220218,20220218,130314500,13:03:14,3146.8,16327,59209,15375917460,1,1,944040
IH2203,20220218,20220218,130315000,13:03:15,3146.8,16327,59209,15375917460,0,0,0
IH2203,20220218,20220218,130315500,13:03:15,3147,16329,59210,15377805840,2,1,1888380
IH2203,20220218,20220218,130316000,13:03:16,3147.6,16330,59211,15378750120,1,1,944280
IH2203,20220218,20220218,130316500,13:03:16,3147.6,16331,59211,15379694400,1,0,944280
IH2203,20220218,20220218,130317000,13:03:17,3147.6,16332,59211,15380638680,1,0,944280
IH2203,20220218,20220218,130318000,13:03:18,3147.6,16333,59212,15381582960,1,1,944280
IH2203,20220218,20220218,130318500,13:03:19,3147.6,16336,59215,15384415800,3,3,2832840
IH2203,20220218,20220218,130319000,13:03:19,3147.6,16336,59215,15384415800,0,0,0
IH2203,20220218,20220218,130319500,13:03:19,3147.6,16336,59215,15384415800,0,0,0
IH2203,20220218,20220218,130320000,13:03:20,3147.6,16337,59216,15385360080,1,1,944280
IH2203,20220218,20220218,130320500,13:03:20,3147.6,16337,59216,15385360080,0,0,0
IH2203,20220218,20220218,130321000,13:03:21,3147.8,16338,59216,15386304420,1,0,944340
IH2203,20220218,20220218,130321500,13:03:21,3147.2,16339,59217,15387248580,1,1,944160
IH2203,20220218,20220218,130322000,13:03:22,3147.8,16340,59217,15388192920,1,0,944340
IH2203,20220218,20220218,130322500,13:03:22,3147.8,16340,59217,15388192920,0,0,0
IH2203,20220218,20220218,130323000,13:03:23,3147.8,16340,59217,15388192920,0,0,0
IH2203,20220218,20220218,130323500,13:03:23,3147.8,16342,59216,15390081600,2,-1,1888680
IH2203,20220218,20220218,130324000,13:03:24,3147.8,16343,59216,15391025940,1,0,944340
IH2203,20220218,20220218,130324500,13:03:24,3147.8,16343,59216,15391025940,0,0,0
IH2203,20220218,20220218,130325000,13:03:25,3147.8,16343,59216,15391025940,0,0,0
IH2203,20220218,20220218,130325500,13:03:26,3147.8,16346,59216,15393858780,3,0,2832840
IH2203,20220218,20220218,130326000,13:03:26,3147.8,16346,59216,15393858780,0,0,0
IH2203,20220218,20220218,130327000,13:03:27,3147.8,16346,59216,15393858780,0,0,0
IH2203,20220218,20220218,130327500,13:03:27,3147.2,16347,59216,15394802940,1,0,944160
IH2203,20220218,20220218,130328000,13:03:28,3147.4,16351,59217,15398579460,4,1,3776520
IH2203,20220218,20220218,130328500,13:03:28,3147.4,16351,59217,15398579460,0,0,0
IH2203,20220218,20220218,130329000,13:03:29,3147.6,16353,59218,15400467840,2,1,1888380
IH2203,20220218,20220218,130329500,13:03:29,3147.6,16353,59218,15400467840,0,0,0
IH2203,20220218,20220218,130330000,13:03:30,3147.6,16354,59218,15401412120,1,0,944280
IH2203,20220218,20220218,130330500,13:03:30,3147.6,16354,59218,15401412120,0,0,0
IH2203,20220218,20220218,130331000,13:03:31,3147.6,16354,59218,15401412120,0,0,0
IH2203,20220218,20220218,130331500,13:03:31,3147.6,16354,59218,15401412120,0,0,0
IH2203,20220218,20220218,130332000,13:03:32,3147,16356,59218,15403300440,2,0,1888320
IH2203,20220218,20220218,130332500,13:03:32,3147.4,16357,59219,15404244660,1,1,944220
IH2203,20220218,20220218,130333000,13:03:33,3147.8,16359,59219,15406133280,2,0,1888620
IH2203,20220218,20220218,130333500,13:03:33,3147.8,16364,59221,15410854980,5,2,4721700
IH2203,20220218,20220218,130334000,13:03:34,3147.8,16366,59222,15412743660,2,1,1888680
IH2203,20220218,20220218,130334500,13:03:34,3147.8,16366,59222,15412743660,0,0,0
IH2203,20220218,20220218,130335000,13:03:35,3147.8,16367,59222,15413688000,1,0,944340
IH2203,20220218,20220218,130335500,13:03:35,3147.2,16368,59222,15414632160,1,0,944160
IH2203,20220218,20220218,130336000,13:03:36,3147.2,16368,59222,15414632160,0,0,0
IH2203,20220218,20220218,130353000,13:03:53,3147.6,16369,59222,15415576440,1,0,944280
IH2203,20220218,20220218,130413500,13:04:13,3147.6,16369,59222,15415576440,0,0,0
IH2203,20220218,20220218,130414000,13:04:14,3147.4,16370,59223,15416520660,1,1,944220
IH2203,20220218,20220218,130414500,13:04:14,3147.8,16373,59222,15419353560,3,-1,2832900
IH2203,20220218,20220218,130415000,13:04:15,3148,16380,59225,15425963760,7,3,6610200
IH2203,20220218,20220218,130415500,13:04:15,3147.4,16381,59226,15426907980,1,1,944220
IH2203,20220218,20220218,130416000,13:04:16,3147.4,16381,59226,15426907980,0,0,0
IH2203,20220218,20220218,130416500,13:04:17,3148.8,16475,59251,15515688120,94,25,88780140
IH2203,20220218,20220218,130417000,13:04:17,3149.6,16543,59282,15579934980,68,31,64246860
IH2203,20220218,20220218,130417500,13:04:17,3151.6,16582,59270,15616794960,39,-12,36859980
IH2203,20220218,20220218,130418000,13:04:18,3151.2,16609,59274,15642318240,27,4,25523280
IH2203,20220218,20220218,130418500,13:04:18,3150.2,16620,59280,15652714860,11,6,10396620
IH2203,20220218,20220218,130419000,13:04:19,3151.2,16625,59280,15657441360,5,0,4726500
IH2203,20220218,20220218,130419500,13:04:19,3150.6,16636,59282,15667840860,11,2,10399500
IH2203,20220218,20220218,130420000,13:04:20,3151.4,16642,59282,15673513380,6,0,5672520
IH2203,20220218,20220218,130420500,13:04:20,3151.2,16645,59285,15676349460,3,3,2836080
IH2203,20220218,20220218,130421000,13:04:21,3151.4,16648,59286,15679185540,3,1,2836080
IH2203,20220218,20220218,130421500,13:04:21,3151.4,16657,59293,15687693420,9,7,8507880
IH2203,20220218,20220218,130422500,13:04:22,3151.4,16669,59301,15699038040,12,8,11344620
IH2203,20220218,20220218,130423000,13:04:23,3151.8,16679,59308,15708493200,10,7,9455160
IH2203,20220218,20220218,130423500,13:04:23,3151.8,16688,59310,15717003120,9,2,8509920
IH2203,20220218,20220218,130424000,13:04:24,3152,16692,59311,15720785400,4,1,3782280
IH2203,20220218,20220218,130424500,13:04:24,3152,16699,59312,15727404600,7,1,6619200
IH2203,20220218,20220218,130425000,13:04:25,3151.6,16707,59318,15734968860,8,6,7564260
IH2203,20220218,20220218,130425500,13:04:25,3152,16716,59311,15743479260,9,-7,8510400
IH2203,20220218,20220218,130426000,13:04:26,3152.2,16722,59307,15749153220,6,-4,5673960
IH2203,20220218,20220218,130426500,13:04:26,3152,16728,59306,15754826940,6,-1,5673720
IH2203,20220218,20220218,130427000,13:04:27,3151.8,16731,59307,15757663680,3,1,2836740
IH2203,20220218,20220218,130427500,13:04:27,3153,16741,59309,15767121300,10,2,9457620
IH2203,20220218,20220218,130428000,13:04:28,3152.4,16755,59316,15780361500,14,7,13240200
IH2203,20220218,20220218,130428500,13:04:28,3152.4,16755,59316,15780361500,0,0,0
IH2203,20220218,20220218,130429000,13:04:29,3152.6,16756,59317,15781307280,1,1,945780
IH2203,20220218,20220218,130429500,13:04:29,3152.6,16760,59316,15785090400,4,-1,3783120
IH2203,20220218,20220218,130430000,13:04:30,3152.6,16762,59318,15786981960,2,2,1891560
IH2203,20220218,20220218,130430500,13:04:30,3152.4,16775,59325,15799275840,13,7,12293880
IH2203,20220218,20220218,130431000,13:04:31,3152.2,16780,59325,15804004380,5,0,4728540
IH2203,20220218,20220218,130431500,13:04:31,3152.2,16786,59328,15809678700,6,3,5674320
IH2203,20220218,20220218,130432000,13:04:32,3152.2,16798,59340,15821027400,12,12,11348700
IH2203,20220218,20220218,130432500,13:04:32,3152.6,16799,59341,15821973180,1,1,945780
IH2203,20220218,20220218,130433000,13:04:33,3152.4,16801,59343,15823864620,2,2,1891440
IH2203,20220218,20220218,130433500,13:04:33,3152.4,16802,59344,15824810340,1,1,945720
IH2203,20220218,20220218,130434000,13:04:34,3153,16807,59344,15829539660,5,0,4729320
IH2203,20220218,20220218,130434500,13:04:34,3153,16813,59342,15835214880,6,-2,5675220
IH2203,20220218,20220218,130435000,13:04:35,3152.8,16817,59340,15838998420,4,-2,3783540
IH2203,20220218,20220218,130435500,13:04:35,3152.8,16827,59342,15848457300,10,2,9458880
IH2203,20220218,20220218,130436000,13:04:36,3152.8,16837,59347,15857916180,10,5,9458880
IH2203,20220218,20220218,130436500,13:04:36,3153,16844,59348,15864537600,7,1,6621420
IH2203,20220218,20220218,130437000,13:04:37,3153.4,16848,59350,15868321440,4,2,3783840
IH2203,20220218,20220218,130437500,13:04:37,3153.4,16861,59356,15880618920,13,6,12297480
IH2203,20220218,20220218,130438000,13:04:38,3153.4,16861,59356,15880618920,0,0,0
IH2203,20220218,20220218,130438500,13:04:38,3153.8,16865,59360,15884403300,4,4,3784380
IH2203,20220218,20220218,130439000,13:04:39,3153.4,16872,59364,15891025260,7,4,6621960
IH2203,20220218,20220218,130439500,13:04:39,3153,16882,59369,15900485400,10,5,9460140
IH2203,20220218,20220218,130440000,13:04:40,3153,16887,59373,15905214900,5,4,4729500
IH2203,20220218,20220218,130440500,13:04:40,3153.2,16892,59376,15909945120,5,3,4730220
IH2203,20220218,20220218,130441000,13:04:41,3152.8,16899,59377,15916566480,7,1,6621360
IH2203,20220218,20220218,130441500,13:04:41,3153,16906,59379,15923187540,7,2,6621060
IH2203,20220218,20220218,130442000,13:04:42,3153.2,16908,59380,15925079340,2,1,1891800
IH2203,20220218,20220218,130442500,13:04:42,3153.2,16908,59380,15925079340,0,0,0
IH2203,20220218,20220218,130443000,13:04:43,3153.2,16913,59382,15929809140,5,2,4729800
IH2203,20220218,20220218,130443500,13:04:43,3152.8,16916,59382,15932646780,3,0,2837640
IH2203,20220218,20220218,130444000,13:04:44,3153.6,16926,59390,15942106620,10,8,9459840
IH2203,20220218,20220218,130444500,13:04:44,3153.6,16927,59390,15943052700,1,0,946080
IH2203,20220218,20220218,130445000,13:04:45,3153.2,16929,59390,15944944680,2,0,1891980
IH2203,20220218,20220218,130445500,13:04:45,3154,16932,59390,15947783220,3,0,2838540
IH2203,20220218,20220218,130446000,13:04:46,3154.8,16942,59392,15957246300,10,2,9463080
IH2203,20220218,20220218,130446500,13:04:46,3154.6,16945,59393,15960085380,3,1,2839080
IH2203,20220218,20220218,130447000,13:04:47,3154.6,16962,59400,15976172700,17,7,16087320
IH2203,20220218,20220218,130447500,13:04:47,3154.8,16969,59407,15982797780,7,7,6625080
IH2203,20220218,20220218,130448000,13:04:48,3155,16972,59404,15985637280,3,-3,2839500
IH2203,20220218,20220218,130448500,13:04:48,3154.4,16975,59405,15988476420,3,1,2839140
IH2203,20220218,20220218,130449000,13:04:49,3154.2,16979,59406,15992261580,4,1,3785160
IH2203,20220218,20220218,130449500,13:04:50,3155,16993,59410,16005510120,14,4,13248540
IH2203,20220218,20220218,130450000,13:04:50,3154.4,17001,59406,16013079960,8,-4,7569840
IH2203,20220218,20220218,130450500,13:04:50,3153.6,17003,59406,16014972360,2,0,1892400
IH2203,20220218,20220218,130451000,13:04:51,3154,17004,59407,16015918560,1,1,946200
IH2203,20220218,20220218,130451500,13:04:51,3154,17011,59409,16022542500,7,2,6623940
IH2203,20220218,20220218,130452000,13:04:52,3154,17011,59409,16022542500,0,0,0
IH2203,20220218,20220218,130452500,13:04:52,3153.8,17015,59411,16026326940,4,2,3784440
IH2203,20220218,20220218,130453000,13:04:53,3153.6,17019,59411,16030111080,4,0,3784140
IH2203,20220218,20220218,130453500,13:04:53,3153.6,17019,59411,16030111080,0,0,0
IH2203,20220218,20220218,130454000,13:04:54,3153.6,17019,59411,16030111080,0,0,0
IH2203,20220218,20220218,130454500,13:04:54,3153.6,17019,59411,16030111080,0,0,0
IH2203,20220218,20220218,130455000,13:04:55,3153.6,17019,59411,16030111080,0,0,0
IH2203,20220218,20220218,130455500,13:04:55,3154.2,17021,59413,16032003420,2,2,1892340
IH2203,20220218,20220218,130456000,13:04:56,3154,17022,59414,16032949620,1,1,946200
IH2203,20220218,20220218,130456500,13:04:56,3154,17027,59416,16037680620,5,2,4731000
IH2203,20220218,20220218,130457000,13:04:57,3153.4,17030,59416,16040518920,3,0,2838300
IH2203,20220218,20220218,130457500,13:04:57,3154,17034,59418,16044303660,4,2,3784740
IH2203,20220218,20220218,130458000,13:04:58,3154,17038,59422,16048088520,4,4,3784860
IH2203,20220218,20220218,130458500,13:04:58,3154,17038,59422,16048088520,0,0,0
IH2203,20220218,20220218,130459000,13:04:59,3154,17038,59422,16048088520,0,0,0
IH2203,20220218,20220218,130459500,13:04:59,3154.2,17040,59420,16049981040,2,-2,1892520
IH2203,20220218,20220218,130500000,13:05:00,3154.2,17044,59421,16053766080,4,1,3785040
IH2203,20220218,20220218,130500500,13:05:00,3154.2,17047,59424,16056604860,3,3,2838780
IH2203,20220218,20220218,130501000,13:05:01,3154.2,17052,59425,16061336400,5,1,4731540
IH2203,20220218,20220218,130501500,13:05:01,3154.2,17053,59426,16062282660,1,1,946260
IH2203,20220218,20220218,130502000,13:05:02,3154.4,17054,59427,16063228980,1,1,946320
IH2203,20220218,20220218,130502500,13:05:02,3154.6,17066,59439,16074584940,12,12,11355960
IH2203,20220218,20220218,130503000,13:05:03,3154.6,17066,59439,16074584940,0,0,0
IH2203,20220218,20220218,130503500,13:05:03,3154.8,17069,59440,16077424080,3,1,2839140
IH2203,20220218,20220218,130504000,13:05:04,3155,17073,59442,16081209900,4,2,3785820
IH2203,20220218,20220218,130504500,13:05:04,3154.8,17080,59444,16087835340,7,2,6625440
IH2203,20220218,20220218,130505000,13:05:05,3155.4,17095,59448,16102033740,15,4,14198400
IH2203,20220218,20220218,130505500,13:05:05,3155.6,17108,59452,16114340100,13,4,12306360
IH2203,20220218,20220218,130506000,13:05:06,3155.6,17126,59462,16131381720,18,10,17041620
IH2203,20220218,20220218,130506500,13:05:06,3156.6,17133,59465,16138009980,7,3,6628260
IH2203,20220218,20220218,130507000,13:05:07,3156.2,17140,59465,16144638540,7,0,6628560
IH2203,20220218,20220218,130507500,13:05:07,3155.8,17158,59476,16161682860,18,11,17044320
IH2203,20220218,20220218,130508000,13:05:08,3156.6,17167,59481,16170205680,9,5,8522820
IH2203,20220218,20220218,130508500,13:05:08,3156.8,17169,59482,16172099700,2,1,1894020
IH2203,20220218,20220218,130509000,13:05:09,3156.8,17174,59483,16176834900,5,1,4735200
IH2203,20220218,20220218,130509500,13:05:09,3156.6,17184,59485,16186305300,10,2,9470400
IH2203,20220218,20220218,130510000,13:05:10,3157,17189,59488,16191040260,5,3,4734960
IH2203,20220218,20220218,130510500,13:05:10,3157.2,17196,59494,16197669540,7,6,6629280
IH2203,20220218,20220218,130511000,13:05:11,3157.8,17204,59501,16205247540,8,7,7578000
IH2203,20220218,20220218,130511500,13:05:11,3158,17232,59522,16231775880,28,21,26528340
IH2203,20220218,20220218,130512000,13:05:12,3158,17240,59529,16239355080,8,7,7579200
IH2203,20220218,20220218,130512500,13:05:13,3158,17247,59535,16245986820,7,6,6631740
IH2203,20220218,20220218,130513000,13:05:13,3158,17249,59536,16247881620,2,1,1894800
IH2203,20220218,20220218,130513500,13:05:13,3158,17259,59540,16257355860,10,4,9474240
IH2203,20220218,20220218,130514000,13:05:14,3158.4,17263,59542,16261145820,4,2,3789960
IH2203,20220218,20220218,130514500,13:05:14,3158.2,17266,59543,16263988320,3,1,2842500
IH2203,20220218,20220218,130515000,13:05:15,3158.4,17267,59543,16264935840,1,0,947520
IH2203,20220218,20220218,130515500,13:05:15,3158.6,17274,59543,16271568600,7,0,6632760
IH2203,20220218,20220218,130516000,13:05:16,3158.2,17277,59543,16274410920,3,0,2842320
IH2203,20220218,20220218,130516500,13:05:16,3158.6,17281,59545,16278201120,4,2,3790200
IH2203,20220218,20220218,130517000,13:05:17,3158.2,17297,59559,16293361320,16,14,15160200
IH2203,20220218,20220218,130517500,13:05:17,3158.4,17311,59566,16306625640,14,7,13264320
IH2203,20220218,20220218,130518000,13:05:18,3157.8,17315,59568,16310415540,4,2,3789900
IH2203,20220218,20220218,130518500,13:05:18,3158,17320,59567,16315152840,5,-1,4737300
IH2203,20220218,20220218,130519000,13:05:19,3158.4,17327,59568,16321785720,7,1,6632880
IH2203,20220218,20220218,130519500,13:05:19,3158.4,17330,59566,16324628340,3,-2,2842620
IH2203,20220218,20220218,130520000,13:05:20,3158.6,17334,59566,16328418480,4,0,3790140
IH2203,20220218,20220218,130520500,13:05:20,3158.2,17338,59569,16332208860,4,3,3790380
IH2203,20220218,20220218,130521000,13:05:21,3158.2,17342,59569,16335999060,4,0,3790200
IH2203,20220218,20220218,130521500,13:05:21,3158.2,17345,59571,16338841440,3,2,2842380
IH2203,20220218,20220218,130522000,13:05:22,3158.4,17347,59573,16340736480,2,2,1895040
IH2203,20220218,20220218,130522500,13:05:22,3158.4,17353,59579,16346421660,6,6,5685180
IH2203,20220218,20220218,130523000,13:05:23,3158.4,17355,59580,16348316760,2,1,1895100
IH2203,20220218,20220218,130523500,13:05:24,3158.6,17361,59581,16354001700,6,1,5684940
IH2203,20220218,20220218,130524000,13:05:24,3158.6,17364,59584,16356844320,3,3,2842620
IH2203,20220218,20220218,130524500,13:05:25,3158.4,17368,59583,16360634040,4,-1,3789720
IH2203,20220218,20220218,130525000,13:05:25,3158.4,17368,59583,16360634040,0,0,0
IH2203,20220218,20220218,130525500,13:05:25,3158.4,17368,59583,16360634040,0,0,0
IH2203,20220218,20220218,130526000,13:05:26,3158.2,17370,59582,16362529080,2,-1,1895040
IH2203,20220218,20220218,130526500,13:05:26,3158.4,17371,59583,16363476600,1,1,947520
IH2203,20220218,20220218,130527000,13:05:27,3158.8,17374,59585,16366319340,3,2,2842740
IH2203,20220218,20220218,130527500,13:05:27,3158.2,17382,59590,16373899560,8,5,7580220
IH2203,20220218,20220218,130528000,13:05:28,3158.6,17386,59593,16377689760,4,3,3790200
IH2203,20220218,20220218,130528500,13:05:28,3157.8,17395,59593,16386216300,9,0,8526540
IH2203,20220218,20220218,130529000,13:05:29,3158.2,17398,59595,16389058320,3,2,2842020
IH2203,20220218,20220218,130529500,13:05:30,3158.2,17402,59599,16392847980,4,4,3789660
IH2203,20220218,20220218,130530000,13:05:30,3157.6,17403,59599,16393795260,1,0,947280
IH2203,20220218,20220218,130530500,13:05:30,3158,17405,59600,16395690060,2,1,1894800
IH2203,20220218,20220218,130531000,13:05:31,3158.2,17408,59603,16398532080,3,3,2842020
IH2203,20220218,20220218,130531500,13:05:32,3157.4,17409,59604,16399479300,1,1,947220
IH2203,20220218,20220218,130532000,13:05:32,3157.4,17409,59604,16399479300,0,0,0
IH2203,20220218,20220218,130532500,13:05:33,3157.4,17412,59606,16402321320,3,2,2842020
IH2203,20220218,20220218,130533000,13:05:33,3158.4,17417,59607,16407058440,5,1,4737120
IH2203,20220218,20220218,130533500,13:05:33,3157.4,17421,59607,16410847380,4,0,3788940
IH2203,20220218,20220218,130534000,13:05:34,3158.4,17425,59611,16414637100,4,4,3789720
IH2203,20220218,20220218,130534500,13:05:35,3158.8,17443,59615,16431692700,18,4,17055600
IH2203,20220218,20220218,130535000,13:05:35,3158.8,17446,59617,16434535620,3,2,2842920
IH2203,20220218,20220218,130535500,13:05:35,3158.4,17452,59618,16440221460,6,1,5685840
IH2203,20220218,20220218,130536000,13:05:36,3158.6,17460,59622,16447802400,8,4,7580940
IH2203,20220218,20220218,130536500,13:05:37,3158,17470,59628,16457278080,10,6,9475680
IH2203,20220218,20220218,130537000,13:05:37,3158.8,17472,59630,16459173360,2,2,1895280
IH2203,20220218,20220218,130537500,13:05:37,3158.8,17472,59630,16459173360,0,0,0
IH2203,20220218,20220218,130538000,13:05:38,3158.6,17477,59635,16463911440,5,5,4738080
IH2203,20220218,20220218,130538500,13:05:38,3158.6,17477,59635,16463911440,0,0,0
IH2203,20220218,20220218,130539000,13:05:39,3158.8,17481,59637,16467701880,4,2,3790440
IH2203,20220218,20220218,130539500,13:05:39,3158.6,17487,59642,16473387360,6,5,5685480
IH2203,20220218,20220218,130540000,13:05:40,3158.8,17490,59643,16476230100,3,1,2842740
IH2203,20220218,20220218,130540500,13:05:41,3159,17493,59646,16479073140,3,3,2843040
IH2203,20220218,20220218,130541000,13:05:41,3158.6,17509,59646,16494236520,16,0,15163380
IH2203,20220218,20220218,130541500,13:05:41,3158.6,17512,59647,16497079260,3,1,2842740
IH2203,20220218,20220218,130542000,13:05:42,3158.8,17515,59646,16499922060,3,-1,2842800
IH2203,20220218,20220218,130542500,13:05:42,3158.8,17515,59646,16499922060,0,0,0
IH2203,20220218,20220218,130543000,13:05:43,3159,17517,59647,16501817460,2,1,1895400
IH2203,20220218,20220218,130543500,13:05:43,3158.8,17518,59648,16502765100,1,1,947640
IH2203,20220218,20220218,130544000,13:05:44,3158.8,17522,59648,16506555480,4,0,3790380
IH2203,20220218,20220218,130544500,13:05:44,3158.8,17524,59650,16508450700,2,2,1895220
IH2203,20220218,20220218,130545000,13:05:45,3159,17526,59652,16510346040,2,2,1895340
IH2203,20220218,20220218,130545500,13:05:45,3158.4,17528,59654,16512241200,2,2,1895160
IH2203,20220218,20220218,130546000,13:05:46,3158.8,17530,59654,16514136480,2,0,1895280
IH2203,20220218,20220218,130546500,13:05:46,3158,17535,59654,16518873780,5,0,4737300
IH2203,20220218,20220218,130547000,13:05:47,3158.8,17536,59655,16519821420,1,1,947640
IH2203,20220218,20220218,130547500,13:05:47,3158.2,17539,59657,16522663800,3,2,2842380
IH2203,20220218,20220218,130548000,13:05:48,3158.6,17540,59657,16523611380,1,0,947580
IH2203,20220218,20220218,130548500,13:05:48,3157.6,17544,59656,16527400860,4,-1,3789480
IH2203,20220218,20220218,130549000,13:05:49,3157.6,17546,59656,16529295420,2,0,1894560
IH2203,20220218,20220218,130549500,13:05:49,3157.6,17548,59656,16531189980,2,0,1894560
IH2203,20220218,20220218,130550000,13:05:50,3158.4,17561,59649,16543505940,13,-7,12315960
IH2203,20220218,20220218,130550500,13:05:50,3158.4,17569,59647,16551086100,8,-2,7580160
IH2203,20220218,20220218,130551000,13:05:51,3157.8,17581,59643,16562451840,12,-4,11365740
IH2203,20220218,20220218,130551500,13:05:51,3158,17588,59650,16569082860,7,7,6631020
IH2203,20220218,20220218,130552000,13:05:52,3157.2,17595,59652,16575714180,7,2,6631320
IH2203,20220218,20220218,130552500,13:05:52,3157.8,17599,59656,16579503360,4,4,3789180
IH2203,20220218,20220218,130553000,13:05:53,3157.8,17600,59657,16580450700,1,1,947340
IH2203,20220218,20220218,130553500,13:05:53,3157.6,17602,59658,16582345260,2,1,1894560
IH2203,20220218,20220218,130554000,13:05:54,3158,17606,59658,16586134500,4,0,3789240
IH2203,20220218,20220218,130554500,13:05:54,3157.4,17610,59658,16589923380,4,0,3788880
IH2203,20220218,20220218,130555000,13:05:55,3158,17611,59659,16590870780,1,1,947400
IH2203,20220218,20220218,130555500,13:05:55,3158.2,17622,59659,16601292420,11,0,10421640
IH2203,20220218,20220218,130556000,13:05:56,3158.6,17632,59663,16610767620,10,4,9475200
IH2203,20220218,20220218,130556500,13:05:56,3158.6,17645,59666,16623086520,13,3,12318900
IH2203,20220218,20220218,130557000,13:05:57,3159.2,17658,59670,16635406440,13,4,12319920
IH2203,20220218,20220218,130557500,13:05:57,3159.4,17663,59671,16640145180,5,1,4738740
IH2203,20220218,20220218,130558000,13:05:58,3159.6,17691,59684,16666683720,28,13,26538540
IH2203,20220218,20220218,130558500,13:05:59,3159.4,17696,59683,16671422880,5,-1,4739160
IH2203,20220218,20220218,130559000,13:05:59,3160,17707,59680,16681850280,11,-3,10427400
IH2203,20220218,20220218,130559500,13:05:59,3160.6,17734,59680,16707446580,27,0,25596300
IH2203,20220218,20220218,130600000,13:06:00,3160.6,17755,59691,16727357520,21,11,19910940
IH2203,20220218,20220218,130600500,13:06:00,3161,17758,59692,16730202360,3,1,2844840
IH2203,20220218,20220218,130601000,13:06:01,3160.6,17769,59695,16740632820,11,3,10430460
IH2203,20220218,20220218,130601500,13:06:01,3161,17781,59703,16752012360,12,8,11379540
IH2203,20220218,20220218,130602000,13:06:02,3161.6,17795,59705,16765292820,14,2,13280460
IH2203,20220218,20220218,130602500,13:06:02,3162,17812,59713,16781421840,17,8,16129020
