T2203,20220218,20220218,112002000,11:20:05,100.795,7907,40458,7968676800,7907,-2666,7968676800
T2203,20220218,20220218,112004500,11:20:09,100.795,7907,40458,7968676800,0,0,0
T2203,20220218,20220218,112014000,11:20:14,100.795,7907,40458,7968676800,0,0,0
T2203,20220218,20220218,112021000,11:20:21,100.795,7907,40458,7968676800,0,0,0
T2203,20220218,20220218,112023000,11:20:23,100.795,7907,40458,7968676800,0,0,0
T2203,20220218,20220218,112032000,11:20:32,100.795,7907,40458,7968676800,0,0,0
T2203,20220218,20220218,112053000,11:20:53,100.795,7907,40458,7968676800,0,0,0
T2203,20220218,20220218,112118000,11:21:18,100.79,7909,40458,7970692600,2,0,2015800
T2203,20220218,20220218,112118500,11:21:18,100.79,7909,40458,7970692600,0,0,0
T2203,20220218,20220218,112119000,11:21:19,100.79,7909,40458,7970692600,0,0,0
T2203,20220218,20220218,112120000,11:21:20,100.79,7909,40458,7970692600,0,0,0
T2203,20220218,20220218,112120500,11:21:21,100.79,7909,40458,7970692600,0,0,0
T2203,20220218,20220218,112121000,11:21:22,100.79,7909,40458,7970692600,0,0,0
T2203,20220218,20220218,112122000,11:21:22,100.79,7909,40458,7970692600,0,0,0
T2203,20220218,20220218,112122500,11:21:22,100.79,7909,40458,7970692600,0,0,0
T2203,20220218,20220218,112123000,11:21:23,100.79,7909,40458,7970692600,0,0,0
T2203,20220218,20220218,112329000,11:23:33,100.79,7909,40458,7970692600,0,0,0
T2203,20220218,20220218,112337000,11:23:38,100.79,7909,40458,7970692600,0,0,0
T2203,20220218,20220218,112345500,11:23:48,100.79,7909,40458,7970692600,0,0,0
T2203,20220218,20220218,112347500,11:23:48,100.79,7909,40458,7970692600,0,0,0
T2203,20220218,20220218,112353500,11:23:53,100.79,7983,40457,8045276200,74,-1,74583600
T2203,20220218,20220218,112354000,11:23:54,100.79,7983,40457,8045276200,0,0,0
T2203,20220218,20220218,112354500,11:23:55,100.79,7983,40457,8045276200,0,0,0
T2203,20220218,20220218,112355000,11:23:55,100.79,7983,40457,8045276200,0,0,0
T2203,20220218,20220218,112355500,11:23:55,100.79,7988,40452,8050315700,5,-5,5039500
T2203,20220218,20220218,112356000,11:23:56,100.79,7988,40452,8050315700,0,0,0
T2203,20220218,20220218,112356500,11:23:56,100.79,7988,40452,8050315700,0,0,0
T2203,20220218,20220218,112357000,11:23:57,100.79,7988,40452,8050315700,0,0,0
T2203,20220218,20220218,112357500,11:23:57,100.79,7988,40452,8050315700,0,0,0
T2203,20220218,20220218,112358000,11:23:58,100.79,7988,40452,8050315700,0,0,0
T2203,20220218,20220218,112358500,11:23:58,100.79,7988,40452,8050315700,0,0,0
T2203,20220218,20220218,112359000,11:23:59,100.79,7988,40452,8050315700,0,0,0
T2203,20220218,20220218,112359500,11:23:59,100.79,7988,40452,8050315700,0,0,0
T2203,20220218,20220218,112400000,11:24:00,100.79,7988,40452,8050315700,0,0,0
T2203,20220218,20220218,112400500,11:24:00,100.79,7988,40452,8050315700,0,0,0
T2203,20220218,20220218,112401000,11:24:01,100.79,7988,40452,8050315700,0,0,0
T2203,20220218,20220218,112401500,11:24:01,100.79,7988,40452,8050315700,0,0,0
T2203,20220218,20220218,112402000,11:24:02,100.79,7988,40452,8050315700,0,0,0
T2203,20220218,20220218,112402500,11:24:02,100.79,7988,40452,8050315700,0,0,0
T2203,20220218,20220218,112403000,11:24:03,100.79,7988,40452,8050315700,0,0,0
T2203,20220218,20220218,112405500,11:24:05,100.79,7988,40452,8050315700,0,0,0
T2203,20220218,20220218,112406000,11:24:06,100.79,7989,40452,8051323600,1,0,1007900
T2203,20220218,20220218,112407000,11:24:07,100.79,7989,40452,8051323600,0,0,0
T2203,20220218,20220218,112407500,11:24:08,100.79,7989,40452,8051323600,0,0,0
T2203,20220218,20220218,112408000,11:24:08,100.79,7989,40452,8051323600,0,0,0
T2203,20220218,20220218,112408500,11:24:08,100.79,7989,40452,8051323600,0,0,0
T2203,20220218,20220218,112409000,11:24:09,100.79,7989,40452,8051323600,0,0,0
T2203,20220218,20220218,112410000,11:24:12,100.79,7989,40452,8051323600,0,0,0
T2203,20220218,20220218,112428500,11:24:28,100.79,7989,40452,8051323600,0,0,0
T2203,20220218,20220218,112429000,11:24:29,100.79,7989,40452,8051323600,0,0,0
T2203,20220218,20220218,112429500,11:24:29,100.79,7989,40452,8051323600,0,0,0
T2203,20220218,20220218,112438000,11:24:39,100.79,7989,40452,8051323600,0,0,0
T2203,20220218,20220218,112438500,11:24:39,100.79,7991,40451,8053339400,2,-1,2015800
T2203,20220218,20220218,112456000,11:24:56,100.79,7992,40450,8054347300,1,-1,1007900
T2203,20220218,20220218,112456500,11:24:56,100.79,7992,40450,8054347300,0,0,0
T2203,20220218,20220218,112505000,11:25:06,100.785,8006,40452,8068457350,14,2,14110050
T2203,20220218,20220218,112505500,11:25:06,100.785,8006,40452,8068457350,0,0,0
T2203,20220218,20220218,112506000,11:25:07,100.785,8006,40452,8068457350,0,0,0
T2203,20220218,20220218,112507000,11:25:07,100.785,8006,40452,8068457350,0,0,0
T2203,20220218,20220218,112510500,11:25:10,100.785,8006,40452,8068457350,0,0,0
T2203,20220218,20220218,112511000,11:25:11,100.785,8006,40452,8068457350,0,0,0
T2203,20220218,20220218,112511500,11:25:11,100.785,8007,40452,8069465200,1,0,1007850
T2203,20220218,20220218,112512000,11:25:12,100.785,8007,40452,8069465200,0,0,0
T2203,20220218,20220218,112512500,11:25:12,100.785,8007,40452,8069465200,0,0,0
T2203,20220218,20220218,112513000,11:25:13,100.785,8007,40452,8069465200,0,0,0
T2203,20220218,20220218,112513500,11:25:15,100.785,8007,40452,8069465200,0,0,0
T2203,20220218,20220218,112521500,11:25:22,100.785,8008,40452,8070473050,1,0,1007850
T2203,20220218,20220218,112522000,11:25:22,100.785,8009,40452,8071480900,1,0,1007850
T2203,20220218,20220218,112525500,11:25:26,100.785,8009,40452,8071480900,0,0,0
T2203,20220218,20220218,112526000,11:25:26,100.79,8011,40451,8073496700,2,-1,2015800
T2203,20220218,20220218,112527000,11:25:27,100.79,8011,40451,8073496700,0,0,0
T2203,20220218,20220218,112527500,11:25:28,100.79,8011,40451,8073496700,0,0,0
T2203,20220218,20220218,112533000,11:25:33,100.79,8011,40451,8073496700,0,0,0
T2203,20220218,20220218,112559500,11:26:00,100.79,8011,40451,8073496700,0,0,0
T2203,20220218,20220218,112600000,11:26:00,100.79,8014,40451,8076520400,3,0,3023700
T2203,20220218,20220218,112600500,11:26:01,100.79,8014,40451,8076520400,0,0,0
T2203,20220218,20220218,112603000,11:26:03,100.79,8014,40451,8076520400,0,0,0
T2203,20220218,20220218,112614500,11:26:15,100.79,8014,40451,8076520400,0,0,0
T2203,20220218,20220218,112615000,11:26:16,100.79,8014,40451,8076520400,0,0,0
T2203,20220218,20220218,112615500,11:26:16,100.79,8014,40451,8076520400,0,0,0
T2203,20220218,20220218,112617500,11:26:17,100.79,8014,40451,8076520400,0,0,0
T2203,20220218,20220218,112628500,11:26:28,100.79,8020,40448,8082567800,6,-3,6047400
T2203,20220218,20220218,112629000,11:26:29,100.795,8023,40445,8085591600,3,-3,3023800
T2203,20220218,20220218,112629500,11:26:30,100.795,8023,40445,8085591600,0,0,0
T2203,20220218,20220218,112630000,11:26:31,100.795,8023,40445,8085591600,0,0,0
T2203,20220218,20220218,112630500,11:26:31,100.795,8023,40445,8085591600,0,0,0
T2203,20220218,20220218,112632000,11:26:32,100.79,8028,40440,8090631100,5,-5,5039500
T2203,20220218,20220218,112633000,11:26:33,100.79,8033,40435,8095670600,5,-5,5039500
T2203,20220218,20220218,112633500,11:26:34,100.79,8033,40435,8095670600,0,0,0
T2203,20220218,20220218,112635000,11:26:37,100.79,8033,40435,8095670600,0,0,0
T2203,20220218,20220218,112635500,11:26:38,100.79,8038,40430,8100710100,5,-5,5039500
T2203,20220218,20220218,112636000,11:26:38,100.79,8038,40430,8100710100,0,0,0
T2203,20220218,20220218,112636500,11:26:38,100.79,8043,40425,8105749600,5,-5,5039500
T2203,20220218,20220218,112637500,11:27:10,100.79,8048,40420,8110789100,5,-5,5039500
T2203,20220218,20220218,112638000,11:27:10,100.79,8048,40420,8110789100,0,0,0
T2203,20220218,20220218,112638500,11:27:10,100.79,8049,40419,8111797000,1,-1,1007900
T2203,20220218,20220218,112652000,11:27:10,100.79,8049,40419,8111797000,0,0,0
T2203,20220218,20220218,112703500,11:27:12,100.79,8049,40419,8111797000,0,0,0
T2203,20220218,20220218,112719000,11:27:19,100.79,8049,40419,8111797000,0,0,0
T2203,20220218,20220218,112724000,11:27:27,100.79,8049,40419,8111797000,0,0,0
T2203,20220218,20220218,112725000,11:27:27,100.79,8049,40419,8111797000,0,0,0
T2203,20220218,20220218,112730500,11:27:31,100.79,8049,40419,8111797000,0,0,0
T2203,20220218,20220218,112734500,11:27:36,100.79,8049,40419,8111797000,0,0,0
T2203,20220218,20220218,112737000,11:27:38,100.79,8049,40419,8111797000,0,0,0
T2203,20220218,20220218,112740500,11:27:40,100.79,8049,40419,8111797000,0,0,0
T2203,20220218,20220218,112749000,11:27:54,100.79,8049,40419,8111797000,0,0,0
T2203,20220218,20220218,112758500,11:27:59,100.79,8049,40419,8111797000,0,0,0
T2203,20220218,20220218,112759000,11:27:59,100.79,8049,40419,8111797000,0,0,0
T2203,20220218,20220218,112759500,11:27:59,100.79,8049,40419,8111797000,0,0,0
T2203,20220218,20220218,112800000,11:28:00,100.79,8049,40419,8111797000,0,0,0
T2203,20220218,20220218,112800500,11:28:01,100.79,8049,40419,8111797000,0,0,0
T2203,20220218,20220218,112801000,11:28:01,100.785,8071,40402,8133970750,22,-17,22173750
T2203,20220218,20220218,112801500,11:28:02,100.785,8071,40402,8133970750,0,0,0
T2203,20220218,20220218,112802000,11:28:03,100.785,8071,40402,8133970750,0,0,0
T2203,20220218,20220218,112803000,11:28:04,100.785,8071,40402,8133970750,0,0,0
T2203,20220218,20220218,112804500,11:28:05,100.785,8074,40400,8136994300,3,-2,3023550
T2203,20220218,20220218,112805000,11:28:06,100.785,8074,40400,8136994300,0,0,0
T2203,20220218,20220218,112805500,11:28:06,100.785,8074,40400,8136994300,0,0,0
T2203,20220218,20220218,112806000,11:28:10,100.785,8074,40400,8136994300,0,0,0
T2203,20220218,20220218,112806500,11:28:10,100.785,8074,40400,8136994300,0,0,0
T2203,20220218,20220218,112807000,11:28:10,100.785,8074,40400,8136994300,0,0,0
T2203,20220218,20220218,112810000,11:28:11,100.785,8074,40400,8136994300,0,0,0
T2203,20220218,20220218,112810500,11:28:11,100.785,8074,40400,8136994300,0,0,0
T2203,20220218,20220218,112811000,11:28:12,100.785,8074,40400,8136994300,0,0,0
T2203,20220218,20220218,112811500,11:28:12,100.785,8074,40400,8136994300,0,0,0
T2203,20220218,20220218,112812000,11:28:12,100.785,8074,40400,8136994300,0,0,0
T2203,20220218,20220218,112812500,11:28:13,100.785,8074,40400,8136994300,0,0,0
T2203,20220218,20220218,112813000,11:28:13,100.785,8074,40400,8136994300,0,0,0
T2203,20220218,20220218,112817000,11:28:17,100.785,8074,40400,8136994300,0,0,0
T2203,20220218,20220218,112823500,11:28:23,100.785,8074,40400,8136994300,0,0,0
T2203,20220218,20220218,112824000,11:28:24,100.785,8074,40400,8136994300,0,0,0
T2203,20220218,20220218,112825500,11:28:25,100.785,8074,40400,8136994300,0,0,0
T2203,20220218,20220218,112830500,11:28:31,100.785,8074,40400,8136994300,0,0,0
T2203,20220218,20220218,112831000,11:28:31,100.785,8074,40400,8136994300,0,0,0
T2203,20220218,20220218,112834000,11:28:34,100.785,8080,40398,8143041400,6,-2,6047100
T2203,20220218,20220218,112834500,11:28:34,100.785,8080,40398,8143041400,0,0,0
T2203,20220218,20220218,112835000,11:28:35,100.785,8080,40398,8143041400,0,0,0
T2203,20220218,20220218,112835500,11:28:37,100.785,8080,40398,8143041400,0,0,0
T2203,20220218,20220218,112836000,11:28:37,100.785,8091,40392,8154128000,11,-6,11086600
T2203,20220218,20220218,112836500,11:28:37,100.785,8091,40392,8154128000,0,0,0
T2203,20220218,20220218,112837000,11:28:37,100.785,8091,40392,8154128000,0,0,0
T2203,20220218,20220218,112837500,11:28:37,100.785,8091,40392,8154128000,0,0,0
T2203,20220218,20220218,112838000,11:28:38,100.785,8091,40392,8154128000,0,0,0
T2203,20220218,20220218,112838500,11:28:38,100.785,8091,40392,8154128000,0,0,0
T2203,20220218,20220218,112843000,11:28:43,100.79,8096,40393,8159167500,5,1,5039500
T2203,20220218,20220218,112843500,11:28:44,100.79,8096,40393,8159167500,0,0,0
T2203,20220218,20220218,112844000,11:28:44,100.79,8096,40393,8159167500,0,0,0
T2203,20220218,20220218,112844500,11:28:44,100.79,8096,40393,8159167500,0,0,0
T2203,20220218,20220218,112845000,11:28:45,100.79,8096,40393,8159167500,0,0,0
T2203,20220218,20220218,112845500,11:28:46,100.785,8098,40391,8161183200,2,-2,2015700
T2203,20220218,20220218,112846000,11:28:46,100.785,8098,40391,8161183200,0,0,0
T2203,20220218,20220218,112846500,11:28:46,100.785,8098,40391,8161183200,0,0,0
T2203,20220218,20220218,112847000,11:28:47,100.785,8098,40391,8161183200,0,0,0
T2203,20220218,20220218,112847500,11:28:48,100.785,8098,40391,8161183200,0,0,0
T2203,20220218,20220218,112851000,11:28:51,100.785,8098,40391,8161183200,0,0,0
T2203,20220218,20220218,112851500,11:28:51,100.785,8098,40391,8161183200,0,0,0
T2203,20220218,20220218,112858000,11:28:59,100.785,8098,40391,8161183200,0,0,0
T2203,20220218,20220218,112858500,11:28:59,100.785,8098,40391,8161183200,0,0,0
T2203,20220218,20220218,112859000,11:28:59,100.785,8098,40391,8161183200,0,0,0
T2203,20220218,20220218,112859500,11:29:00,100.785,8098,40391,8161183200,0,0,0
T2203,20220218,20220218,112900500,11:29:01,100.785,8098,40391,8161183200,0,0,0
T2203,20220218,20220218,112901000,11:29:01,100.785,8098,40391,8161183200,0,0,0
T2203,20220218,20220218,112901500,11:29:01,100.78,8099,40390,8162191000,1,-1,1007800
T2203,20220218,20220218,112902000,11:29:02,100.78,8099,40390,8162191000,0,0,0
T2203,20220218,20220218,112902500,11:29:03,100.78,8099,40390,8162191000,0,0,0
T2203,20220218,20220218,112903000,11:29:03,100.78,8099,40390,8162191000,0,0,0
T2203,20220218,20220218,112903500,11:29:04,100.78,8099,40390,8162191000,0,0,0
T2203,20220218,20220218,112904000,11:29:04,100.78,8099,40390,8162191000,0,0,0
T2203,20220218,20220218,112904500,11:29:04,100.78,8099,40390,8162191000,0,0,0
T2203,20220218,20220218,112905000,11:29:05,100.78,8099,40390,8162191000,0,0,0
T2203,20220218,20220218,112905500,11:29:06,100.78,8099,40390,8162191000,0,0,0
T2203,20220218,20220218,112906000,11:29:06,100.78,8099,40390,8162191000,0,0,0
T2203,20220218,20220218,112913500,11:29:14,100.78,8099,40390,8162191000,0,0,0
T2203,20220218,20220218,112915500,11:29:16,100.78,8099,40390,8162191000,0,0,0
T2203,20220218,20220218,112917000,11:29:20,100.785,8104,40386,8167230250,5,-4,5039250
T2203,20220218,20220218,112917500,11:29:21,100.785,8104,40386,8167230250,0,0,0
T2203,20220218,20220218,112918000,11:29:21,100.785,8104,40386,8167230250,0,0,0
T2203,20220218,20220218,112920500,11:29:21,100.785,8104,40386,8167230250,0,0,0
T2203,20220218,20220218,112921000,11:29:22,100.785,8110,40381,8173277350,6,-5,6047100
T2203,20220218,20220218,112921500,11:29:23,100.785,8110,40381,8173277350,0,0,0
T2203,20220218,20220218,112922000,11:29:24,100.785,8110,40381,8173277350,0,0,0
T2203,20220218,20220218,112922500,11:29:24,100.785,8110,40381,8173277350,0,0,0
T2203,20220218,20220218,112923500,11:29:24,100.785,8110,40381,8173277350,0,0,0
T2203,20220218,20220218,112926000,11:29:26,100.785,8110,40381,8173277350,0,0,0
T2203,20220218,20220218,112926500,11:29:26,100.79,8111,40381,8174285250,1,0,1007900
T2203,20220218,20220218,112927000,11:29:27,100.79,8111,40381,8174285250,0,0,0
T2203,20220218,20220218,112927500,11:29:27,100.79,8111,40381,8174285250,0,0,0
T2203,20220218,20220218,112928000,11:29:28,100.79,8111,40381,8174285250,0,0,0
T2203,20220218,20220218,112928500,11:29:28,100.79,8111,40381,8174285250,0,0,0
T2203,20220218,20220218,112929000,11:29:29,100.79,8111,40381,8174285250,0,0,0
T2203,20220218,20220218,112929500,11:29:29,100.79,8111,40381,8174285250,0,0,0
T2203,20220218,20220218,112930000,11:29:30,100.79,8111,40381,8174285250,0,0,0
T2203,20220218,20220218,112930500,11:29:31,100.79,8111,40381,8174285250,0,0,0
T2203,20220218,20220218,112931000,11:29:32,100.79,8111,40381,8174285250,0,0,0
T2203,20220218,20220218,112931500,11:29:32,100.79,8111,40381,8174285250,0,0,0
T2203,20220218,20220218,112932500,11:29:36,100.79,8111,40381,8174285250,0,0,0
T2203,20220218,20220218,112933000,11:29:37,100.79,8111,40381,8174285250,0,0,0
T2203,20220218,20220218,112942000,11:29:44,100.79,8111,40381,8174285250,0,0,0
T2203,20220218,20220218,112943500,11:29:45,100.79,8111,40381,8174285250,0,0,0
T2203,20220218,20220218,112944000,11:29:45,100.79,8111,40381,8174285250,0,0,0
T2203,20220218,20220218,112945500,11:29:46,100.79,8111,40381,8174285250,0,0,0
T2203,20220218,20220218,112946000,11:29:46,100.79,8111,40381,8174285250,0,0,0
T2203,20220218,20220218,112947000,11:29:47,100.79,8111,40381,8174285250,0,0,0
T2203,20220218,20220218,112947500,11:29:48,100.785,8114,40379,8177308800,3,-2,3023550
T2203,20220218,20220218,112948000,11:29:49,100.785,8120,40378,8183355900,6,-1,6047100
T2203,20220218,20220218,112948500,11:29:49,100.785,8120,40378,8183355900,0,0,0
T2203,20220218,20220218,112949000,11:29:50,100.79,8121,40377,8184363800,1,-1,1007900
T2203,20220218,20220218,112949500,11:29:50,100.79,8121,40377,8184363800,0,0,0
T2203,20220218,20220218,112950500,11:29:51,100.79,8121,40377,8184363800,0,0,0
T2203,20220218,20220218,112951000,11:29:52,100.79,8121,40377,8184363800,0,0,0
T2203,20220218,20220218,112953500,11:29:54,100.79,8121,40377,8184363800,0,0,0
T2203,20220218,20220218,112954500,11:29:54,100.79,8121,40377,8184363800,0,0,0
T2203,20220218,20220218,112955000,11:29:55,100.79,8121,40377,8184363800,0,0,0
T2203,20220218,20220218,112956000,11:29:56,100.79,8121,40377,8184363800,0,0,0
T2203,20220218,20220218,112956500,11:30:00,100.79,8121,40377,8184363800,0,0,0
T2203,20220218,20220218,112957000,11:30:01,100.79,8121,40377,8184363800,0,0,0
T2203,20220218,20220218,112957500,11:30:02,100.79,8121,40377,8184363800,0,0,0
T2203,20220218,20220218,112959500,11:30:02,100.79,8121,40377,8184363800,0,0,0
T2203,20220218,20220218,113000000,11:30:03,100.79,8121,40377,8184363800,0,0,0
T2203,20220218,20220218,130000500,13:00:00,100.79,8121,40377,8184363800,0,0,0
T2203,20220218,20220218,130001000,13:00:01,100.795,8126,40378,8189403550,5,1,5039750
T2203,20220218,20220218,130001500,13:00:01,100.785,8144,40388,8207546050,18,10,18142500
T2203,20220218,20220218,130002000,13:00:02,100.8,8146,40389,8209562000,2,1,2015950
T2203,20220218,20220218,130002500,13:00:02,100.8,8147,40389,8210570000,1,0,1008000
T2203,20220218,20220218,130003000,13:00:03,100.8,8147,40389,8210570000,0,0,0
T2203,20220218,20220218,130003500,13:00:03,100.8,8147,40389,8210570000,0,0,0
T2203,20220218,20220218,130004000,13:00:04,100.805,8151,40387,8214602150,4,-2,4032150
T2203,20220218,20220218,130004500,13:00:04,100.805,8151,40387,8214602150,0,0,0
T2203,20220218,20220218,130005000,13:00:05,100.805,8151,40387,8214602150,0,0,0
T2203,20220218,20220218,130005500,13:00:05,100.795,8172,40395,8235769150,21,8,21167000
T2203,20220218,20220218,130006000,13:00:06,100.795,8174,40395,8237785050,2,0,2015900
T2203,20220218,20220218,130006500,13:00:06,100.795,8175,40395,8238793000,1,0,1007950
T2203,20220218,20220218,130007000,13:00:07,100.795,8176,40394,8239800950,1,-1,1007950
T2203,20220218,20220218,130007500,13:00:07,100.795,8178,40394,8241816850,2,0,2015900
T2203,20220218,20220218,130008000,13:00:08,100.795,8179,40393,8242824800,1,-1,1007950
T2203,20220218,20220218,130008500,13:00:08,100.795,8180,40393,8243832750,1,0,1007950
T2203,20220218,20220218,130009000,13:00:09,100.795,8181,40393,8244840700,1,0,1007950
T2203,20220218,20220218,130009500,13:00:09,100.795,8182,40393,8245848650,1,0,1007950
T2203,20220218,20220218,130010000,13:00:10,100.795,8183,40392,8246856600,1,-1,1007950
T2203,20220218,20220218,130010500,13:00:10,100.795,8184,40392,8247864550,1,0,1007950
T2203,20220218,20220218,130011000,13:00:11,100.795,8185,40391,8248872500,1,-1,1007950
T2203,20220218,20220218,130011500,13:00:11,100.795,8186,40391,8249880450,1,0,1007950
T2203,20220218,20220218,130012000,13:00:12,100.795,8187,40391,8250888400,1,0,1007950
T2203,20220218,20220218,130012500,13:00:12,100.795,8188,40391,8251896350,1,0,1007950
T2203,20220218,20220218,130013000,13:00:13,100.795,8189,40391,8252904300,1,0,1007950
T2203,20220218,20220218,130013500,13:00:13,100.795,8189,40391,8252904300,0,0,0
T2203,20220218,20220218,130014000,13:00:14,100.795,8189,40391,8252904300,0,0,0
T2203,20220218,20220218,130015500,13:00:15,100.795,8189,40391,8252904300,0,0,0
T2203,20220218,20220218,130023000,13:00:23,100.795,8189,40391,8252904300,0,0,0
T2203,20220218,20220218,130023500,13:00:23,100.795,8189,40391,8252904300,0,0,0
T2203,20220218,20220218,130024000,13:00:24,100.795,8189,40391,8252904300,0,0,0
T2203,20220218,20220218,130024500,13:00:24,100.795,8189,40391,8252904300,0,0,0
T2203,20220218,20220218,130025000,13:00:25,100.795,8189,40391,8252904300,0,0,0
T2203,20220218,20220218,130025500,13:00:25,100.795,8189,40391,8252904300,0,0,0
T2203,20220218,20220218,130026000,13:00:26,100.795,8189,40391,8252904300,0,0,0
T2203,20220218,20220218,130026500,13:00:26,100.795,8189,40391,8252904300,0,0,0
T2203,20220218,20220218,130027000,13:00:27,100.795,8189,40391,8252904300,0,0,0
T2203,20220218,20220218,130028500,13:00:28,100.795,8189,40391,8252904300,0,0,0
T2203,20220218,20220218,130029000,13:00:29,100.795,8189,40391,8252904300,0,0,0
T2203,20220218,20220218,130031500,13:00:31,100.795,8189,40391,8252904300,0,0,0
T2203,20220218,20220218,130032000,13:00:32,100.795,8189,40391,8252904300,0,0,0
T2203,20220218,20220218,130034000,13:00:34,100.795,8189,40391,8252904300,0,0,0
T2203,20220218,20220218,130040000,13:00:40,100.795,8189,40391,8252904300,0,0,0
T2203,20220218,20220218,130040500,13:00:40,100.795,8189,40391,8252904300,0,0,0
T2203,20220218,20220218,130041000,13:00:41,100.795,8189,40391,8252904300,0,0,0
T2203,20220218,20220218,130041500,13:00:41,100.795,8189,40391,8252904300,0,0,0
T2203,20220218,20220218,130042000,13:00:42,100.795,8189,40391,8252904300,0,0,0
T2203,20220218,20220218,130050000,13:00:50,100.795,8189,40391,8252904300,0,0,0
T2203,20220218,20220218,130107000,13:01:07,100.795,8189,40391,8252904300,0,0,0
T2203,20220218,20220218,130107500,13:01:07,100.795,8189,40391,8252904300,0,0,0
T2203,20220218,20220218,130108500,13:01:08,100.795,8189,40391,8252904300,0,0,0
T2203,20220218,20220218,130109000,13:01:09,100.795,8189,40391,8252904300,0,0,0
T2203,20220218,20220218,130109500,13:01:09,100.795,8189,40391,8252904300,0,0,0
T2203,20220218,20220218,130110000,13:01:10,100.795,8189,40391,8252904300,0,0,0
T2203,20220218,20220218,130110500,13:01:10,100.795,8189,40391,8252904300,0,0,0
T2203,20220218,20220218,130111000,13:01:11,100.795,8189,40391,8252904300,0,0,0
T2203,20220218,20220218,130111500,13:01:11,100.795,8189,40391,8252904300,0,0,0
T2203,20220218,20220218,130112000,13:01:12,100.795,8189,40391,8252904300,0,0,0
T2203,20220218,20220218,130112500,13:01:12,100.795,8189,40391,8252904300,0,0,0
T2203,20220218,20220218,130113000,13:01:13,100.795,8189,40391,8252904300,0,0,0
T2203,20220218,20220218,130113500,13:01:14,100.795,8189,40391,8252904300,0,0,0
T2203,20220218,20220218,130114000,13:01:14,100.795,8189,40391,8252904300,0,0,0
T2203,20220218,20220218,130114500,13:01:14,100.795,8189,40391,8252904300,0,0,0
T2203,20220218,20220218,130115500,13:01:15,100.795,8189,40391,8252904300,0,0,0
T2203,20220218,20220218,130124000,13:01:24,100.795,8189,40391,8252904300,0,0,0
T2203,20220218,20220218,130125500,13:01:25,100.795,8189,40391,8252904300,0,0,0
T2203,20220218,20220218,130126000,13:01:26,100.795,8189,40391,8252904300,0,0,0
T2203,20220218,20220218,130126500,13:01:26,100.795,8189,40391,8252904300,0,0,0
T2203,20220218,20220218,130127000,13:01:27,100.795,8189,40391,8252904300,0,0,0
T2203,20220218,20220218,130127500,13:01:27,100.795,8189,40391,8252904300,0,0,0
T2203,20220218,20220218,130128000,13:01:28,100.795,8189,40391,8252904300,0,0,0
T2203,20220218,20220218,130128500,13:01:28,100.795,8189,40391,8252904300,0,0,0
T2203,20220218,20220218,130129000,13:01:29,100.795,8189,40391,8252904300,0,0,0
T2203,20220218,20220218,130135500,13:01:35,100.795,8189,40391,8252904300,0,0,0
T2203,20220218,20220218,130141000,13:01:41,100.79,8190,40392,8253912200,1,1,1007900
T2203,20220218,20220218,130143500,13:01:43,100.79,8190,40392,8253912200,0,0,0
T2203,20220218,20220218,130155000,13:01:55,100.79,8190,40392,8253912200,0,0,0
T2203,20220218,20220218,130155500,13:01:55,100.79,8190,40392,8253912200,0,0,0
T2203,20220218,20220218,130156000,13:01:56,100.79,8190,40392,8253912200,0,0,0
T2203,20220218,20220218,130201000,13:02:01,100.79,8190,40392,8253912200,0,0,0
T2203,20220218,20220218,130201500,13:02:01,100.79,8190,40392,8253912200,0,0,0
T2203,20220218,20220218,130202000,13:02:02,100.785,8194,40393,8257943600,4,1,4031400
T2203,20220218,20220218,130202500,13:02:02,100.785,8195,40393,8258951450,1,0,1007850
T2203,20220218,20220218,130203000,13:02:03,100.785,8196,40393,8259959300,1,0,1007850
T2203,20220218,20220218,130203500,13:02:03,100.785,8197,40393,8260967150,1,0,1007850
T2203,20220218,20220218,130204000,13:02:04,100.785,8197,40393,8260967150,0,0,0
T2203,20220218,20220218,130204500,13:02:04,100.785,8197,40393,8260967150,0,0,0
T2203,20220218,20220218,130205000,13:02:05,100.785,8197,40393,8260967150,0,0,0
T2203,20220218,20220218,130205500,13:02:05,100.785,8197,40393,8260967150,0,0,0
T2203,20220218,20220218,130206000,13:02:06,100.785,8197,40393,8260967150,0,0,0
T2203,20220218,20220218,130210500,13:02:10,100.785,8198,40393,8261975000,1,0,1007850
T2203,20220218,20220218,130211000,13:02:11,100.785,8198,40393,8261975000,0,0,0
T2203,20220218,20220218,130211500,13:02:11,100.785,8198,40393,8261975000,0,0,0
T2203,20220218,20220218,130212000,13:02:12,100.785,8198,40393,8261975000,0,0,0
T2203,20220218,20220218,130212500,13:02:12,100.785,8198,40393,8261975000,0,0,0
T2203,20220218,20220218,130218500,13:02:18,100.785,8198,40393,8261975000,0,0,0
T2203,20220218,20220218,130219000,13:02:19,100.785,8198,40393,8261975000,0,0,0
T2203,20220218,20220218,130219500,13:02:19,100.78,8202,40395,8266006200,4,2,4031200
T2203,20220218,20220218,130220000,13:02:20,100.78,8202,40395,8266006200,0,0,0
T2203,20220218,20220218,130220500,13:02:20,100.78,8205,40393,8269029600,3,-2,3023400
T2203,20220218,20220218,130221000,13:02:21,100.775,8207,40395,8271045100,2,2,2015500
T2203,20220218,20220218,130221500,13:02:21,100.775,8207,40395,8271045100,0,0,0
T2203,20220218,20220218,130222000,13:02:22,100.775,8207,40395,8271045100,0,0,0
T2203,20220218,20220218,130222500,13:02:22,100.77,8210,40395,8274068200,3,0,3023100
T2203,20220218,20220218,130223000,13:02:23,100.77,8213,40395,8277091300,3,0,3023100
T2203,20220218,20220218,130223500,13:02:23,100.77,8215,40394,8279106700,2,-1,2015400
T2203,20220218,20220218,130224000,13:02:24,100.77,8215,40394,8279106700,0,0,0
T2203,20220218,20220218,130224500,13:02:24,100.775,8217,40392,8281122200,2,-2,2015500
T2203,20220218,20220218,130225000,13:02:25,100.775,8226,40384,8290191950,9,-8,9069750
T2203,20220218,20220218,130225500,13:02:25,100.775,8227,40384,8291199700,1,0,1007750
T2203,20220218,20220218,130226000,13:02:26,100.775,8227,40384,8291199700,0,0,0
T2203,20220218,20220218,130226500,13:02:26,100.775,8227,40384,8291199700,0,0,0
T2203,20220218,20220218,130227000,13:02:27,100.775,8227,40384,8291199700,0,0,0
T2203,20220218,20220218,130227500,13:02:27,100.775,8227,40384,8291199700,0,0,0
T2203,20220218,20220218,130244500,13:02:45,100.775,8227,40384,8291199700,0,0,0
T2203,20220218,20220218,130245000,13:02:45,100.775,8227,40384,8291199700,0,0,0
T2203,20220218,20220218,130257500,13:02:58,100.775,8227,40384,8291199700,0,0,0
T2203,20220218,20220218,130258000,13:02:58,100.775,8227,40384,8291199700,0,0,0
T2203,20220218,20220218,130302000,13:03:02,100.775,8227,40384,8291199700,0,0,0
T2203,20220218,20220218,130316000,13:03:16,100.775,8229,40383,8293215200,2,-1,2015500
T2203,20220218,20220218,130316500,13:03:16,100.775,8229,40383,8293215200,0,0,0
T2203,20220218,20220218,130317000,13:03:17,100.775,8229,40383,8293215200,0,0,0
T2203,20220218,20220218,130317500,13:03:17,100.775,8229,40383,8293215200,0,0,0
T2203,20220218,20220218,130318000,13:03:18,100.775,8229,40383,8293215200,0,0,0
T2203,20220218,20220218,130324500,13:03:24,100.775,8229,40383,8293215200,0,0,0
T2203,20220218,20220218,130325000,13:03:25,100.775,8229,40383,8293215200,0,0,0
T2203,20220218,20220218,130326000,13:03:26,100.775,8229,40383,8293215200,0,0,0
T2203,20220218,20220218,130327500,13:03:27,100.775,8234,40382,8298253950,5,-1,5038750
T2203,20220218,20220218,130328000,13:03:28,100.775,8234,40382,8298253950,0,0,0
T2203,20220218,20220218,130328500,13:03:28,100.78,8235,40382,8299261750,1,0,1007800
T2203,20220218,20220218,130329000,13:03:29,100.78,8236,40381,8300269550,1,-1,1007800
T2203,20220218,20220218,130329500,13:03:29,100.78,8236,40381,8300269550,0,0,0
T2203,20220218,20220218,130330000,13:03:30,100.78,8236,40381,8300269550,0,0,0
T2203,20220218,20220218,130330500,13:03:30,100.78,8236,40381,8300269550,0,0,0
T2203,20220218,20220218,130331000,13:03:31,100.78,8236,40381,8300269550,0,0,0
T2203,20220218,20220218,130331500,13:03:31,100.78,8236,40381,8300269550,0,0,0
T2203,20220218,20220218,130332000,13:03:32,100.78,8236,40381,8300269550,0,0,0
T2203,20220218,20220218,130332500,13:03:32,100.78,8236,40381,8300269550,0,0,0
T2203,20220218,20220218,130333000,13:03:33,100.78,8236,40381,8300269550,0,0,0
T2203,20220218,20220218,130333500,13:03:33,100.78,8236,40381,8300269550,0,0,0
T2203,20220218,20220218,130334000,13:03:34,100.78,8236,40381,8300269550,0,0,0
T2203,20220218,20220218,130334500,13:03:34,100.78,8236,40381,8300269550,0,0,0
T2203,20220218,20220218,130335000,13:03:35,100.78,8236,40381,8300269550,0,0,0
T2203,20220218,20220218,130414000,13:04:14,100.78,8236,40381,8300269550,0,0,0
T2203,20220218,20220218,130417000,13:04:17,100.78,8236,40381,8300269550,0,0,0
T2203,20220218,20220218,130417500,13:04:17,100.78,8236,40381,8300269550,0,0,0
T2203,20220218,20220218,130418000,13:04:18,100.78,8236,40381,8300269550,0,0,0
T2203,20220218,20220218,130422500,13:04:22,100.78,8236,40381,8300269550,0,0,0
T2203,20220218,20220218,130423000,13:04:23,100.78,8236,40381,8300269550,0,0,0
T2203,20220218,20220218,130423500,13:04:23,100.78,8236,40381,8300269550,0,0,0
T2203,20220218,20220218,130424000,13:04:24,100.78,8236,40381,8300269550,0,0,0
T2203,20220218,20220218,130424500,13:04:24,100.78,8236,40381,8300269550,0,0,0
T2203,20220218,20220218,130426500,13:04:26,100.78,8236,40381,8300269550,0,0,0
T2203,20220218,20220218,130427500,13:04:27,100.78,8236,40381,8300269550,0,0,0
T2203,20220218,20220218,130428500,13:04:28,100.78,8236,40381,8300269550,0,0,0
T2203,20220218,20220218,130431000,13:04:31,100.775,8242,40384,8306316150,6,3,6046600
T2203,20220218,20220218,130431500,13:04:31,100.775,8243,40384,8307323900,1,0,1007750
T2203,20220218,20220218,130432000,13:04:32,100.775,8243,40384,8307323900,0,0,0
T2203,20220218,20220218,130432500,13:04:32,100.775,8243,40384,8307323900,0,0,0
T2203,20220218,20220218,130433000,13:04:33,100.775,8243,40384,8307323900,0,0,0
T2203,20220218,20220218,130433500,13:04:33,100.775,8243,40384,8307323900,0,0,0
T2203,20220218,20220218,130434000,13:04:34,100.775,8243,40384,8307323900,0,0,0
T2203,20220218,20220218,130435000,13:04:35,100.775,8243,40384,8307323900,0,0,0
T2203,20220218,20220218,130435500,13:04:35,100.775,8246,40383,8310347150,3,-1,3023250
T2203,20220218,20220218,130436000,13:04:36,100.775,8246,40383,8310347150,0,0,0
T2203,20220218,20220218,130436500,13:04:36,100.775,8246,40383,8310347150,0,0,0
T2203,20220218,20220218,130437000,13:04:37,100.775,8246,40383,8310347150,0,0,0
T2203,20220218,20220218,130437500,13:04:37,100.775,8246,40383,8310347150,0,0,0
T2203,20220218,20220218,130438000,13:04:38,100.775,8246,40383,8310347150,0,0,0
T2203,20220218,20220218,130438500,13:04:38,100.775,8247,40383,8311354900,1,0,1007750
T2203,20220218,20220218,130439000,13:04:39,100.775,8247,40383,8311354900,0,0,0
T2203,20220218,20220218,130439500,13:04:39,100.775,8247,40383,8311354900,0,0,0
T2203,20220218,20220218,130440000,13:04:40,100.775,8247,40383,8311354900,0,0,0
T2203,20220218,20220218,130440500,13:04:40,100.775,8247,40383,8311354900,0,0,0
T2203,20220218,20220218,130443000,13:04:43,100.775,8247,40383,8311354900,0,0,0
T2203,20220218,20220218,130443500,13:04:43,100.775,8247,40383,8311354900,0,0,0
T2203,20220218,20220218,130444000,13:04:44,100.775,8247,40383,8311354900,0,0,0
T2203,20220218,20220218,130444500,13:04:44,100.775,8247,40383,8311354900,0,0,0
T2203,20220218,20220218,130446500,13:04:46,100.78,8248,40382,8312362700,1,-1,1007800
T2203,20220218,20220218,130447000,13:04:47,100.78,8248,40382,8312362700,0,0,0
T2203,20220218,20220218,130447500,13:04:47,100.78,8248,40382,8312362700,0,0,0
T2203,20220218,20220218,130448000,13:04:48,100.78,8250,40380,8314378300,2,-2,2015600
T2203,20220218,20220218,130448500,13:04:48,100.78,8253,40379,8317401700,3,-1,3023400
T2203,20220218,20220218,130449000,13:04:49,100.78,8253,40379,8317401700,0,0,0
T2203,20220218,20220218,130449500,13:04:50,100.78,8253,40379,8317401700,0,0,0
T2203,20220218,20220218,130450000,13:04:50,100.78,8253,40379,8317401700,0,0,0
T2203,20220218,20220218,130450500,13:04:50,100.78,8253,40379,8317401700,0,0,0
T2203,20220218,20220218,130451000,13:04:51,100.78,8253,40379,8317401700,0,0,0
T2203,20220218,20220218,130451500,13:04:51,100.78,8253,40379,8317401700,0,0,0
T2203,20220218,20220218,130452500,13:04:52,100.78,8253,40379,8317401700,0,0,0
T2203,20220218,20220218,130501500,13:05:01,100.78,8253,40379,8317401700,0,0,0
T2203,20220218,20220218,130502000,13:05:02,100.78,8253,40379,8317401700,0,0,0
T2203,20220218,20220218,130502500,13:05:02,100.78,8253,40379,8317401700,0,0,0
T2203,20220218,20220218,130503000,13:05:03,100.78,8253,40379,8317401700,0,0,0
T2203,20220218,20220218,130505500,13:05:05,100.78,8254,40379,8318409500,1,0,1007800
T2203,20220218,20220218,130506000,13:05:06,100.78,8254,40379,8318409500,0,0,0
T2203,20220218,20220218,130507000,13:05:07,100.77,8258,40380,8322440450,4,1,4030950
T2203,20220218,20220218,130507500,13:05:07,100.77,8259,40380,8323448150,1,0,1007700
T2203,20220218,20220218,130508000,13:05:08,100.77,8259,40380,8323448150,0,0,0
T2203,20220218,20220218,130508500,13:05:08,100.77,8259,40380,8323448150,0,0,0
T2203,20220218,20220218,130509000,13:05:09,100.77,8259,40380,8323448150,0,0,0
T2203,20220218,20220218,130510000,13:05:10,100.77,8259,40380,8323448150,0,0,0
T2203,20220218,20220218,130511000,13:05:11,100.77,8259,40380,8323448150,0,0,0
T2203,20220218,20220218,130513000,13:05:13,100.77,8259,40380,8323448150,0,0,0
T2203,20220218,20220218,130514500,13:05:14,100.77,8261,40380,8325463550,2,0,2015400
T2203,20220218,20220218,130515000,13:05:15,100.77,8261,40380,8325463550,0,0,0
T2203,20220218,20220218,130515500,13:05:15,100.77,8261,40380,8325463550,0,0,0
T2203,20220218,20220218,130516000,13:05:16,100.77,8261,40380,8325463550,0,0,0
T2203,20220218,20220218,130516500,13:05:16,100.77,8261,40380,8325463550,0,0,0
T2203,20220218,20220218,130517000,13:05:17,100.77,8261,40380,8325463550,0,0,0
T2203,20220218,20220218,130517500,13:05:17,100.77,8261,40380,8325463550,0,0,0
T2203,20220218,20220218,130518000,13:05:18,100.77,8261,40380,8325463550,0,0,0
T2203,20220218,20220218,130518500,13:05:18,100.77,8261,40380,8325463550,0,0,0
T2203,20220218,20220218,130519000,13:05:19,100.77,8261,40380,8325463550,0,0,0
T2203,20220218,20220218,130519500,13:05:19,100.77,8261,40380,8325463550,0,0,0
T2203,20220218,20220218,130520000,13:05:20,100.77,8261,40380,8325463550,0,0,0
T2203,20220218,20220218,130520500,13:05:20,100.77,8261,40380,8325463550,0,0,0
T2203,20220218,20220218,130525000,13:05:25,100.77,8261,40380,8325463550,0,0,0
T2203,20220218,20220218,130547000,13:05:47,100.77,8261,40380,8325463550,0,0,0
T2203,20220218,20220218,130547500,13:05:47,100.77,8261,40380,8325463550,0,0,0
T2203,20220218,20220218,130548000,13:05:48,100.77,8261,40380,8325463550,0,0,0
T2203,20220218,20220218,130552500,13:05:52,100.765,8264,40380,8328486500,3,0,3022950
T2203,20220218,20220218,130553000,13:05:53,100.765,8264,40380,8328486500,0,0,0
T2203,20220218,20220218,130553500,13:05:53,100.765,8264,40380,8328486500,0,0,0
T2203,20220218,20220218,130554000,13:05:54,100.76,8265,40380,8329494100,1,0,1007600
T2203,20220218,20220218,130554500,13:05:54,100.76,8266,40380,8330501700,1,0,1007600
T2203,20220218,20220218,130555000,13:05:55,100.76,8266,40380,8330501700,0,0,0
T2203,20220218,20220218,130555500,13:05:55,100.76,8267,40381,8331509300,1,1,1007600
T2203,20220218,20220218,130556000,13:05:56,100.76,8274,40380,8338562500,7,-1,7053200
T2203,20220218,20220218,130556500,13:05:56,100.76,8276,40379,8340577700,2,-1,2015200
T2203,20220218,20220218,130557000,13:05:57,100.76,8276,40379,8340577700,0,0,0
T2203,20220218,20220218,130557500,13:05:57,100.76,8276,40379,8340577700,0,0,0
T2203,20220218,20220218,130558000,13:05:58,100.76,8276,40379,8340577700,0,0,0
T2203,20220218,20220218,130558500,13:05:59,100.76,8276,40379,8340577700,0,0,0
T2203,20220218,20220218,130600000,13:06:00,100.76,8277,40378,8341585300,1,-1,1007600
T2203,20220218,20220218,130601000,13:06:01,100.76,8277,40378,8341585300,0,0,0
T2203,20220218,20220218,130601500,13:06:01,100.76,8277,40378,8341585300,0,0,0
T2203,20220218,20220218,130602000,13:06:02,100.76,8277,40378,8341585300,0,0,0
T2203,20220218,20220218,130604000,13:06:04,100.76,8277,40378,8341585300,0,0,0
T2203,20220218,20220218,130604500,13:06:04,100.755,8278,40378,8342592850,1,0,1007550
T2203,20220218,20220218,130605000,13:06:05,100.755,8278,40378,8342592850,0,0,0
T2203,20220218,20220218,130605500,13:06:05,100.755,8278,40378,8342592850,0,0,0
T2203,20220218,20220218,130606000,13:06:06,100.755,8278,40378,8342592850,0,0,0
T2203,20220218,20220218,130606500,13:06:06,100.755,8278,40378,8342592850,0,0,0
T2203,20220218,20220218,130607000,13:06:07,100.76,8279,40377,8343600450,1,-1,1007600
T2203,20220218,20220218,130607500,13:06:07,100.76,8292,40369,8356699250,13,-8,13098800
T2203,20220218,20220218,130608000,13:06:08,100.76,8292,40369,8356699250,0,0,0
T2203,20220218,20220218,130608500,13:06:08,100.76,8299,40370,8363752450,7,1,7053200
T2203,20220218,20220218,130609000,13:06:09,100.76,8304,40373,8368790450,5,3,5038000
T2203,20220218,20220218,130611500,13:06:11,100.755,8312,40371,8376851150,8,-2,8060700
T2203,20220218,20220218,130612000,13:06:12,100.755,8313,40370,8377858700,1,-1,1007550
T2203,20220218,20220218,130612500,13:06:12,100.755,8313,40370,8377858700,0,0,0
T2203,20220218,20220218,130613000,13:06:13,100.755,8313,40370,8377858700,0,0,0
T2203,20220218,20220218,130613500,13:06:13,100.755,8313,40370,8377858700,0,0,0
T2203,20220218,20220218,130614500,13:06:14,100.765,8314,40370,8378866350,1,0,1007650
T2203,20220218,20220218,130615000,13:06:15,100.765,8314,40370,8378866350,0,0,0
T2203,20220218,20220218,130615500,13:06:15,100.76,8315,40369,8379873950,1,-1,1007600
T2203,20220218,20220218,130616000,13:06:16,100.76,8315,40369,8379873950,0,0,0
T2203,20220218,20220218,130616500,13:06:16,100.76,8315,40369,8379873950,0,0,0
T2203,20220218,20220218,130617000,13:06:17,100.76,8315,40369,8379873950,0,0,0
T2203,20220218,20220218,130617500,13:06:17,100.76,8315,40369,8379873950,0,0,0
T2203,20220218,20220218,130618000,13:06:18,100.76,8315,40369,8379873950,0,0,0
T2203,20220218,20220218,130618500,13:06:19,100.76,8315,40369,8379873950,0,0,0
T2203,20220218,20220218,130619000,13:06:19,100.76,8315,40369,8379873950,0,0,0
T2203,20220218,20220218,130619500,13:06:19,100.76,8315,40369,8379873950,0,0,0
T2203,20220218,20220218,130620000,13:06:20,100.76,8315,40369,8379873950,0,0,0
T2203,20220218,20220218,130620500,13:06:20,100.76,8315,40369,8379873950,0,0,0
T2203,20220218,20220218,130621000,13:06:21,100.76,8315,40369,8379873950,0,0,0
T2203,20220218,20220218,130621500,13:06:21,100.76,8315,40369,8379873950,0,0,0
T2203,20220218,20220218,130622000,13:06:22,100.76,8315,40369,8379873950,0,0,0
T2203,20220218,20220218,130625000,13:06:25,100.76,8315,40369,8379873950,0,0,0
T2203,20220218,20220218,130625500,13:06:25,100.76,8315,40369,8379873950,0,0,0
T2203,20220218,20220218,130632000,13:06:32,100.76,8315,40369,8379873950,0,0,0
T2203,20220218,20220218,130632500,13:06:32,100.76,8316,40368,8380881550,1,-1,1007600
T2203,20220218,20220218,130633000,13:06:33,100.76,8316,40368,8380881550,0,0,0
T2203,20220218,20220218,130633500,13:06:33,100.76,8317,40369,8381889150,1,1,1007600
T2203,20220218,20220218,130634000,13:06:34,100.76,8319,40370,8383904350,2,1,2015200
T2203,20220218,20220218,130634500,13:06:34,100.76,8319,40370,8383904350,0,0,0
T2203,20220218,20220218,130635000,13:06:35,100.76,8325,40365,8389949950,6,-5,6045600
T2203,20220218,20220218,130635500,13:06:35,100.76,8325,40365,8389949950,0,0,0
T2203,20220218,20220218,130636000,13:06:36,100.76,8325,40365,8389949950,0,0,0
T2203,20220218,20220218,130636500,13:06:36,100.76,8325,40365,8389949950,0,0,0
T2203,20220218,20220218,130637000,13:06:37,100.76,8325,40365,8389949950,0,0,0
T2203,20220218,20220218,130637500,13:06:37,100.76,8325,40365,8389949950,0,0,0
T2203,20220218,20220218,130638000,13:06:38,100.76,8325,40365,8389949950,0,0,0
T2203,20220218,20220218,130638500,13:06:38,100.76,8325,40365,8389949950,0,0,0
T2203,20220218,20220218,130639000,13:06:39,100.765,8330,40368,8394988200,5,3,5038250
T2203,20220218,20220218,130639500,13:06:39,100.765,8331,40367,8395995850,1,-1,1007650
T2203,20220218,20220218,130640000,13:06:40,100.765,8332,40368,8397003500,1,1,1007650
T2203,20220218,20220218,130640500,13:06:40,100.765,8335,40366,8400026450,3,-2,3022950
T2203,20220218,20220218,130641000,13:06:41,100.765,8335,40366,8400026450,0,0,0
T2203,20220218,20220218,130641500,13:06:41,100.765,8335,40366,8400026450,0,0,0
T2203,20220218,20220218,130642500,13:06:42,100.765,8335,40366,8400026450,0,0,0
T2203,20220218,20220218,130643000,13:06:43,100.765,8335,40366,8400026450,0,0,0
T2203,20220218,20220218,130643500,13:06:43,100.765,8335,40366,8400026450,0,0,0
T2203,20220218,20220218,130647500,13:06:47,100.765,8335,40366,8400026450,0,0,0
T2203,20220218,20220218,130648000,13:06:48,100.765,8335,40366,8400026450,0,0,0
T2203,20220218,20220218,130648500,13:06:48,100.765,8335,40366,8400026450,0,0,0
T2203,20220218,20220218,130649500,13:06:49,100.765,8335,40366,8400026450,0,0,0
T2203,20220218,20220218,130655000,13:06:55,100.765,8335,40366,8400026450,0,0,0
T2203,20220218,20220218,130655500,13:06:55,100.765,8335,40366,8400026450,0,0,0
T2203,20220218,20220218,130656000,13:06:56,100.765,8335,40366,8400026450,0,0,0
T2203,20220218,20220218,130656500,13:06:56,100.765,8335,40366,8400026450,0,0,0
T2203,20220218,20220218,130657000,13:06:57,100.765,8335,40366,8400026450,0,0,0
T2203,20220218,20220218,130657500,13:06:57,100.765,8335,40366,8400026450,0,0,0
T2203,20220218,20220218,130703000,13:07:03,100.765,8335,40366,8400026450,0,0,0
T2203,20220218,20220218,130704000,13:07:04,100.765,8335,40366,8400026450,0,0,0
T2203,20220218,20220218,130707000,13:07:07,100.765,8335,40366,8400026450,0,0,0
T2203,20220218,20220218,130712500,13:07:12,100.765,8335,40366,8400026450,0,0,0
T2203,20220218,20220218,130713000,13:07:13,100.765,8335,40366,8400026450,0,0,0
T2203,20220218,20220218,130713500,13:07:13,100.765,8335,40366,8400026450,0,0,0
T2203,20220218,20220218,130714500,13:07:14,100.765,8335,40366,8400026450,0,0,0
T2203,20220218,20220218,130715000,13:07:15,100.765,8335,40366,8400026450,0,0,0
T2203,20220218,20220218,130715500,13:07:15,100.765,8335,40366,8400026450,0,0,0
T2203,20220218,20220218,130716000,13:07:16,100.765,8335,40366,8400026450,0,0,0
T2203,20220218,20220218,130717000,13:07:17,100.765,8335,40366,8400026450,0,0,0
T2203,20220218,20220218,130717500,13:07:17,100.765,8335,40366,8400026450,0,0,0
T2203,20220218,20220218,130718000,13:07:18,100.765,8335,40366,8400026450,0,0,0
T2203,20220218,20220218,130718500,13:07:18,100.765,8338,40364,8403049400,3,-2,3022950
T2203,20220218,20220218,130719000,13:07:19,100.765,8340,40363,8405064700,2,-1,2015300
T2203,20220218,20220218,130719500,13:07:19,100.765,8341,40363,8406072350,1,0,1007650
T2203,20220218,20220218,130721000,13:07:21,100.765,8341,40363,8406072350,0,0,0
T2203,20220218,20220218,130721500,13:07:21,100.765,8341,40363,8406072350,0,0,0
T2203,20220218,20220218,130722000,13:07:22,100.765,8341,40363,8406072350,0,0,0
T2203,20220218,20220218,130727000,13:07:27,100.765,8341,40363,8406072350,0,0,0
T2203,20220218,20220218,130727500,13:07:27,100.765,8341,40363,8406072350,0,0,0
T2203,20220218,20220218,130728000,13:07:28,100.765,8341,40363,8406072350,0,0,0
T2203,20220218,20220218,130728500,13:07:28,100.765,8341,40363,8406072350,0,0,0
T2203,20220218,20220218,130729000,13:07:29,100.765,8341,40363,8406072350,0,0,0
T2203,20220218,20220218,130729500,13:07:30,100.765,8341,40363,8406072350,0,0,0
T2203,20220218,20220218,130740000,13:07:40,100.765,8343,40362,8408087650,2,-1,2015300
T2203,20220218,20220218,130740500,13:07:40,100.765,8343,40362,8408087650,0,0,0
T2203,20220218,20220218,130741000,13:07:41,100.765,8343,40362,8408087650,0,0,0
T2203,20220218,20220218,130758000,13:07:58,100.765,8343,40362,8408087650,0,0,0
T2203,20220218,20220218,130758500,13:07:58,100.765,8343,40362,8408087650,0,0,0
T2203,20220218,20220218,130816500,13:08:16,100.765,8343,40362,8408087650,0,0,0
T2203,20220218,20220218,130817000,13:08:17,100.765,8343,40362,8408087650,0,0,0
T2203,20220218,20220218,130818500,13:08:18,100.765,8344,40362,8409095300,1,0,1007650
T2203,20220218,20220218,130828000,13:08:28,100.765,8346,40360,8411110600,2,-2,2015300
T2203,20220218,20220218,130847000,13:08:47,100.765,8346,40360,8411110600,0,0,0
T2203,20220218,20220218,130853000,13:08:53,100.765,8346,40360,8411110600,0,0,0
T2203,20220218,20220218,130859500,13:08:59,100.765,8347,40360,8412118250,1,0,1007650
T2203,20220218,20220218,130900000,13:09:00,100.765,8349,40360,8414133550,2,0,2015300
T2203,20220218,20220218,130900500,13:09:00,100.765,8349,40360,8414133550,0,0,0
T2203,20220218,20220218,130901000,13:09:01,100.765,8349,40360,8414133550,0,0,0
T2203,20220218,20220218,130904000,13:09:04,100.765,8349,40360,8414133550,0,0,0
T2203,20220218,20220218,130904500,13:09:04,100.765,8349,40360,8414133550,0,0,0
T2203,20220218,20220218,130927500,13:09:27,100.765,8349,40360,8414133550,0,0,0
T2203,20220218,20220218,130939500,13:09:39,100.765,8349,40360,8414133550,0,0,0
T2203,20220218,20220218,130946000,13:09:46,100.765,8349,40360,8414133550,0,0,0
T2203,20220218,20220218,130946500,13:09:46,100.765,8349,40360,8414133550,0,0,0
T2203,20220218,20220218,130947000,13:09:47,100.765,8349,40360,8414133550,0,0,0
T2203,20220218,20220218,130947500,13:09:47,100.765,8351,40360,8416148850,2,0,2015300
T2203,20220218,20220218,130948000,13:09:48,100.765,8351,40360,8416148850,0,0,0
T2203,20220218,20220218,130954500,13:09:54,100.76,8354,40361,8419171650,3,1,3022800
T2203,20220218,20220218,130955000,13:09:55,100.755,8355,40360,8420179200,1,-1,1007550
T2203,20220218,20220218,130955500,13:09:55,100.755,8355,40360,8420179200,0,0,0
T2203,20220218,20220218,130956000,13:09:56,100.755,8356,40360,8421186750,1,0,1007550
T2203,20220218,20220218,130956500,13:09:56,100.755,8356,40360,8421186750,0,0,0
T2203,20220218,20220218,130958500,13:09:58,100.755,8359,40360,8424209400,3,0,3022650
T2203,20220218,20220218,130959000,13:09:59,100.755,8380,40345,8445367950,21,-15,21158550
T2203,20220218,20220218,130959500,13:09:59,100.755,8383,40342,8448390600,3,-3,3022650
T2203,20220218,20220218,131000000,13:10:00,100.755,8385,40340,8450405700,2,-2,2015100
T2203,20220218,20220218,131002000,13:10:02,100.755,8385,40340,8450405700,0,0,0
T2203,20220218,20220218,131007500,13:10:07,100.755,8385,40340,8450405700,0,0,0
T2203,20220218,20220218,131008000,13:10:08,100.755,8385,40340,8450405700,0,0,0
T2203,20220218,20220218,131008500,13:10:08,100.755,8385,40340,8450405700,0,0,0
T2203,20220218,20220218,131009000,13:10:09,100.755,8390,40335,8455443450,5,-5,5037750
T2203,20220218,20220218,131009500,13:10:09,100.755,8390,40335,8455443450,0,0,0
T2203,20220218,20220218,131010000,13:10:10,100.755,8390,40335,8455443450,0,0,0
T2203,20220218,20220218,131010500,13:10:10,100.755,8390,40335,8455443450,0,0,0
T2203,20220218,20220218,131011000,13:10:11,100.755,8396,40329,8461488750,6,-6,6045300
T2203,20220218,20220218,131011500,13:10:11,100.755,8396,40329,8461488750,0,0,0
T2203,20220218,20220218,131012000,13:10:12,100.755,8401,40325,8466526500,5,-4,5037750
T2203,20220218,20220218,131012500,13:10:12,100.755,8403,40324,8468541600,2,-1,2015100
T2203,20220218,20220218,131013000,13:10:13,100.755,8408,40321,8473579350,5,-3,5037750
T2203,20220218,20220218,131013500,13:10:13,100.755,8412,40318,8477609550,4,-3,4030200
T2203,20220218,20220218,131014000,13:10:14,100.755,8412,40318,8477609550,0,0,0
T2203,20220218,20220218,131014500,13:10:14,100.755,8412,40318,8477609550,0,0,0
T2203,20220218,20220218,131015000,13:10:15,100.75,8413,40317,8478617050,1,-1,1007500
T2203,20220218,20220218,131015500,13:10:15,100.75,8413,40317,8478617050,0,0,0
T2203,20220218,20220218,131016000,13:10:16,100.75,8414,40316,8479624550,1,-1,1007500
T2203,20220218,20220218,131016500,13:10:16,100.75,8414,40316,8479624550,0,0,0
T2203,20220218,20220218,131017000,13:10:17,100.75,8414,40316,8479624550,0,0,0
T2203,20220218,20220218,131017500,13:10:17,100.75,8414,40316,8479624550,0,0,0
T2203,20220218,20220218,131018000,13:10:18,100.75,8414,40316,8479624550,0,0,0
T2203,20220218,20220218,131018500,13:10:18,100.75,8414,40316,8479624550,0,0,0
T2203,20220218,20220218,131019000,13:10:19,100.75,8414,40316,8479624550,0,0,0
T2203,20220218,20220218,131019500,13:10:19,100.75,8414,40316,8479624550,0,0,0
T2203,20220218,20220218,131020000,13:10:20,100.75,8414,40316,8479624550,0,0,0
T2203,20220218,20220218,131021000,13:10:21,100.75,8414,40316,8479624550,0,0,0
T2203,20220218,20220218,131025000,13:10:25,100.75,8422,40309,8487684550,8,-7,8060000
T2203,20220218,20220218,131025500,13:10:25,100.75,8430,40303,8495744550,8,-6,8060000
T2203,20220218,20220218,131026000,13:10:26,100.75,8430,40303,8495744550,0,0,0
T2203,20220218,20220218,131026500,13:10:26,100.75,8430,40303,8495744550,0,0,0
T2203,20220218,20220218,131027000,13:10:27,100.75,8430,40303,8495744550,0,0,0
T2203,20220218,20220218,131028000,13:10:28,100.75,8430,40303,8495744550,0,0,0
T2203,20220218,20220218,131028500,13:10:28,100.75,8430,40303,8495744550,0,0,0
T2203,20220218,20220218,131029500,13:10:29,100.75,8431,40303,8496752050,1,0,1007500
T2203,20220218,20220218,131030000,13:10:30,100.75,8438,40298,8503804550,7,-5,7052500
T2203,20220218,20220218,131030500,13:10:30,100.75,8438,40298,8503804550,0,0,0
T2203,20220218,20220218,131031000,13:10:31,100.745,8440,40297,8505819500,2,-1,2014950
T2203,20220218,20220218,131031500,13:10:31,100.745,8440,40297,8505819500,0,0,0
T2203,20220218,20220218,131032000,13:10:32,100.745,8440,40297,8505819500,0,0,0
T2203,20220218,20220218,131032500,13:10:32,100.745,8440,40297,8505819500,0,0,0
T2203,20220218,20220218,131033000,13:10:33,100.745,8441,40296,8506826950,1,-1,1007450
T2203,20220218,20220218,131033500,13:10:33,100.745,8441,40296,8506826950,0,0,0
T2203,20220218,20220218,131034000,13:10:34,100.745,8441,40296,8506826950,0,0,0
T2203,20220218,20220218,131034500,13:10:35,100.745,8441,40296,8506826950,0,0,0
T2203,20220218,20220218,131035000,13:10:35,100.745,8441,40296,8506826950,0,0,0
T2203,20220218,20220218,131035500,13:10:35,100.745,8444,40293,8509849300,3,-3,3022350
T2203,20220218,20220218,131036000,13:10:36,100.745,8447,40290,8512871650,3,-3,3022350
T2203,20220218,20220218,131038500,13:10:38,100.745,8447,40290,8512871650,0,0,0
T2203,20220218,20220218,131039000,13:10:39,100.745,8447,40290,8512871650,0,0,0
T2203,20220218,20220218,131042000,13:10:42,100.745,8447,40290,8512871650,0,0,0
T2203,20220218,20220218,131043500,13:10:43,100.745,8451,40288,8516901450,4,-2,4029800
T2203,20220218,20220218,131044000,13:10:44,100.745,8451,40288,8516901450,0,0,0
T2203,20220218,20220218,131044500,13:10:44,100.745,8451,40288,8516901450,0,0,0
T2203,20220218,20220218,131045000,13:10:45,100.74,8452,40288,8517908850,1,0,1007400
T2203,20220218,20220218,131045500,13:10:45,100.745,8454,40288,8519923750,2,0,2014900
T2203,20220218,20220218,131046000,13:10:46,100.745,8454,40288,8519923750,0,0,0
T2203,20220218,20220218,131046500,13:10:46,100.745,8454,40288,8519923750,0,0,0
T2203,20220218,20220218,131047000,13:10:47,100.745,8455,40287,8520931200,1,-1,1007450
T2203,20220218,20220218,131047500,13:10:47,100.745,8455,40287,8520931200,0,0,0
T2203,20220218,20220218,131048000,13:10:48,100.745,8455,40287,8520931200,0,0,0
T2203,20220218,20220218,131048500,13:10:48,100.745,8455,40287,8520931200,0,0,0
T2203,20220218,20220218,131049000,13:10:49,100.74,8456,40286,8521938600,1,-1,1007400
T2203,20220218,20220218,131049500,13:10:50,100.74,8457,40286,8522946000,1,0,1007400
T2203,20220218,20220218,131050000,13:10:50,100.74,8457,40286,8522946000,0,0,0
T2203,20220218,20220218,131050500,13:10:50,100.74,8457,40286,8522946000,0,0,0
T2203,20220218,20220218,131051000,13:10:51,100.74,8457,40286,8522946000,0,0,0
T2203,20220218,20220218,131051500,13:10:51,100.74,8457,40286,8522946000,0,0,0
T2203,20220218,20220218,131052000,13:10:52,100.74,8457,40286,8522946000,0,0,0
T2203,20220218,20220218,131052500,13:10:52,100.74,8457,40286,8522946000,0,0,0
T2203,20220218,20220218,131053000,13:10:53,100.74,8457,40286,8522946000,0,0,0
T2203,20220218,20220218,131053500,13:10:53,100.74,8457,40286,8522946000,0,0,0
T2203,20220218,20220218,131055500,13:10:55,100.74,8457,40286,8522946000,0,0,0
T2203,20220218,20220218,131056000,13:10:56,100.74,8457,40286,8522946000,0,0,0
T2203,20220218,20220218,131058000,13:10:58,100.745,8458,40285,8523953450,1,-1,1007450
T2203,20220218,20220218,131058500,13:10:58,100.745,8459,40284,8524960900,1,-1,1007450
T2203,20220218,20220218,131059000,13:10:59,100.745,8459,40284,8524960900,0,0,0
T2203,20220218,20220218,131059500,13:10:59,100.745,8459,40284,8524960900,0,0,0
T2203,20220218,20220218,131100000,13:11:00,100.745,8459,40284,8524960900,0,0,0
T2203,20220218,20220218,131104000,13:11:04,100.745,8459,40284,8524960900,0,0,0
T2203,20220218,20220218,131109500,13:11:09,100.745,8462,40281,8527983250,3,-3,3022350
T2203,20220218,20220218,131110000,13:11:10,100.745,8462,40281,8527983250,0,0,0
T2203,20220218,20220218,131110500,13:11:10,100.745,8462,40281,8527983250,0,0,0
T2203,20220218,20220218,131111000,13:11:11,100.745,8462,40281,8527983250,0,0,0
T2203,20220218,20220218,131113000,13:11:13,100.745,8462,40281,8527983250,0,0,0
T2203,20220218,20220218,131113500,13:11:13,100.745,8462,40281,8527983250,0,0,0
T2203,20220218,20220218,131114500,13:11:14,100.745,8462,40281,8527983250,0,0,0
T2203,20220218,20220218,131117000,13:11:17,100.745,8462,40281,8527983250,0,0,0
T2203,20220218,20220218,131117500,13:11:18,100.75,8463,40281,8528990750,1,0,1007500
T2203,20220218,20220218,131118000,13:11:18,100.75,8463,40281,8528990750,0,0,0
T2203,20220218,20220218,131118500,13:11:18,100.75,8463,40281,8528990750,0,0,0
T2203,20220218,20220218,131119000,13:11:19,100.75,8463,40281,8528990750,0,0,0
T2203,20220218,20220218,131119500,13:11:19,100.75,8463,40281,8528990750,0,0,0
T2203,20220218,20220218,131120000,13:11:20,100.75,8464,40281,8529998250,1,0,1007500
T2203,20220218,20220218,131120500,13:11:20,100.75,8464,40281,8529998250,0,0,0
T2203,20220218,20220218,131121000,13:11:21,100.75,8466,40279,8532013250,2,-2,2015000
T2203,20220218,20220218,131121500,13:11:21,100.75,8466,40279,8532013250,0,0,0
T2203,20220218,20220218,131122000,13:11:22,100.75,8466,40279,8532013250,0,0,0
T2203,20220218,20220218,131122500,13:11:23,100.75,8472,40277,8538058250,6,-2,6045000
T2203,20220218,20220218,131123000,13:11:23,100.75,8477,40275,8543095750,5,-2,5037500
T2203,20220218,20220218,131123500,13:11:23,100.75,8477,40275,8543095750,0,0,0
T2203,20220218,20220218,131124000,13:11:24,100.75,8477,40275,8543095750,0,0,0
T2203,20220218,20220218,131124500,13:11:24,100.75,8477,40275,8543095750,0,0,0
T2203,20220218,20220218,131125000,13:11:25,100.75,8477,40275,8543095750,0,0,0
T2203,20220218,20220218,131125500,13:11:25,100.755,8479,40274,8545110850,2,-1,2015100
T2203,20220218,20220218,131126000,13:11:26,100.755,8479,40274,8545110850,0,0,0
T2203,20220218,20220218,131126500,13:11:26,100.755,8479,40274,8545110850,0,0,0
T2203,20220218,20220218,131127000,13:11:27,100.755,8479,40274,8545110850,0,0,0
T2203,20220218,20220218,131127500,13:11:27,100.755,8479,40274,8545110850,0,0,0
T2203,20220218,20220218,131128000,13:11:28,100.75,8481,40275,8547125850,2,1,2015000
T2203,20220218,20220218,131128500,13:11:29,100.75,8481,40275,8547125850,0,0,0
T2203,20220218,20220218,131129000,13:11:29,100.75,8481,40275,8547125850,0,0,0
T2203,20220218,20220218,131129500,13:11:29,100.755,8482,40275,8548133400,1,0,1007550
T2203,20220218,20220218,131130000,13:11:30,100.755,8483,40275,8549140950,1,0,1007550
T2203,20220218,20220218,131130500,13:11:30,100.755,8484,40276,8550148500,1,1,1007550
T2203,20220218,20220218,131131000,13:11:31,100.755,8487,40274,8553171150,3,-2,3022650
T2203,20220218,20220218,131131500,13:11:31,100.755,8489,40274,8555186250,2,0,2015100
T2203,20220218,20220218,131132000,13:11:32,100.755,8489,40274,8555186250,0,0,0
T2203,20220218,20220218,131132500,13:11:32,100.755,8489,40274,8555186250,0,0,0
T2203,20220218,20220218,131133000,13:11:33,100.755,8489,40274,8555186250,0,0,0
T2203,20220218,20220218,131133500,13:11:33,100.755,8489,40274,8555186250,0,0,0
T2203,20220218,20220218,131134500,13:11:34,100.755,8492,40275,8558208900,3,1,3022650
T2203,20220218,20220218,131135500,13:11:35,100.755,8495,40276,8561231550,3,1,3022650
T2203,20220218,20220218,131136000,13:11:36,100.755,8495,40276,8561231550,0,0,0
T2203,20220218,20220218,131136500,13:11:36,100.755,8495,40276,8561231550,0,0,0
T2203,20220218,20220218,131137000,13:11:37,100.75,8496,40276,8562239050,1,0,1007500
T2203,20220218,20220218,131137500,13:11:37,100.75,8496,40276,8562239050,0,0,0
T2203,20220218,20220218,131138000,13:11:38,100.75,8496,40276,8562239050,0,0,0
T2203,20220218,20220218,131138500,13:11:38,100.75,8497,40275,8563246550,1,-1,1007500
T2203,20220218,20220218,131139000,13:11:39,100.75,8497,40275,8563246550,0,0,0
T2203,20220218,20220218,131139500,13:11:39,100.75,8497,40275,8563246550,0,0,0
T2203,20220218,20220218,131140500,13:11:40,100.75,8497,40275,8563246550,0,0,0
T2203,20220218,20220218,131144000,13:11:44,100.75,8497,40275,8563246550,0,0,0
T2203,20220218,20220218,131146000,13:11:46,100.75,8497,40275,8563246550,0,0,0
T2203,20220218,20220218,131148000,13:11:48,100.75,8497,40275,8563246550,0,0,0
T2203,20220218,20220218,131148500,13:11:48,100.75,8497,40275,8563246550,0,0,0
T2203,20220218,20220218,131149000,13:11:49,100.75,8497,40275,8563246550,0,0,0
T2203,20220218,20220218,131149500,13:11:49,100.755,8499,40274,8565261650,2,-1,2015100
T2203,20220218,20220218,131150000,13:11:50,100.755,8499,40274,8565261650,0,0,0
T2203,20220218,20220218,131150500,13:11:50,100.755,8499,40274,8565261650,0,0,0
T2203,20220218,20220218,131152000,13:11:52,100.755,8499,40274,8565261650,0,0,0
T2203,20220218,20220218,131155000,13:11:55,100.75,8500,40273,8566269150,1,-1,1007500
T2203,20220218,20220218,131155500,13:11:55,100.75,8500,40273,8566269150,0,0,0
T2203,20220218,20220218,131157500,13:11:57,100.75,8500,40273,8566269150,0,0,0
T2203,20220218,20220218,131203000,13:12:03,100.75,8500,40273,8566269150,0,0,0
T2203,20220218,20220218,131203500,13:12:03,100.755,8503,40272,8569291800,3,-1,3022650
T2203,20220218,20220218,131204000,13:12:04,100.755,8504,40272,8570299350,1,0,1007550
T2203,20220218,20220218,131204500,13:12:04,100.755,8504,40272,8570299350,0,0,0
T2203,20220218,20220218,131205500,13:12:05,100.755,8504,40272,8570299350,0,0,0
T2203,20220218,20220218,131206000,13:12:06,100.755,8505,40273,8571306900,1,1,1007550
T2203,20220218,20220218,131206500,13:12:06,100.755,8505,40273,8571306900,0,0,0
T2203,20220218,20220218,131207000,13:12:07,100.755,8505,40273,8571306900,0,0,0
T2203,20220218,20220218,131207500,13:12:07,100.755,8505,40273,8571306900,0,0,0
T2203,20220218,20220218,131208000,13:12:08,100.755,8505,40273,8571306900,0,0,0
T2203,20220218,20220218,131209000,13:12:09,100.755,8505,40273,8571306900,0,0,0
T2203,20220218,20220218,131210000,13:12:10,100.755,8505,40273,8571306900,0,0,0
T2203,20220218,20220218,131210500,13:12:10,100.755,8505,40273,8571306900,0,0,0
T2203,20220218,20220218,131212000,13:12:12,100.755,8505,40273,8571306900,0,0,0
T2203,20220218,20220218,131212500,13:12:12,100.755,8505,40273,8571306900,0,0,0
T2203,20220218,20220218,131214000,13:12:14,100.755,8505,40273,8571306900,0,0,0
T2203,20220218,20220218,131215000,13:12:15,100.755,8505,40273,8571306900,0,0,0
T2203,20220218,20220218,131216000,13:12:16,100.755,8505,40273,8571306900,0,0,0
T2203,20220218,20220218,131216500,13:12:16,100.755,8505,40273,8571306900,0,0,0
T2203,20220218,20220218,131217000,13:12:17,100.76,8515,40273,8581382900,10,0,10076000
T2203,20220218,20220218,131217500,13:12:17,100.76,8515,40273,8581382900,0,0,0
T2203,20220218,20220218,131218000,13:12:18,100.76,8515,40273,8581382900,0,0,0
T2203,20220218,20220218,131218500,13:12:18,100.76,8515,40273,8581382900,0,0,0
T2203,20220218,20220218,131219000,13:12:19,100.76,8515,40273,8581382900,0,0,0
T2203,20220218,20220218,131219500,13:12:19,100.76,8515,40273,8581382900,0,0,0
T2203,20220218,20220218,131220000,13:12:20,100.76,8515,40273,8581382900,0,0,0
T2203,20220218,20220218,131220500,13:12:20,100.76,8515,40273,8581382900,0,0,0
T2203,20220218,20220218,131221000,13:12:21,100.76,8515,40273,8581382900,0,0,0
T2203,20220218,20220218,131229000,13:12:29,100.76,8515,40273,8581382900,0,0,0
T2203,20220218,20220218,131229500,13:12:29,100.76,8515,40273,8581382900,0,0,0
T2203,20220218,20220218,131230000,13:12:30,100.76,8517,40272,8583398100,2,-1,2015200
T2203,20220218,20220218,131230500,13:12:30,100.76,8517,40272,8583398100,0,0,0
T2203,20220218,20220218,131231500,13:12:31,100.76,8517,40272,8583398100,0,0,0
T2203,20220218,20220218,131232000,13:12:32,100.76,8517,40272,8583398100,0,0,0
T2203,20220218,20220218,131232500,13:12:32,100.76,8517,40272,8583398100,0,0,0
T2203,20220218,20220218,131239000,13:12:39,100.76,8517,40272,8583398100,0,0,0
T2203,20220218,20220218,131239500,13:12:39,100.76,8517,40272,8583398100,0,0,0
T2203,20220218,20220218,131240000,13:12:40,100.76,8519,40274,8585413300,2,2,2015200
T2203,20220218,20220218,131240500,13:12:40,100.76,8519,40274,8585413300,0,0,0
T2203,20220218,20220218,131241000,13:12:41,100.76,8519,40274,8585413300,0,0,0
T2203,20220218,20220218,131241500,13:12:41,100.76,8519,40274,8585413300,0,0,0
T2203,20220218,20220218,131242000,13:12:42,100.76,8519,40274,8585413300,0,0,0
T2203,20220218,20220218,131247000,13:12:47,100.76,8519,40274,8585413300,0,0,0
T2203,20220218,20220218,131247500,13:12:47,100.755,8530,40272,8596496350,11,-2,11083050
T2203,20220218,20220218,131248000,13:12:48,100.755,8530,40272,8596496350,0,0,0
T2203,20220218,20220218,131248500,13:12:48,100.755,8530,40272,8596496350,0,0,0
T2203,20220218,20220218,131249000,13:12:49,100.75,8531,40273,8597503850,1,1,1007500
T2203,20220218,20220218,131249500,13:12:49,100.75,8531,40273,8597503850,0,0,0
T2203,20220218,20220218,131250000,13:12:50,100.75,8531,40273,8597503850,0,0,0
T2203,20220218,20220218,131250500,13:12:50,100.75,8531,40273,8597503850,0,0,0
T2203,20220218,20220218,131251000,13:12:51,100.75,8532,40273,8598511350,1,0,1007500
T2203,20220218,20220218,131252500,13:12:52,100.75,8532,40273,8598511350,0,0,0
T2203,20220218,20220218,131255000,13:12:55,100.75,8532,40273,8598511350,0,0,0
T2203,20220218,20220218,131255500,13:12:55,100.75,8532,40273,8598511350,0,0,0
T2203,20220218,20220218,131256000,13:12:56,100.75,8532,40273,8598511350,0,0,0
T2203,20220218,20220218,131301500,13:13:01,100.75,8532,40273,8598511350,0,0,0
T2203,20220218,20220218,131302000,13:13:02,100.75,8532,40273,8598511350,0,0,0
T2203,20220218,20220218,131302500,13:13:02,100.75,8532,40273,8598511350,0,0,0
T2203,20220218,20220218,131307000,13:13:07,100.75,8533,40272,8599518850,1,-1,1007500
T2203,20220218,20220218,131307500,13:13:07,100.75,8535,40271,8601533850,2,-1,2015000
T2203,20220218,20220218,131310500,13:13:10,100.75,8535,40271,8601533850,0,0,0
T2203,20220218,20220218,131311000,13:13:11,100.75,8535,40271,8601533850,0,0,0
T2203,20220218,20220218,131312000,13:13:12,100.75,8535,40271,8601533850,0,0,0
T2203,20220218,20220218,131317500,13:13:17,100.75,8536,40270,8602541350,1,-1,1007500
T2203,20220218,20220218,131318000,13:13:18,100.75,8536,40270,8602541350,0,0,0
T2203,20220218,20220218,131322000,13:13:22,100.75,8536,40270,8602541350,0,0,0
T2203,20220218,20220218,131322500,13:13:22,100.75,8536,40270,8602541350,0,0,0
T2203,20220218,20220218,131328000,13:13:28,100.75,8536,40270,8602541350,0,0,0
T2203,20220218,20220218,131331000,13:13:31,100.75,8536,40270,8602541350,0,0,0
T2203,20220218,20220218,131331500,13:13:31,100.75,8536,40270,8602541350,0,0,0
T2203,20220218,20220218,131333000,13:13:33,100.755,8537,40271,8603548900,1,1,1007550
T2203,20220218,20220218,131333500,13:13:33,100.755,8538,40270,8604556450,1,-1,1007550
T2203,20220218,20220218,131340500,13:13:40,100.755,8538,40270,8604556450,0,0,0
T2203,20220218,20220218,131346000,13:13:46,100.755,8541,40269,8607579100,3,-1,3022650
T2203,20220218,20220218,131346500,13:13:46,100.75,8558,40264,8624706600,17,-5,17127500
T2203,20220218,20220218,131347000,13:13:47,100.75,8562,40262,8628736600,4,-2,4030000
T2203,20220218,20220218,131347500,13:13:47,100.75,8563,40262,8629744100,1,0,1007500
T2203,20220218,20220218,131348000,13:13:48,100.75,8563,40262,8629744100,0,0,0
T2203,20220218,20220218,131349000,13:13:49,100.75,8563,40262,8629744100,0,0,0
T2203,20220218,20220218,131349500,13:13:49,100.75,8563,40262,8629744100,0,0,0
T2203,20220218,20220218,131350000,13:13:50,100.75,8563,40262,8629744100,0,0,0
T2203,20220218,20220218,131351000,13:13:51,100.75,8563,40262,8629744100,0,0,0
T2203,20220218,20220218,131351500,13:13:51,100.75,8563,40262,8629744100,0,0,0
T2203,20220218,20220218,131355500,13:13:55,100.75,8563,40262,8629744100,0,0,0
T2203,20220218,20220218,131356000,13:13:56,100.75,8563,40262,8629744100,0,0,0
T2203,20220218,20220218,131357500,13:13:57,100.75,8563,40262,8629744100,0,0,0
T2203,20220218,20220218,131358500,13:13:58,100.75,8567,40260,8633774100,4,-2,4030000
T2203,20220218,20220218,131359000,13:13:59,100.75,8567,40260,8633774100,0,0,0
T2203,20220218,20220218,131401500,13:14:01,100.75,8567,40260,8633774100,0,0,0
T2203,20220218,20220218,131402000,13:14:02,100.75,8575,40258,8641834100,8,-2,8060000
T2203,20220218,20220218,131402500,13:14:02,100.75,8575,40258,8641834100,0,0,0
T2203,20220218,20220218,131403000,13:14:03,100.75,8575,40258,8641834100,0,0,0
T2203,20220218,20220218,131403500,13:14:03,100.75,8575,40258,8641834100,0,0,0
T2203,20220218,20220218,131406000,13:14:06,100.75,8575,40258,8641834100,0,0,0
T2203,20220218,20220218,131406500,13:14:06,100.75,8575,40258,8641834100,0,0,0
T2203,20220218,20220218,131407500,13:14:07,100.75,8578,40256,8644856600,3,-2,3022500
T2203,20220218,20220218,131408000,13:14:08,100.75,8578,40256,8644856600,0,0,0
T2203,20220218,20220218,131408500,13:14:08,100.75,8578,40256,8644856600,0,0,0
T2203,20220218,20220218,131409000,13:14:09,100.75,8578,40256,8644856600,0,0,0
T2203,20220218,20220218,131410500,13:14:10,100.75,8581,40253,8647879100,3,-3,3022500
T2203,20220218,20220218,131411000,13:14:11,100.75,8581,40253,8647879100,0,0,0
T2203,20220218,20220218,131416000,13:14:16,100.75,8581,40253,8647879100,0,0,0
T2203,20220218,20220218,131417000,13:14:17,100.75,8581,40253,8647879100,0,0,0
T2203,20220218,20220218,131422000,13:14:22,100.75,8581,40253,8647879100,0,0,0
T2203,20220218,20220218,131423000,13:14:23,100.75,8581,40253,8647879100,0,0,0
T2203,20220218,20220218,131430500,13:14:30,100.75,8581,40253,8647879100,0,0,0
T2203,20220218,20220218,131431000,13:14:31,100.75,8582,40252,8648886600,1,-1,1007500
T2203,20220218,20220218,131440000,13:14:40,100.75,8582,40252,8648886600,0,0,0
T2203,20220218,20220218,131451500,13:14:51,100.755,8588,40253,8654931900,6,1,6045300
T2203,20220218,20220218,131452000,13:14:52,100.755,8588,40253,8654931900,0,0,0
T2203,20220218,20220218,131452500,13:14:52,100.755,8588,40253,8654931900,0,0,0
T2203,20220218,20220218,131453000,13:14:53,100.755,8588,40253,8654931900,0,0,0
T2203,20220218,20220218,131455500,13:14:55,100.755,8591,40251,8657954550,3,-2,3022650
T2203,20220218,20220218,131456000,13:14:56,100.755,8591,40251,8657954550,0,0,0
T2203,20220218,20220218,131457000,13:14:57,100.755,8591,40251,8657954550,0,0,0
T2203,20220218,20220218,131457500,13:14:57,100.755,8591,40251,8657954550,0,0,0
T2203,20220218,20220218,131458000,13:14:58,100.755,8592,40250,8658962100,1,-1,1007550
T2203,20220218,20220218,131458500,13:14:58,100.755,8592,40250,8658962100,0,0,0
T2203,20220218,20220218,131459000,13:14:59,100.755,8592,40250,8658962100,0,0,0
T2203,20220218,20220218,131459500,13:14:59,100.755,8592,40250,8658962100,0,0,0
T2203,20220218,20220218,131500000,13:15:00,100.755,8594,40250,8660977200,2,0,2015100
T2203,20220218,20220218,131501500,13:15:01,100.755,8594,40250,8660977200,0,0,0
T2203,20220218,20220218,131502000,13:15:02,100.755,8594,40250,8660977200,0,0,0
T2203,20220218,20220218,131503000,13:15:03,100.75,8595,40249,8661984700,1,-1,1007500
T2203,20220218,20220218,131503500,13:15:03,100.75,8595,40249,8661984700,0,0,0
T2203,20220218,20220218,131504500,13:15:04,100.75,8595,40249,8661984700,0,0,0
T2203,20220218,20220218,131505000,13:15:05,100.75,8595,40249,8661984700,0,0,0
T2203,20220218,20220218,131505500,13:15:05,100.75,8595,40249,8661984700,0,0,0
T2203,20220218,20220218,131506000,13:15:06,100.75,8595,40249,8661984700,0,0,0
T2203,20220218,20220218,131506500,13:15:06,100.75,8595,40249,8661984700,0,0,0
T2203,20220218,20220218,131510500,13:15:10,100.755,8600,40252,8667022450,5,3,5037750
T2203,20220218,20220218,131511000,13:15:11,100.755,8601,40252,8668030000,1,0,1007550
T2203,20220218,20220218,131511500,13:15:11,100.755,8601,40252,8668030000,0,0,0
T2203,20220218,20220218,131512000,13:15:12,100.755,8602,40253,8669037550,1,1,1007550
T2203,20220218,20220218,131512500,13:15:12,100.755,8602,40253,8669037550,0,0,0
T2203,20220218,20220218,131513000,13:15:13,100.755,8602,40253,8669037550,0,0,0
T2203,20220218,20220218,131513500,13:15:13,100.755,8602,40253,8669037550,0,0,0
T2203,20220218,20220218,131516000,13:15:16,100.76,8607,40256,8674075550,5,3,5038000
T2203,20220218,20220218,131517000,13:15:17,100.76,8609,40257,8676090750,2,1,2015200
T2203,20220218,20220218,131517500,13:15:17,100.755,8613,40258,8680121100,4,1,4030350
T2203,20220218,20220218,131518000,13:15:18,100.755,8615,40259,8682136200,2,1,2015100
T2203,20220218,20220218,131518500,13:15:18,100.755,8615,40259,8682136200,0,0,0
T2203,20220218,20220218,131519000,13:15:19,100.755,8615,40259,8682136200,0,0,0
T2203,20220218,20220218,131519500,13:15:19,100.755,8615,40259,8682136200,0,0,0
T2203,20220218,20220218,131520500,13:15:20,100.755,8622,40254,8689189050,7,-5,7052850
T2203,20220218,20220218,131521000,13:15:21,100.755,8622,40254,8689189050,0,0,0
T2203,20220218,20220218,131521500,13:15:21,100.755,8623,40254,8690196600,1,0,1007550
T2203,20220218,20220218,131522000,13:15:22,100.755,8630,40253,8697249450,7,-1,7052850
T2203,20220218,20220218,131522500,13:15:22,100.755,8630,40253,8697249450,0,0,0
T2203,20220218,20220218,131523000,13:15:23,100.755,8631,40253,8698257000,1,0,1007550
T2203,20220218,20220218,131523500,13:15:23,100.755,8631,40253,8698257000,0,0,0
T2203,20220218,20220218,131524000,13:15:24,100.755,8631,40253,8698257000,0,0,0
T2203,20220218,20220218,131524500,13:15:24,100.755,8631,40253,8698257000,0,0,0
T2203,20220218,20220218,131526000,13:15:26,100.755,8632,40253,8699264550,1,0,1007550
T2203,20220218,20220218,131526500,13:15:26,100.755,8641,40253,8708332500,9,0,9067950
T2203,20220218,20220218,131527000,13:15:27,100.755,8642,40253,8709340050,1,0,1007550
T2203,20220218,20220218,131527500,13:15:27,100.755,8642,40253,8709340050,0,0,0
T2203,20220218,20220218,131528000,13:15:28,100.755,8642,40253,8709340050,0,0,0
T2203,20220218,20220218,131528500,13:15:28,100.755,8642,40253,8709340050,0,0,0
T2203,20220218,20220218,131529000,13:15:29,100.755,8642,40253,8709340050,0,0,0
T2203,20220218,20220218,131529500,13:15:29,100.755,8642,40253,8709340050,0,0,0
T2203,20220218,20220218,131530000,13:15:30,100.755,8645,40251,8712362700,3,-2,3022650
T2203,20220218,20220218,131530500,13:15:30,100.755,8646,40251,8713370250,1,0,1007550
T2203,20220218,20220218,131531000,13:15:31,100.755,8646,40251,8713370250,0,0,0
T2203,20220218,20220218,131532000,13:15:32,100.755,8646,40251,8713370250,0,0,0
T2203,20220218,20220218,131532500,13:15:32,100.755,8646,40251,8713370250,0,0,0
T2203,20220218,20220218,131533000,13:15:33,100.755,8646,40251,8713370250,0,0,0
T2203,20220218,20220218,131533500,13:15:33,100.755,8646,40251,8713370250,0,0,0
T2203,20220218,20220218,131534000,13:15:34,100.755,8646,40251,8713370250,0,0,0
T2203,20220218,20220218,131534500,13:15:34,100.755,8646,40251,8713370250,0,0,0
T2203,20220218,20220218,131536500,13:15:36,100.755,8648,40252,8715385350,2,1,2015100
T2203,20220218,20220218,131537000,13:15:37,100.755,8649,40252,8716392900,1,0,1007550
T2203,20220218,20220218,131537500,13:15:37,100.755,8649,40252,8716392900,0,0,0
T2203,20220218,20220218,131541500,13:15:41,100.755,8649,40252,8716392900,0,0,0
T2203,20220218,20220218,131542000,13:15:42,100.755,8649,40252,8716392900,0,0,0
T2203,20220218,20220218,131542500,13:15:42,100.755,8649,40252,8716392900,0,0,0
T2203,20220218,20220218,131545500,13:15:45,100.76,8650,40252,8717400500,1,0,1007600
T2203,20220218,20220218,131547500,13:15:47,100.76,8651,40252,8718408100,1,0,1007600
T2203,20220218,20220218,131548000,13:15:48,100.76,8652,40253,8719415700,1,1,1007600
T2203,20220218,20220218,131548500,13:15:48,100.76,8654,40255,8721430900,2,2,2015200
T2203,20220218,20220218,131549000,13:15:49,100.765,8656,40255,8723446200,2,0,2015300
T2203,20220218,20220218,131549500,13:15:49,100.765,8659,40255,8726469150,3,0,3022950
T2203,20220218,20220218,131550000,13:15:50,100.765,8659,40255,8726469150,0,0,0
T2203,20220218,20220218,131550500,13:15:50,100.76,8663,40252,8730499550,4,-3,4030400
T2203,20220218,20220218,131551000,13:15:51,100.76,8663,40252,8730499550,0,0,0
T2203,20220218,20220218,131551500,13:15:51,100.765,8665,40253,8732514800,2,1,2015250
T2203,20220218,20220218,131552000,13:15:52,100.765,8667,40253,8734530100,2,0,2015300
T2203,20220218,20220218,131552500,13:15:53,100.765,8667,40253,8734530100,0,0,0
T2203,20220218,20220218,131553000,13:15:53,100.765,8667,40253,8734530100,0,0,0
T2203,20220218,20220218,131553500,13:15:53,100.765,8667,40253,8734530100,0,0,0
T2203,20220218,20220218,131554000,13:15:54,100.765,8670,40253,8737553050,3,0,3022950
T2203,20220218,20220218,131554500,13:15:54,100.765,8671,40254,8738560700,1,1,1007650
T2203,20220218,20220218,131555000,13:15:55,100.765,8674,40253,8741583650,3,-1,3022950
T2203,20220218,20220218,131555500,13:15:55,100.765,8680,40250,8747629550,6,-3,6045900
T2203,20220218,20220218,131556000,13:15:56,100.765,8682,40250,8749644850,2,0,2015300
T2203,20220218,20220218,131556500,13:15:56,100.765,8684,40250,8751660150,2,0,2015300
T2203,20220218,20220218,131557000,13:15:57,100.765,8686,40251,8753675450,2,1,2015300
T2203,20220218,20220218,131557500,13:15:57,100.765,8686,40251,8753675450,0,0,0
T2203,20220218,20220218,131558000,13:15:58,100.765,8686,40251,8753675450,0,0,0
T2203,20220218,20220218,131558500,13:15:58,100.765,8687,40252,8754683100,1,1,1007650
T2203,20220218,20220218,131559000,13:15:59,100.765,8687,40252,8754683100,0,0,0
T2203,20220218,20220218,131559500,13:15:59,100.765,8688,40252,8755690750,1,0,1007650
T2203,20220218,20220218,131600000,13:16:00,100.765,8688,40252,8755690750,0,0,0
T2203,20220218,20220218,131600500,13:16:00,100.765,8688,40252,8755690750,0,0,0
T2203,20220218,20220218,131601000,13:16:01,100.765,8688,40252,8755690750,0,0,0
T2203,20220218,20220218,131602000,13:16:02,100.765,8688,40252,8755690750,0,0,0
T2203,20220218,20220218,131602500,13:16:03,100.765,8688,40252,8755690750,0,0,0
T2203,20220218,20220218,131604500,13:16:04,100.765,8688,40252,8755690750,0,0,0
T2203,20220218,20220218,131605000,13:16:05,100.765,8688,40252,8755690750,0,0,0
T2203,20220218,20220218,131616500,13:16:16,100.765,8688,40252,8755690750,0,0,0
T2203,20220218,20220218,131622500,13:16:22,100.765,8688,40252,8755690750,0,0,0
T2203,20220218,20220218,131623000,13:16:23,100.765,8688,40252,8755690750,0,0,0
T2203,20220218,20220218,131626000,13:16:26,100.765,8688,40252,8755690750,0,0,0
T2203,20220218,20220218,131626500,13:16:26,100.76,8691,40250,8758713550,3,-2,3022800
T2203,20220218,20220218,131627000,13:16:27,100.76,8694,40248,8761736350,3,-2,3022800
T2203,20220218,20220218,131627500,13:16:28,100.76,8698,40248,8765766750,4,0,4030400
T2203,20220218,20220218,131628000,13:16:28,100.76,8698,40248,8765766750,0,0,0
T2203,20220218,20220218,131628500,13:16:28,100.76,8699,40247,8766774350,1,-1,1007600
T2203,20220218,20220218,131629000,13:16:29,100.76,8699,40247,8766774350,0,0,0
T2203,20220218,20220218,131630000,13:16:30,100.76,8699,40247,8766774350,0,0,0
T2203,20220218,20220218,131630500,13:16:30,100.765,8705,40242,8772820250,6,-5,6045900
T2203,20220218,20220218,131631000,13:16:31,100.76,8706,40241,8773827850,1,-1,1007600
T2203,20220218,20220218,131631500,13:16:31,100.76,8706,40241,8773827850,0,0,0
T2203,20220218,20220218,131632500,13:16:32,100.76,8710,40238,8777858250,4,-3,4030400
T2203,20220218,20220218,131633000,13:16:33,100.76,8714,40238,8781888650,4,0,4030400
T2203,20220218,20220218,131633500,13:16:33,100.76,8714,40238,8781888650,0,0,0
T2203,20220218,20220218,131634000,13:16:34,100.76,8714,40238,8781888650,0,0,0
T2203,20220218,20220218,131636000,13:16:36,100.755,8715,40238,8782896200,1,0,1007550
T2203,20220218,20220218,131636500,13:16:36,100.755,8715,40238,8782896200,0,0,0
T2203,20220218,20220218,131637000,13:16:37,100.755,8715,40238,8782896200,0,0,0
T2203,20220218,20220218,131637500,13:16:37,100.755,8715,40238,8782896200,0,0,0
T2203,20220218,20220218,131638000,13:16:38,100.755,8715,40238,8782896200,0,0,0
T2203,20220218,20220218,131638500,13:16:38,100.755,8715,40238,8782896200,0,0,0
T2203,20220218,20220218,131639000,13:16:39,100.755,8715,40238,8782896200,0,0,0
T2203,20220218,20220218,131639500,13:16:39,100.755,8715,40238,8782896200,0,0,0
T2203,20220218,20220218,131640000,13:16:40,100.755,8715,40238,8782896200,0,0,0
T2203,20220218,20220218,131641000,13:16:41,100.755,8715,40238,8782896200,0,0,0
T2203,20220218,20220218,131645500,13:16:45,100.755,8724,40233,8791964150,9,-5,9067950
T2203,20220218,20220218,131646000,13:16:46,100.755,8725,40232,8792971700,1,-1,1007550
T2203,20220218,20220218,131646500,13:16:46,100.755,8725,40232,8792971700,0,0,0
T2203,20220218,20220218,131647000,13:16:47,100.755,8725,40232,8792971700,0,0,0
T2203,20220218,20220218,131647500,13:16:47,100.755,8725,40232,8792971700,0,0,0
T2203,20220218,20220218,131648000,13:16:48,100.755,8729,40234,8797001900,4,2,4030200
T2203,20220218,20220218,131648500,13:16:48,100.755,8730,40235,8798009450,1,1,1007550
T2203,20220218,20220218,131649000,13:16:49,100.755,8738,40238,8806069850,8,3,8060400
T2203,20220218,20220218,131649500,13:16:49,100.76,8739,40238,8807077450,1,0,1007600
T2203,20220218,20220218,131650000,13:16:50,100.76,8751,40243,8819168650,12,5,12091200
T2203,20220218,20220218,131650500,13:16:50,100.76,8761,40242,8829244650,10,-1,10076000
T2203,20220218,20220218,131651000,13:16:51,100.76,8764,40243,8832267450,3,1,3022800
T2203,20220218,20220218,131651500,13:16:52,100.765,8767,40244,8835290400,3,1,3022950
T2203,20220218,20220218,131652000,13:16:52,100.76,8776,40249,8844358800,9,5,9068400
T2203,20220218,20220218,131652500,13:16:52,100.765,8780,40252,8848389300,4,3,4030500
T2203,20220218,20220218,131653000,13:16:53,100.765,8782,40253,8850404600,2,1,2015300
T2203,20220218,20220218,131653500,13:16:53,100.765,8782,40253,8850404600,0,0,0
T2203,20220218,20220218,131654000,13:16:54,100.76,8790,40261,8858465400,8,8,8060800
T2203,20220218,20220218,131654500,13:16:54,100.76,8792,40263,8860480600,2,2,2015200
T2203,20220218,20220218,131655000,13:16:55,100.765,8796,40267,8864511150,4,4,4030550
T2203,20220218,20220218,131655500,13:16:55,100.765,8799,40267,8867534100,3,0,3022950
T2203,20220218,20220218,131656000,13:16:56,100.765,8799,40267,8867534100,0,0,0
T2203,20220218,20220218,131656500,13:16:56,100.765,8801,40267,8869549400,2,0,2015300
T2203,20220218,20220218,131657000,13:16:57,100.765,8801,40267,8869549400,0,0,0
T2203,20220218,20220218,131657500,13:16:57,100.765,8801,40267,8869549400,0,0,0
T2203,20220218,20220218,131659500,13:16:59,100.76,8810,40276,8878617800,9,9,9068400
T2203,20220218,20220218,131700000,13:17:00,100.76,8810,40276,8878617800,0,0,0
T2203,20220218,20220218,131700500,13:17:00,100.76,8810,40276,8878617800,0,0,0
T2203,20220218,20220218,131701000,13:17:01,100.76,8810,40276,8878617800,0,0,0
T2203,20220218,20220218,131701500,13:17:01,100.76,8810,40276,8878617800,0,0,0
T2203,20220218,20220218,131702000,13:17:02,100.76,8810,40276,8878617800,0,0,0
T2203,20220218,20220218,131702500,13:17:02,100.755,8811,40276,8879625350,1,0,1007550
T2203,20220218,20220218,131703000,13:17:03,100.755,8811,40276,8879625350,0,0,0
T2203,20220218,20220218,131705500,13:17:05,100.755,8811,40276,8879625350,0,0,0
T2203,20220218,20220218,131708000,13:17:08,100.755,8811,40276,8879625350,0,0,0
T2203,20220218,20220218,131709500,13:17:09,100.755,8811,40276,8879625350,0,0,0
T2203,20220218,20220218,131710500,13:17:10,100.755,8811,40276,8879625350,0,0,0
T2203,20220218,20220218,131711000,13:17:11,100.755,8811,40276,8879625350,0,0,0
T2203,20220218,20220218,131711500,13:17:11,100.76,8813,40277,8881640550,2,1,2015200
T2203,20220218,20220218,131712000,13:17:12,100.76,8815,40279,8883655750,2,2,2015200
T2203,20220218,20220218,131712500,13:17:12,100.76,8818,40281,8886678550,3,2,3022800
T2203,20220218,20220218,131713000,13:17:13,100.765,8820,40281,8888693850,2,0,2015300
T2203,20220218,20220218,131713500,13:17:13,100.765,8820,40281,8888693850,0,0,0
T2203,20220218,20220218,131714000,13:17:14,100.765,8822,40283,8890709150,2,2,2015300
T2203,20220218,20220218,131714500,13:17:14,100.76,8829,40281,8897762350,7,-2,7053200
T2203,20220218,20220218,131715000,13:17:15,100.76,8830,40282,8898769950,1,1,1007600
T2203,20220218,20220218,131715500,13:17:15,100.76,8832,40283,8900785150,2,1,2015200
T2203,20220218,20220218,131716000,13:17:16,100.765,8835,40286,8903808100,3,3,3022950
T2203,20220218,20220218,131716500,13:17:16,100.76,8840,40288,8908846100,5,2,5038000
T2203,20220218,20220218,131717000,13:17:17,100.765,8846,40291,8914891850,6,3,6045750
T2203,20220218,20220218,131717500,13:17:17,100.76,8850,40293,8918922250,4,2,4030400
T2203,20220218,20220218,131718000,13:17:18,100.76,8853,40295,8921945050,3,2,3022800
T2203,20220218,20220218,131718500,13:17:18,100.765,8857,40296,8925975500,4,1,4030450
T2203,20220218,20220218,131719000,13:17:19,100.76,8862,40298,8931013500,5,2,5038000
T2203,20220218,20220218,131719500,13:17:19,100.76,8863,40299,8932021100,1,1,1007600
T2203,20220218,20220218,131720000,13:17:20,100.76,8866,40301,8935043900,3,2,3022800
T2203,20220218,20220218,131720500,13:17:20,100.76,8871,40304,8940081900,5,3,5038000
T2203,20220218,20220218,131721000,13:17:21,100.76,8872,40305,8941089500,1,1,1007600
T2203,20220218,20220218,131721500,13:17:21,100.765,8876,40308,8945120000,4,3,4030500
T2203,20220218,20220218,131722000,13:17:22,100.76,8880,40309,8949150400,4,1,4030400
T2203,20220218,20220218,131722500,13:17:22,100.76,8883,40312,8952173200,3,3,3022800
T2203,20220218,20220218,131723000,13:17:23,100.76,8887,40314,8956203600,4,2,4030400
T2203,20220218,20220218,131723500,13:17:23,100.765,8889,40314,8958218850,2,0,2015250
T2203,20220218,20220218,131724000,13:17:24,100.765,8890,40314,8959226500,1,0,1007650
T2203,20220218,20220218,131724500,13:17:24,100.765,8890,40314,8959226500,0,0,0
T2203,20220218,20220218,131725000,13:17:25,100.765,8890,40314,8959226500,0,0,0
T2203,20220218,20220218,131725500,13:17:25,100.765,8891,40315,8960234150,1,1,1007650
T2203,20220218,20220218,131726000,13:17:26,100.765,8891,40315,8960234150,0,0,0
T2203,20220218,20220218,131733000,13:17:33,100.765,8891,40315,8960234150,0,0,0
T2203,20220218,20220218,131733500,13:17:33,100.765,8891,40315,8960234150,0,0,0
T2203,20220218,20220218,131734000,13:17:34,100.765,8891,40315,8960234150,0,0,0
T2203,20220218,20220218,131735500,13:17:35,100.765,8892,40315,8961241800,1,0,1007650
T2203,20220218,20220218,131736000,13:17:36,100.77,8895,40315,8964264850,3,0,3023050
T2203,20220218,20220218,131736500,13:17:36,100.77,8897,40315,8966280250,2,0,2015400
T2203,20220218,20220218,131737000,13:17:37,100.765,8898,40315,8967287900,1,0,1007650
T2203,20220218,20220218,131737500,13:17:37,100.765,8898,40315,8967287900,0,0,0
T2203,20220218,20220218,131738000,13:17:38,100.765,8898,40315,8967287900,0,0,0
T2203,20220218,20220218,131738500,13:17:39,100.765,8898,40315,8967287900,0,0,0
T2203,20220218,20220218,131739000,13:17:39,100.765,8898,40315,8967287900,0,0,0
T2203,20220218,20220218,131739500,13:17:39,100.765,8898,40315,8967287900,0,0,0
T2203,20220218,20220218,131740000,13:17:40,100.76,8899,40316,8968295500,1,1,1007600
T2203,20220218,20220218,131740500,13:17:40,100.76,8899,40316,8968295500,0,0,0
T2203,20220218,20220218,131741000,13:17:41,100.76,8899,40316,8968295500,0,0,0
T2203,20220218,20220218,131741500,13:17:41,100.76,8899,40316,8968295500,0,0,0
T2203,20220218,20220218,131742000,13:17:42,100.76,8899,40316,8968295500,0,0,0
T2203,20220218,20220218,131742500,13:17:42,100.76,8899,40316,8968295500,0,0,0
T2203,20220218,20220218,131743000,13:17:43,100.76,8899,40316,8968295500,0,0,0
T2203,20220218,20220218,131743500,13:17:43,100.76,8899,40316,8968295500,0,0,0
T2203,20220218,20220218,131744000,13:17:44,100.76,8899,40316,8968295500,0,0,0
T2203,20220218,20220218,131745000,13:17:45,100.77,8900,40317,8969303200,1,1,1007700
T2203,20220218,20220218,131745500,13:17:45,100.765,8901,40316,8970310850,1,-1,1007650
T2203,20220218,20220218,131746000,13:17:46,100.765,8901,40316,8970310850,0,0,0
T2203,20220218,20220218,131746500,13:17:46,100.765,8901,40316,8970310850,0,0,0
T2203,20220218,20220218,131747000,13:17:47,100.77,8903,40317,8972326200,2,1,2015350
T2203,20220218,20220218,131747500,13:17:47,100.77,8904,40318,8973333900,1,1,1007700
T2203,20220218,20220218,131748000,13:17:48,100.77,8905,40319,8974341600,1,1,1007700
T2203,20220218,20220218,131748500,13:17:48,100.77,8905,40319,8974341600,0,0,0
T2203,20220218,20220218,131749000,13:17:49,100.77,8905,40319,8974341600,0,0,0
T2203,20220218,20220218,131749500,13:17:49,100.77,8905,40319,8974341600,0,0,0
T2203,20220218,20220218,131750000,13:17:50,100.77,8905,40319,8974341600,0,0,0
T2203,20220218,20220218,131758000,13:17:58,100.77,8905,40319,8974341600,0,0,0
T2203,20220218,20220218,131803500,13:18:03,100.77,8905,40319,8974341600,0,0,0
T2203,20220218,20220218,131804000,13:18:04,100.77,8905,40319,8974341600,0,0,0
T2203,20220218,20220218,131804500,13:18:04,100.77,8905,40319,8974341600,0,0,0
T2203,20220218,20220218,131809500,13:18:09,100.76,8906,40318,8975349200,1,-1,1007600
T2203,20220218,20220218,131811000,13:18:11,100.76,8906,40318,8975349200,0,0,0
T2203,20220218,20220218,131819000,13:18:19,100.765,8907,40318,8976356850,1,0,1007650
T2203,20220218,20220218,131819500,13:18:19,100.765,8907,40318,8976356850,0,0,0
T2203,20220218,20220218,131820000,13:18:20,100.765,8907,40318,8976356850,0,0,0
T2203,20220218,20220218,131820500,13:18:21,100.765,8908,40319,8977364500,1,1,1007650
T2203,20220218,20220218,131821000,13:18:21,100.765,8909,40319,8978372150,1,0,1007650
T2203,20220218,20220218,131821500,13:18:21,100.765,8909,40319,8978372150,0,0,0
T2203,20220218,20220218,131822000,13:18:22,100.765,8909,40319,8978372150,0,0,0
T2203,20220218,20220218,131822500,13:18:22,100.765,8909,40319,8978372150,0,0,0
T2203,20220218,20220218,131823500,13:18:23,100.765,8909,40319,8978372150,0,0,0
T2203,20220218,20220218,131824000,13:18:24,100.765,8911,40320,8980387450,2,1,2015300
T2203,20220218,20220218,131824500,13:18:24,100.765,8912,40321,8981395100,1,1,1007650
T2203,20220218,20220218,131825000,13:18:25,100.765,8912,40321,8981395100,0,0,0
T2203,20220218,20220218,131825500,13:18:25,100.765,8912,40321,8981395100,0,0,0
T2203,20220218,20220218,131830500,13:18:30,100.765,8912,40321,8981395100,0,0,0
T2203,20220218,20220218,131833500,13:18:33,100.765,8912,40321,8981395100,0,0,0
T2203,20220218,20220218,131834000,13:18:34,100.765,8913,40321,8982402750,1,0,1007650
T2203,20220218,20220218,131834500,13:18:34,100.765,8913,40321,8982402750,0,0,0
T2203,20220218,20220218,131835000,13:18:35,100.765,8913,40321,8982402750,0,0,0
T2203,20220218,20220218,131835500,13:18:35,100.765,8913,40321,8982402750,0,0,0
T2203,20220218,20220218,131836000,13:18:36,100.765,8913,40321,8982402750,0,0,0
T2203,20220218,20220218,131840500,13:18:40,100.765,8913,40321,8982402750,0,0,0
T2203,20220218,20220218,131842500,13:18:42,100.765,8913,40321,8982402750,0,0,0
T2203,20220218,20220218,131847500,13:18:47,100.765,8913,40321,8982402750,0,0,0
T2203,20220218,20220218,131848500,13:18:48,100.765,8913,40321,8982402750,0,0,0
T2203,20220218,20220218,131852000,13:18:52,100.765,8913,40321,8982402750,0,0,0
T2203,20220218,20220218,131852500,13:18:52,100.765,8913,40321,8982402750,0,0,0
T2203,20220218,20220218,131853000,13:18:53,100.765,8913,40321,8982402750,0,0,0
T2203,20220218,20220218,131853500,13:18:53,100.765,8913,40321,8982402750,0,0,0
T2203,20220218,20220218,131854500,13:18:54,100.765,8913,40321,8982402750,0,0,0
T2203,20220218,20220218,131855000,13:18:55,100.765,8913,40321,8982402750,0,0,0
T2203,20220218,20220218,131856500,13:18:56,100.765,8913,40321,8982402750,0,0,0
T2203,20220218,20220218,131857000,13:18:57,100.765,8913,40321,8982402750,0,0,0
T2203,20220218,20220218,131857500,13:18:57,100.765,8913,40321,8982402750,0,0,0
T2203,20220218,20220218,131858000,13:18:58,100.765,8913,40321,8982402750,0,0,0
T2203,20220218,20220218,131922500,13:19:22,100.765,8913,40321,8982402750,0,0,0
T2203,20220218,20220218,131923000,13:19:23,100.765,8913,40321,8982402750,0,0,0
T2203,20220218,20220218,131923500,13:19:23,100.765,8913,40321,8982402750,0,0,0
T2203,20220218,20220218,131931500,13:19:31,100.765,8913,40321,8982402750,0,0,0
T2203,20220218,20220218,131944000,13:19:44,100.765,8913,40321,8982402750,0,0,0
T2203,20220218,20220218,131948500,13:19:48,100.77,8914,40321,8983410450,1,0,1007700
T2203,20220218,20220218,131951000,13:19:51,100.77,8915,40321,8984418150,1,0,1007700
T2203,20220218,20220218,131951500,13:19:51,100.77,8916,40322,8985425850,1,1,1007700
T2203,20220218,20220218,131952000,13:19:52,100.77,8917,40322,8986433550,1,0,1007700
T2203,20220218,20220218,131952500,13:19:52,100.77,8918,40323,8987441250,1,1,1007700
T2203,20220218,20220218,131953000,13:19:53,100.77,8918,40323,8987441250,0,0,0
T2203,20220218,20220218,131953500,13:19:53,100.775,8919,40323,8988449000,1,0,1007750
T2203,20220218,20220218,131954000,13:19:54,100.775,8919,40323,8988449000,0,0,0
T2203,20220218,20220218,131954500,13:19:54,100.775,8919,40323,8988449000,0,0,0
T2203,20220218,20220218,131955000,13:19:55,100.775,8919,40323,8988449000,0,0,0
T2203,20220218,20220218,131955500,13:19:55,100.775,8920,40324,8989456750,1,1,1007750
T2203,20220218,20220218,131956000,13:19:56,100.775,8920,40324,8989456750,0,0,0
T2203,20220218,20220218,131956500,13:19:56,100.77,8921,40323,8990464450,1,-1,1007700
T2203,20220218,20220218,131957000,13:19:57,100.77,8921,40323,8990464450,0,0,0
T2203,20220218,20220218,131957500,13:19:57,100.77,8921,40323,8990464450,0,0,0
T2203,20220218,20220218,131958000,13:19:58,100.77,8922,40324,8991472150,1,1,1007700
T2203,20220218,20220218,131958500,13:19:58,100.77,8922,40324,8991472150,0,0,0
T2203,20220218,20220218,131959000,13:19:59,100.77,8923,40324,8992479850,1,0,1007700
T2203,20220218,20220218,131959500,13:19:59,100.77,8923,40324,8992479850,0,0,0
T2203,20220218,20220218,132000000,13:20:00,100.77,8924,40324,8993487550,1,0,1007700
T2203,20220218,20220218,132000500,13:20:00,100.775,8925,40325,8994495300,1,1,1007750
T2203,20220218,20220218,132001000,13:20:01,100.775,8927,40326,8996510800,2,1,2015500
T2203,20220218,20220218,132001500,13:20:01,100.77,8929,40327,8998526200,2,1,2015400
T2203,20220218,20220218,132002000,13:20:02,100.77,8929,40327,8998526200,0,0,0
T2203,20220218,20220218,132002500,13:20:02,100.77,8929,40327,8998526200,0,0,0
T2203,20220218,20220218,132003000,13:20:03,100.77,8930,40328,8999533900,1,1,1007700
T2203,20220218,20220218,132003500,13:20:03,100.775,8932,40330,9001549400,2,2,2015500
T2203,20220218,20220218,132004000,13:20:04,100.77,8934,40330,9003564800,2,0,2015400
T2203,20220218,20220218,132004500,13:20:04,100.77,8935,40329,9004572500,1,-1,1007700
T2203,20220218,20220218,132005000,13:20:05,100.77,8935,40329,9004572500,0,0,0
T2203,20220218,20220218,132005500,13:20:05,100.77,8936,40330,9005580200,1,1,1007700
T2203,20220218,20220218,132006000,13:20:06,100.775,8937,40331,9006587950,1,1,1007750
T2203,20220218,20220218,132006500,13:20:06,100.775,8937,40331,9006587950,0,0,0
T2203,20220218,20220218,132007000,13:20:07,100.77,8938,40331,9007595650,1,0,1007700
T2203,20220218,20220218,132007500,13:20:07,100.77,8939,40332,9008603350,1,1,1007700
T2203,20220218,20220218,132008000,13:20:08,100.77,8939,40332,9008603350,0,0,0
T2203,20220218,20220218,132008500,13:20:08,100.77,8939,40332,9008603350,0,0,0
T2203,20220218,20220218,132009000,13:20:09,100.765,8940,40332,9009611000,1,0,1007650
T2203,20220218,20220218,132009500,13:20:09,100.765,8940,40332,9009611000,0,0,0
T2203,20220218,20220218,132010000,13:20:10,100.765,8940,40332,9009611000,0,0,0
T2203,20220218,20220218,132010500,13:20:10,100.765,8940,40332,9009611000,0,0,0
T2203,20220218,20220218,132011000,13:20:11,100.765,8940,40332,9009611000,0,0,0
T2203,20220218,20220218,132011500,13:20:11,100.765,8940,40332,9009611000,0,0,0
T2203,20220218,20220218,132012000,13:20:12,100.765,8940,40332,9009611000,0,0,0
T2203,20220218,20220218,132012500,13:20:12,100.765,8940,40332,9009611000,0,0,0
T2203,20220218,20220218,132013000,13:20:13,100.765,8940,40332,9009611000,0,0,0
T2203,20220218,20220218,132014000,13:20:14,100.775,8941,40333,9010618750,1,1,1007750
T2203,20220218,20220218,132014500,13:20:14,100.77,8942,40333,9011626450,1,0,1007700
T2203,20220218,20220218,132015000,13:20:15,100.77,8942,40333,9011626450,0,0,0
T2203,20220218,20220218,132015500,13:20:15,100.775,8966,40331,9035812250,24,-2,24185800
T2203,20220218,20220218,132016000,13:20:16,100.77,8977,40333,9046897000,11,2,11084750
T2203,20220218,20220218,132016500,13:20:17,100.775,8978,40334,9047904750,1,1,1007750
T2203,20220218,20220218,132017000,13:20:17,100.775,8981,40334,9050928000,3,0,3023250
T2203,20220218,20220218,132017500,13:20:17,100.775,8981,40334,9050928000,0,0,0
T2203,20220218,20220218,132018000,13:20:18,100.775,8987,40338,9056974450,6,4,6046450
T2203,20220218,20220218,132018500,13:20:18,100.775,8987,40338,9056974450,0,0,0
T2203,20220218,20220218,132019000,13:20:19,100.78,8989,40340,9058990000,2,2,2015550
T2203,20220218,20220218,132019500,13:20:20,100.78,8989,40340,9058990000,0,0,0
T2203,20220218,20220218,132020000,13:20:20,100.78,8990,40341,9059997800,1,1,1007800
T2203,20220218,20220218,132020500,13:20:20,100.78,8991,40341,9061005600,1,0,1007800
T2203,20220218,20220218,132021000,13:20:21,100.78,8991,40341,9061005600,0,0,0
T2203,20220218,20220218,132021500,13:20:21,100.78,8991,40341,9061005600,0,0,0
T2203,20220218,20220218,132022000,13:20:22,100.78,8992,40341,9062013400,1,0,1007800
T2203,20220218,20220218,132022500,13:20:22,100.78,8992,40341,9062013400,0,0,0
T2203,20220218,20220218,132023000,13:20:23,100.775,8994,40341,9064028900,2,0,2015500
T2203,20220218,20220218,132023500,13:20:23,100.775,8995,40341,9065036650,1,0,1007750
T2203,20220218,20220218,132024000,13:20:24,100.775,8995,40341,9065036650,0,0,0
T2203,20220218,20220218,132024500,13:20:24,100.775,8995,40341,9065036650,0,0,0
T2203,20220218,20220218,132025000,13:20:25,100.775,8995,40341,9065036650,0,0,0
T2203,20220218,20220218,132025500,13:20:25,100.775,8995,40341,9065036650,0,0,0
T2203,20220218,20220218,132026000,13:20:26,100.775,9002,40337,9072090900,7,-4,7054250
T2203,20220218,20220218,132026500,13:20:26,100.775,9025,40336,9095269150,23,-1,23178250
T2203,20220218,20220218,132027000,13:20:27,100.775,9025,40336,9095269150,0,0,0
T2203,20220218,20220218,132027500,13:20:27,100.775,9025,40336,9095269150,0,0,0
T2203,20220218,20220218,132028000,13:20:28,100.775,9025,40336,9095269150,0,0,0
T2203,20220218,20220218,132028500,13:20:28,100.775,9025,40336,9095269150,0,0,0
T2203,20220218,20220218,132029000,13:20:29,100.775,9025,40336,9095269150,0,0,0
T2203,20220218,20220218,132029500,13:20:29,100.775,9025,40336,9095269150,0,0,0
T2203,20220218,20220218,132030000,13:20:30,100.775,9026,40335,9096276900,1,-1,1007750
T2203,20220218,20220218,132030500,13:20:30,100.775,9026,40335,9096276900,0,0,0
T2203,20220218,20220218,132031000,13:20:31,100.775,9026,40335,9096276900,0,0,0
T2203,20220218,20220218,132032000,13:20:32,100.775,9026,40335,9096276900,0,0,0
T2203,20220218,20220218,132032500,13:20:32,100.775,9026,40335,9096276900,0,0,0
T2203,20220218,20220218,132036000,13:20:36,100.775,9026,40335,9096276900,0,0,0
T2203,20220218,20220218,132042000,13:20:42,100.775,9026,40335,9096276900,0,0,0
T2203,20220218,20220218,132042500,13:20:42,100.77,9037,40329,9107361600,11,-6,11084700
T2203,20220218,20220218,132043000,13:20:43,100.77,9039,40329,9109377000,2,0,2015400
T2203,20220218,20220218,132043500,13:20:43,100.77,9049,40325,9119454000,10,-4,10077000
T2203,20220218,20220218,132044000,13:20:44,100.77,9051,40325,9121469400,2,0,2015400
T2203,20220218,20220218,132044500,13:20:44,100.77,9051,40325,9121469400,0,0,0
T2203,20220218,20220218,132045000,13:20:45,100.765,9052,40324,9122477050,1,-1,1007650
T2203,20220218,20220218,132045500,13:20:45,100.765,9052,40324,9122477050,0,0,0
T2203,20220218,20220218,132046000,13:20:46,100.765,9052,40324,9122477050,0,0,0
T2203,20220218,20220218,132046500,13:20:46,100.765,9052,40324,9122477050,0,0,0
T2203,20220218,20220218,132047000,13:20:47,100.765,9052,40324,9122477050,0,0,0
T2203,20220218,20220218,132047500,13:20:47,100.765,9052,40324,9122477050,0,0,0
T2203,20220218,20220218,132048000,13:20:48,100.765,9052,40324,9122477050,0,0,0
T2203,20220218,20220218,132048500,13:20:48,100.765,9052,40324,9122477050,0,0,0
T2203,20220218,20220218,132049000,13:20:49,100.765,9052,40324,9122477050,0,0,0
T2203,20220218,20220218,132116500,13:21:16,100.765,9052,40324,9122477050,0,0,0
T2203,20220218,20220218,132117000,13:21:17,100.765,9052,40324,9122477050,0,0,0
T2203,20220218,20220218,132118000,13:21:18,100.765,9052,40324,9122477050,0,0,0
T2203,20220218,20220218,132118500,13:21:18,100.765,9052,40324,9122477050,0,0,0
T2203,20220218,20220218,132127500,13:21:27,100.765,9052,40324,9122477050,0,0,0
T2203,20220218,20220218,132128000,13:21:28,100.765,9052,40324,9122477050,0,0,0
T2203,20220218,20220218,132128500,13:21:28,100.765,9052,40324,9122477050,0,0,0
T2203,20220218,20220218,132129000,13:21:29,100.765,9052,40324,9122477050,0,0,0
T2203,20220218,20220218,132129500,13:21:29,100.765,9052,40324,9122477050,0,0,0
T2203,20220218,20220218,132130000,13:21:30,100.765,9052,40324,9122477050,0,0,0
T2203,20220218,20220218,132130500,13:21:30,100.765,9052,40324,9122477050,0,0,0
T2203,20220218,20220218,132134000,13:21:34,100.765,9052,40324,9122477050,0,0,0
T2203,20220218,20220218,132134500,13:21:34,100.765,9052,40324,9122477050,0,0,0
T2203,20220218,20220218,132135000,13:21:35,100.765,9052,40324,9122477050,0,0,0
T2203,20220218,20220218,132135500,13:21:35,100.765,9052,40324,9122477050,0,0,0
T2203,20220218,20220218,132156000,13:21:56,100.765,9052,40324,9122477050,0,0,0
T2203,20220218,20220218,132158500,13:21:58,100.765,9052,40324,9122477050,0,0,0
T2203,20220218,20220218,132205500,13:22:05,100.765,9052,40324,9122477050,0,0,0
T2203,20220218,20220218,132206000,13:22:06,100.765,9052,40324,9122477050,0,0,0
T2203,20220218,20220218,132207000,13:22:07,100.77,9055,40323,9125500150,3,-1,3023100
T2203,20220218,20220218,132207500,13:22:07,100.77,9063,40315,9133561750,8,-8,8061600
T2203,20220218,20220218,132208000,13:22:08,100.77,9063,40315,9133561750,0,0,0
T2203,20220218,20220218,132208500,13:22:09,100.77,9063,40315,9133561750,0,0,0
T2203,20220218,20220218,132209000,13:22:09,100.77,9063,40315,9133561750,0,0,0
T2203,20220218,20220218,132209500,13:22:09,100.77,9063,40315,9133561750,0,0,0
T2203,20220218,20220218,132210000,13:22:10,100.77,9063,40315,9133561750,0,0,0
T2203,20220218,20220218,132210500,13:22:10,100.77,9063,40315,9133561750,0,0,0
T2203,20220218,20220218,132225000,13:22:25,100.77,9071,40310,9141623350,8,-5,8061600
T2203,20220218,20220218,132225500,13:22:25,100.77,9071,40310,9141623350,0,0,0
T2203,20220218,20220218,132226000,13:22:26,100.77,9071,40310,9141623350,0,0,0
T2203,20220218,20220218,132226500,13:22:26,100.77,9071,40310,9141623350,0,0,0
T2203,20220218,20220218,132229000,13:22:29,100.77,9071,40310,9141623350,0,0,0
T2203,20220218,20220218,132229500,13:22:29,100.77,9071,40310,9141623350,0,0,0
T2203,20220218,20220218,132231000,13:22:31,100.775,9073,40309,9143638850,2,-1,2015500
