TF2203,20220218,20220218,112003000,11:20:09,101.93,3222,28358,3284073700,3222,-1094,3284073700
TF2203,20220218,20220218,112004500,11:20:09,101.93,3222,28358,3284073700,0,0,0
TF2203,20220218,20220218,112005000,11:20:10,101.93,3222,28358,3284073700,0,0,0
TF2203,20220218,20220218,112006000,11:20:10,101.93,3222,28358,3284073700,0,0,0
TF2203,20220218,20220218,112006500,11:20:10,101.93,3222,28358,3284073700,0,0,0
TF2203,20220218,20220218,112007000,11:20:10,101.93,3222,28358,3284073700,0,0,0
TF2203,20220218,20220218,112007500,11:20:10,101.93,3222,28358,3284073700,0,0,0
TF2203,20220218,20220218,112008000,11:20:10,101.93,3222,28358,3284073700,0,0,0
TF2203,20220218,20220218,112008500,11:20:10,101.93,3222,28358,3284073700,0,0,0
TF2203,20220218,20220218,112009000,11:20:10,101.93,3222,28358,3284073700,0,0,0
TF2203,20220218,20220218,112009500,11:20:10,101.93,3222,28358,3284073700,0,0,0
TF2203,20220218,20220218,112010000,11:20:10,101.93,3222,28358,3284073700,0,0,0
TF2203,20220218,20220218,112010500,11:20:10,101.93,3222,28358,3284073700,0,0,0
TF2203,20220218,20220218,112011000,11:20:11,101.93,3222,28358,3284073700,0,0,0
TF2203,20220218,20220218,112011500,11:20:12,101.93,3222,28358,3284073700,0,0,0
TF2203,20220218,20220218,112012000,11:20:12,101.93,3222,28358,3284073700,0,0,0
TF2203,20220218,20220218,112012500,11:20:12,101.93,3222,28358,3284073700,0,0,0
TF2203,20220218,20220218,112013000,11:20:13,101.93,3222,28358,3284073700,0,0,0
TF2203,20220218,20220218,112013500,11:20:13,101.93,3222,28358,3284073700,0,0,0
TF2203,20220218,20220218,112014000,11:20:14,101.93,3222,28358,3284073700,0,0,0
TF2203,20220218,20220218,112014500,11:20:14,101.93,3222,28358,3284073700,0,0,0
TF2203,20220218,20220218,112015000,11:20:15,101.93,3222,28358,3284073700,0,0,0
TF2203,20220218,20220218,112015500,11:20:16,101.93,3222,28358,3284073700,0,0,0
TF2203,20220218,20220218,112016000,11:20:16,101.93,3222,28358,3284073700,0,0,0
TF2203,20220218,20220218,112016500,11:20:16,101.93,3222,28358,3284073700,0,0,0
TF2203,20220218,20220218,112017000,11:20:17,101.93,3222,28358,3284073700,0,0,0
TF2203,20220218,20220218,112017500,11:20:17,101.93,3222,28358,3284073700,0,0,0
TF2203,20220218,20220218,112018000,11:20:18,101.93,3222,28358,3284073700,0,0,0
TF2203,20220218,20220218,112018500,11:20:18,101.93,3222,28358,3284073700,0,0,0
TF2203,20220218,20220218,112019000,11:20:19,101.93,3222,28358,3284073700,0,0,0
TF2203,20220218,20220218,112019500,11:20:20,101.93,3222,28358,3284073700,0,0,0
TF2203,20220218,20220218,112020000,11:20:20,101.93,3222,28358,3284073700,0,0,0
TF2203,20220218,20220218,112021000,11:20:21,101.93,3222,28358,3284073700,0,0,0
TF2203,20220218,20220218,112021500,11:20:21,101.93,3222,28358,3284073700,0,0,0
TF2203,20220218,20220218,112022000,11:20:22,101.93,3222,28358,3284073700,0,0,0
TF2203,20220218,20220218,112022500,11:20:23,101.93,3222,28358,3284073700,0,0,0
TF2203,20220218,20220218,112023000,11:20:23,101.93,3222,28358,3284073700,0,0,0
TF2203,20220218,20220218,112023500,11:20:23,101.93,3222,28358,3284073700,0,0,0
TF2203,20220218,20220218,112024000,11:20:24,101.93,3222,28358,3284073700,0,0,0
TF2203,20220218,20220218,112024500,11:20:24,101.93,3222,28358,3284073700,0,0,0
TF2203,20220218,20220218,112025000,11:20:25,101.93,3222,28358,3284073700,0,0,0
TF2203,20220218,20220218,112025500,11:20:25,101.93,3222,28358,3284073700,0,0,0
TF2203,20220218,20220218,112026000,11:20:26,101.93,3222,28358,3284073700,0,0,0
TF2203,20220218,20220218,112026500,11:20:26,101.93,3222,28358,3284073700,0,0,0
TF2203,20220218,20220218,112027000,11:20:27,101.93,3222,28358,3284073700,0,0,0
TF2203,20220218,20220218,112027500,11:20:28,101.93,3222,28358,3284073700,0,0,0
TF2203,20220218,20220218,112028000,11:20:28,101.93,3222,28358,3284073700,0,0,0
TF2203,20220218,20220218,112028500,11:20:28,101.93,3222,28358,3284073700,0,0,0
TF2203,20220218,20220218,112029000,11:20:29,101.93,3222,28358,3284073700,0,0,0
TF2203,20220218,20220218,112029500,11:20:30,101.93,3222,28358,3284073700,0,0,0
TF2203,20220218,20220218,112030000,11:20:31,101.93,3222,28358,3284073700,0,0,0
TF2203,20220218,20220218,112030500,11:20:31,101.93,3222,28358,3284073700,0,0,0
TF2203,20220218,20220218,112031000,11:20:32,101.93,3222,28358,3284073700,0,0,0
TF2203,20220218,20220218,112031500,11:20:32,101.93,3222,28358,3284073700,0,0,0
TF2203,20220218,20220218,112032000,11:20:32,101.93,3222,28358,3284073700,0,0,0
TF2203,20220218,20220218,112032500,11:20:32,101.93,3222,28358,3284073700,0,0,0
TF2203,20220218,20220218,112033000,11:20:33,101.93,3222,28358,3284073700,0,0,0
TF2203,20220218,20220218,112033500,11:20:33,101.93,3222,28358,3284073700,0,0,0
TF2203,20220218,20220218,112034000,11:20:34,101.93,3222,28358,3284073700,0,0,0
TF2203,20220218,20220218,112034500,11:20:34,101.93,3222,28358,3284073700,0,0,0
TF2203,20220218,20220218,112035000,11:20:35,101.93,3222,28358,3284073700,0,0,0
TF2203,20220218,20220218,112035500,11:20:35,101.93,3222,28358,3284073700,0,0,0
TF2203,20220218,20220218,112036000,11:20:36,101.93,3222,28358,3284073700,0,0,0
TF2203,20220218,20220218,112036500,11:20:37,101.93,3222,28358,3284073700,0,0,0
TF2203,20220218,20220218,112037000,11:20:37,101.93,3222,28358,3284073700,0,0,0
TF2203,20220218,20220218,112037500,11:20:38,101.93,3222,28358,3284073700,0,0,0
TF2203,20220218,20220218,112038000,11:20:38,101.93,3222,28358,3284073700,0,0,0
TF2203,20220218,20220218,112038500,11:20:38,101.93,3222,28358,3284073700,0,0,0
TF2203,20220218,20220218,112039000,11:20:39,101.93,3222,28358,3284073700,0,0,0
TF2203,20220218,20220218,112039500,11:20:40,101.93,3222,28358,3284073700,0,0,0
TF2203,20220218,20220218,112040000,11:20:40,101.93,3222,28358,3284073700,0,0,0
TF2203,20220218,20220218,112040500,11:20:41,101.93,3222,28358,3284073700,0,0,0
TF2203,20220218,20220218,112041000,11:20:41,101.93,3222,28358,3284073700,0,0,0
TF2203,20220218,20220218,112041500,11:20:41,101.93,3222,28358,3284073700,0,0,0
TF2203,20220218,20220218,112042000,11:20:42,101.93,3222,28358,3284073700,0,0,0
TF2203,20220218,20220218,112042500,11:20:42,101.93,3222,28358,3284073700,0,0,0
TF2203,20220218,20220218,112043000,11:20:43,101.93,3222,28358,3284073700,0,0,0
TF2203,20220218,20220218,112043500,11:20:44,101.93,3222,28358,3284073700,0,0,0
TF2203,20220218,20220218,112044000,11:20:44,101.93,3222,28358,3284073700,0,0,0
TF2203,20220218,20220218,112044500,11:20:45,101.93,3222,28358,3284073700,0,0,0
TF2203,20220218,20220218,112045000,11:20:45,101.93,3222,28358,3284073700,0,0,0
TF2203,20220218,20220218,112045500,11:20:46,101.93,3222,28358,3284073700,0,0,0
TF2203,20220218,20220218,112046000,11:20:46,101.93,3222,28358,3284073700,0,0,0
TF2203,20220218,20220218,112046500,11:20:46,101.93,3222,28358,3284073700,0,0,0
TF2203,20220218,20220218,112047000,11:20:47,101.93,3222,28358,3284073700,0,0,0
TF2203,20220218,20220218,112047500,11:20:48,101.93,3222,28358,3284073700,0,0,0
TF2203,20220218,20220218,112048000,11:20:48,101.93,3222,28358,3284073700,0,0,0
TF2203,20220218,20220218,112048500,11:20:50,101.93,3222,28358,3284073700,0,0,0
TF2203,20220218,20220218,112049000,11:20:50,101.93,3222,28358,3284073700,0,0,0
TF2203,20220218,20220218,112049500,11:20:50,101.93,3222,28358,3284073700,0,0,0
TF2203,20220218,20220218,112050500,11:20:50,101.93,3222,28358,3284073700,0,0,0
TF2203,20220218,20220218,112051000,11:20:51,101.93,3222,28358,3284073700,0,0,0
TF2203,20220218,20220218,112051500,11:20:51,101.93,3222,28358,3284073700,0,0,0
TF2203,20220218,20220218,112052000,11:20:53,101.93,3222,28358,3284073700,0,0,0
TF2203,20220218,20220218,112052500,11:20:53,101.93,3222,28358,3284073700,0,0,0
TF2203,20220218,20220218,112053000,11:20:53,101.93,3222,28358,3284073700,0,0,0
TF2203,20220218,20220218,112053500,11:20:53,101.93,3222,28358,3284073700,0,0,0
TF2203,20220218,20220218,112054000,11:20:54,101.93,3222,28358,3284073700,0,0,0
TF2203,20220218,20220218,112054500,11:20:55,101.93,3222,28358,3284073700,0,0,0
TF2203,20220218,20220218,112055000,11:20:55,101.93,3222,28358,3284073700,0,0,0
TF2203,20220218,20220218,112055500,11:20:56,101.93,3222,28358,3284073700,0,0,0
TF2203,20220218,20220218,112056000,11:20:56,101.93,3222,28358,3284073700,0,0,0
TF2203,20220218,20220218,112056500,11:20:56,101.93,3222,28358,3284073700,0,0,0
TF2203,20220218,20220218,112057000,11:20:58,101.93,3222,28358,3284073700,0,0,0
TF2203,20220218,20220218,112057500,11:20:58,101.93,3222,28358,3284073700,0,0,0
TF2203,20220218,20220218,112058000,11:20:58,101.93,3222,28358,3284073700,0,0,0
TF2203,20220218,20220218,112058500,11:20:59,101.93,3222,28358,3284073700,0,0,0
TF2203,20220218,20220218,112059000,11:20:59,101.93,3222,28358,3284073700,0,0,0
TF2203,20220218,20220218,112059500,11:21:00,101.93,3222,28358,3284073700,0,0,0
TF2203,20220218,20220218,112100000,11:21:00,101.93,3222,28358,3284073700,0,0,0
TF2203,20220218,20220218,112100500,11:21:01,101.93,3222,28358,3284073700,0,0,0
TF2203,20220218,20220218,112101000,11:21:01,101.93,3222,28358,3284073700,0,0,0
TF2203,20220218,20220218,112101500,11:21:02,101.93,3222,28358,3284073700,0,0,0
TF2203,20220218,20220218,112102000,11:21:02,101.93,3222,28358,3284073700,0,0,0
TF2203,20220218,20220218,112102500,11:21:03,101.93,3222,28358,3284073700,0,0,0
TF2203,20220218,20220218,112103000,11:21:03,101.93,3222,28358,3284073700,0,0,0
TF2203,20220218,20220218,112103500,11:21:04,101.93,3222,28358,3284073700,0,0,0
TF2203,20220218,20220218,112104000,11:21:04,101.93,3222,28358,3284073700,0,0,0
TF2203,20220218,20220218,112104500,11:21:05,101.93,3222,28358,3284073700,0,0,0
TF2203,20220218,20220218,112105000,11:21:05,101.93,3222,28358,3284073700,0,0,0
TF2203,20220218,20220218,112105500,11:21:07,101.93,3222,28358,3284073700,0,0,0
TF2203,20220218,20220218,112106000,11:21:07,101.93,3222,28358,3284073700,0,0,0
TF2203,20220218,20220218,112106500,11:21:07,101.93,3222,28358,3284073700,0,0,0
TF2203,20220218,20220218,112107000,11:21:09,101.93,3222,28358,3284073700,0,0,0
TF2203,20220218,20220218,112107500,11:21:10,101.93,3222,28358,3284073700,0,0,0
TF2203,20220218,20220218,112108000,11:21:10,101.93,3222,28358,3284073700,0,0,0
TF2203,20220218,20220218,112108500,11:21:10,101.93,3222,28358,3284073700,0,0,0
TF2203,20220218,20220218,112110000,11:21:10,101.93,3222,28358,3284073700,0,0,0
TF2203,20220218,20220218,112110500,11:21:11,101.93,3222,28358,3284073700,0,0,0
TF2203,20220218,20220218,112111000,11:21:11,101.93,3222,28358,3284073700,0,0,0
TF2203,20220218,20220218,112111500,11:21:12,101.93,3222,28358,3284073700,0,0,0
TF2203,20220218,20220218,112112000,11:21:12,101.93,3222,28358,3284073700,0,0,0
TF2203,20220218,20220218,112112500,11:21:13,101.93,3222,28358,3284073700,0,0,0
TF2203,20220218,20220218,112113000,11:21:13,101.93,3222,28358,3284073700,0,0,0
TF2203,20220218,20220218,112113500,11:21:13,101.93,3222,28358,3284073700,0,0,0
TF2203,20220218,20220218,112114000,11:21:14,101.93,3222,28358,3284073700,0,0,0
TF2203,20220218,20220218,112114500,11:21:14,101.93,3222,28358,3284073700,0,0,0
TF2203,20220218,20220218,112115000,11:21:15,101.93,3222,28358,3284073700,0,0,0
TF2203,20220218,20220218,112115500,11:21:15,101.93,3222,28358,3284073700,0,0,0
TF2203,20220218,20220218,112116000,11:21:16,101.93,3222,28358,3284073700,0,0,0
TF2203,20220218,20220218,112116500,11:21:17,101.93,3222,28358,3284073700,0,0,0
TF2203,20220218,20220218,112117000,11:21:17,101.93,3222,28358,3284073700,0,0,0
TF2203,20220218,20220218,112117500,11:21:18,101.93,3222,28358,3284073700,0,0,0
TF2203,20220218,20220218,112118000,11:21:18,101.93,3222,28358,3284073700,0,0,0
TF2203,20220218,20220218,112118500,11:21:18,101.93,3222,28358,3284073700,0,0,0
TF2203,20220218,20220218,112119000,11:21:19,101.93,3222,28358,3284073700,0,0,0
TF2203,20220218,20220218,112119500,11:21:19,101.93,3222,28358,3284073700,0,0,0
TF2203,20220218,20220218,112120000,11:21:20,101.93,3222,28358,3284073700,0,0,0
TF2203,20220218,20220218,112120500,11:21:21,101.93,3222,28358,3284073700,0,0,0
TF2203,20220218,20220218,112121000,11:21:22,101.93,3222,28358,3284073700,0,0,0
TF2203,20220218,20220218,112121500,11:21:22,101.93,3222,28358,3284073700,0,0,0
TF2203,20220218,20220218,112122000,11:21:22,101.93,3222,28358,3284073700,0,0,0
TF2203,20220218,20220218,112122500,11:21:22,101.93,3222,28358,3284073700,0,0,0
TF2203,20220218,20220218,112123000,11:21:23,101.93,3222,28358,3284073700,0,0,0
TF2203,20220218,20220218,112123500,11:21:23,101.93,3222,28358,3284073700,0,0,0
TF2203,20220218,20220218,112124000,11:21:24,101.93,3222,28358,3284073700,0,0,0
TF2203,20220218,20220218,112124500,11:21:25,101.93,3222,28358,3284073700,0,0,0
TF2203,20220218,20220218,112125000,11:21:33,101.93,3222,28358,3284073700,0,0,0
TF2203,20220218,20220218,112125500,11:23:32,101.93,3222,28358,3284073700,0,0,0
TF2203,20220218,20220218,112126000,11:23:33,101.93,3222,28358,3284073700,0,0,0
TF2203,20220218,20220218,112126500,11:23:33,101.93,3222,28358,3284073700,0,0,0
TF2203,20220218,20220218,112332500,11:23:33,101.93,3222,28358,3284073700,0,0,0
TF2203,20220218,20220218,112333000,11:23:33,101.93,3222,28358,3284073700,0,0,0
TF2203,20220218,20220218,112333500,11:23:33,101.93,3222,28358,3284073700,0,0,0
TF2203,20220218,20220218,112334000,11:23:34,101.93,3222,28358,3284073700,0,0,0
TF2203,20220218,20220218,112334500,11:23:34,101.93,3222,28358,3284073700,0,0,0
TF2203,20220218,20220218,112335000,11:23:35,101.93,3222,28358,3284073700,0,0,0
TF2203,20220218,20220218,112335500,11:23:35,101.93,3222,28358,3284073700,0,0,0
TF2203,20220218,20220218,112336000,11:23:36,101.93,3222,28358,3284073700,0,0,0
TF2203,20220218,20220218,112336500,11:23:38,101.93,3222,28358,3284073700,0,0,0
TF2203,20220218,20220218,112337000,11:23:38,101.93,3222,28358,3284073700,0,0,0
TF2203,20220218,20220218,112338500,11:23:38,101.93,3222,28358,3284073700,0,0,0
TF2203,20220218,20220218,112339000,11:23:39,101.93,3222,28358,3284073700,0,0,0
TF2203,20220218,20220218,112339500,11:23:39,101.93,3222,28358,3284073700,0,0,0
TF2203,20220218,20220218,112340000,11:23:40,101.93,3222,28358,3284073700,0,0,0
TF2203,20220218,20220218,112340500,11:23:40,101.93,3222,28358,3284073700,0,0,0
TF2203,20220218,20220218,112341000,11:23:41,101.93,3222,28358,3284073700,0,0,0
TF2203,20220218,20220218,112341500,11:23:42,101.93,3222,28358,3284073700,0,0,0
TF2203,20220218,20220218,112342000,11:23:42,101.93,3222,28358,3284073700,0,0,0
TF2203,20220218,20220218,112342500,11:23:42,101.93,3222,28358,3284073700,0,0,0
TF2203,20220218,20220218,112343000,11:23:43,101.93,3222,28358,3284073700,0,0,0
TF2203,20220218,20220218,112343500,11:23:43,101.93,3222,28358,3284073700,0,0,0
TF2203,20220218,20220218,112344000,11:23:45,101.93,3222,28358,3284073700,0,0,0
TF2203,20220218,20220218,112344500,11:23:48,101.93,3222,28358,3284073700,0,0,0
TF2203,20220218,20220218,112345000,11:23:48,101.93,3222,28358,3284073700,0,0,0
TF2203,20220218,20220218,112345500,11:23:48,101.93,3222,28358,3284073700,0,0,0
TF2203,20220218,20220218,112348000,11:23:48,101.93,3222,28358,3284073700,0,0,0
TF2203,20220218,20220218,112348500,11:23:49,101.93,3222,28358,3284073700,0,0,0
TF2203,20220218,20220218,112349000,11:23:49,101.93,3222,28358,3284073700,0,0,0
TF2203,20220218,20220218,112349500,11:23:50,101.93,3222,28358,3284073700,0,0,0
TF2203,20220218,20220218,112350000,11:23:50,101.93,3222,28358,3284073700,0,0,0
TF2203,20220218,20220218,112350500,11:23:50,101.93,3222,28358,3284073700,0,0,0
TF2203,20220218,20220218,112351000,11:23:51,101.93,3222,28358,3284073700,0,0,0
TF2203,20220218,20220218,112351500,11:23:51,101.93,3222,28358,3284073700,0,0,0
TF2203,20220218,20220218,112352000,11:23:52,101.93,3222,28358,3284073700,0,0,0
TF2203,20220218,20220218,112352500,11:23:52,101.93,3222,28358,3284073700,0,0,0
TF2203,20220218,20220218,112353000,11:23:53,101.93,3222,28358,3284073700,0,0,0
TF2203,20220218,20220218,112353500,11:23:53,101.93,3222,28358,3284073700,0,0,0
TF2203,20220218,20220218,112354000,11:23:54,101.93,3222,28358,3284073700,0,0,0
TF2203,20220218,20220218,112354500,11:23:55,101.93,3222,28358,3284073700,0,0,0
TF2203,20220218,20220218,112355000,11:23:55,101.93,3222,28358,3284073700,0,0,0
TF2203,20220218,20220218,112355500,11:23:55,101.93,3222,28358,3284073700,0,0,0
TF2203,20220218,20220218,112356000,11:23:56,101.93,3222,28358,3284073700,0,0,0
TF2203,20220218,20220218,112356500,11:23:56,101.93,3222,28358,3284073700,0,0,0
TF2203,20220218,20220218,112357000,11:23:57,101.93,3222,28358,3284073700,0,0,0
TF2203,20220218,20220218,112357500,11:23:57,101.93,3222,28358,3284073700,0,0,0
TF2203,20220218,20220218,112358000,11:23:58,101.93,3222,28358,3284073700,0,0,0
TF2203,20220218,20220218,112358500,11:23:58,101.93,3222,28358,3284073700,0,0,0
TF2203,20220218,20220218,112359000,11:23:59,101.93,3222,28358,3284073700,0,0,0
TF2203,20220218,20220218,112359500,11:23:59,101.93,3222,28358,3284073700,0,0,0
TF2203,20220218,20220218,112400000,11:24:00,101.93,3222,28358,3284073700,0,0,0
TF2203,20220218,20220218,112400500,11:24:00,101.93,3222,28358,3284073700,0,0,0
TF2203,20220218,20220218,112401000,11:24:01,101.93,3222,28358,3284073700,0,0,0
TF2203,20220218,20220218,112401500,11:24:01,101.93,3222,28358,3284073700,0,0,0
TF2203,20220218,20220218,112402000,11:24:02,101.93,3222,28358,3284073700,0,0,0
TF2203,20220218,20220218,112402500,11:24:02,101.93,3222,28358,3284073700,0,0,0
TF2203,20220218,20220218,112403000,11:24:03,101.93,3222,28358,3284073700,0,0,0
TF2203,20220218,20220218,112403500,11:24:04,101.93,3222,28358,3284073700,0,0,0
TF2203,20220218,20220218,112404000,11:24:04,101.93,3222,28358,3284073700,0,0,0
TF2203,20220218,20220218,112404500,11:24:04,101.93,3222,28358,3284073700,0,0,0
TF2203,20220218,20220218,112405000,11:24:05,101.93,3222,28358,3284073700,0,0,0
TF2203,20220218,20220218,112405500,11:24:05,101.93,3222,28358,3284073700,0,0,0
TF2203,20220218,20220218,112406000,11:24:06,101.93,3222,28358,3284073700,0,0,0
TF2203,20220218,20220218,112406500,11:24:06,101.93,3222,28358,3284073700,0,0,0
TF2203,20220218,20220218,112407000,11:24:07,101.93,3222,28358,3284073700,0,0,0
TF2203,20220218,20220218,112407500,11:24:08,101.93,3222,28358,3284073700,0,0,0
TF2203,20220218,20220218,112408000,11:24:08,101.93,3222,28358,3284073700,0,0,0
TF2203,20220218,20220218,112408500,11:24:08,101.93,3222,28358,3284073700,0,0,0
TF2203,20220218,20220218,112409000,11:24:09,101.93,3222,28358,3284073700,0,0,0
TF2203,20220218,20220218,112409500,11:24:11,101.93,3222,28358,3284073700,0,0,0
TF2203,20220218,20220218,112410000,11:24:12,101.93,3222,28358,3284073700,0,0,0
TF2203,20220218,20220218,112410500,11:24:12,101.93,3222,28358,3284073700,0,0,0
TF2203,20220218,20220218,112411000,11:24:12,101.93,3222,28358,3284073700,0,0,0
TF2203,20220218,20220218,112411500,11:24:12,101.93,3222,28358,3284073700,0,0,0
TF2203,20220218,20220218,112412000,11:24:12,101.93,3222,28358,3284073700,0,0,0
TF2203,20220218,20220218,112412500,11:24:13,101.93,3222,28358,3284073700,0,0,0
TF2203,20220218,20220218,112413000,11:24:13,101.93,3222,28358,3284073700,0,0,0
TF2203,20220218,20220218,112413500,11:24:14,101.93,3222,28358,3284073700,0,0,0
TF2203,20220218,20220218,112414000,11:24:14,101.93,3222,28358,3284073700,0,0,0
TF2203,20220218,20220218,112414500,11:24:15,101.93,3222,28358,3284073700,0,0,0
TF2203,20220218,20220218,112415000,11:24:15,101.93,3222,28358,3284073700,0,0,0
TF2203,20220218,20220218,112415500,11:24:15,101.93,3222,28358,3284073700,0,0,0
TF2203,20220218,20220218,112416000,11:24:16,101.93,3222,28358,3284073700,0,0,0
TF2203,20220218,20220218,112416500,11:24:17,101.93,3222,28358,3284073700,0,0,0
TF2203,20220218,20220218,112417000,11:24:17,101.93,3222,28358,3284073700,0,0,0
TF2203,20220218,20220218,112417500,11:24:18,101.93,3222,28358,3284073700,0,0,0
TF2203,20220218,20220218,112418000,11:24:18,101.93,3222,28358,3284073700,0,0,0
TF2203,20220218,20220218,112418500,11:24:19,101.93,3222,28358,3284073700,0,0,0
TF2203,20220218,20220218,112419000,11:24:19,101.93,3222,28358,3284073700,0,0,0
TF2203,20220218,20220218,112419500,11:24:20,101.93,3222,28358,3284073700,0,0,0
TF2203,20220218,20220218,112420000,11:24:20,101.93,3222,28358,3284073700,0,0,0
TF2203,20220218,20220218,112420500,11:24:20,101.93,3222,28358,3284073700,0,0,0
TF2203,20220218,20220218,112421000,11:24:21,101.93,3222,28358,3284073700,0,0,0
TF2203,20220218,20220218,112421500,11:24:22,101.93,3222,28358,3284073700,0,0,0
TF2203,20220218,20220218,112422000,11:24:22,101.93,3278,28342,3341154500,56,-16,57080800
TF2203,20220218,20220218,112422500,11:24:23,101.93,3278,28342,3341154500,0,0,0
TF2203,20220218,20220218,112423000,11:24:23,101.93,3278,28342,3341154500,0,0,0
TF2203,20220218,20220218,112423500,11:24:23,101.93,3278,28342,3341154500,0,0,0
TF2203,20220218,20220218,112424000,11:24:24,101.93,3278,28342,3341154500,0,0,0
TF2203,20220218,20220218,112424500,11:24:24,101.93,3278,28342,3341154500,0,0,0
TF2203,20220218,20220218,112425000,11:24:25,101.93,3278,28342,3341154500,0,0,0
TF2203,20220218,20220218,112425500,11:24:25,101.93,3278,28342,3341154500,0,0,0
TF2203,20220218,20220218,112426000,11:24:26,101.93,3278,28342,3341154500,0,0,0
TF2203,20220218,20220218,112426500,11:24:26,101.93,3278,28342,3341154500,0,0,0
TF2203,20220218,20220218,112427000,11:24:27,101.93,3278,28342,3341154500,0,0,0
TF2203,20220218,20220218,112427500,11:24:28,101.93,3278,28342,3341154500,0,0,0
TF2203,20220218,20220218,112428000,11:24:28,101.93,3278,28342,3341154500,0,0,0
TF2203,20220218,20220218,112428500,11:24:28,101.93,3278,28342,3341154500,0,0,0
TF2203,20220218,20220218,112429000,11:24:29,101.93,3278,28342,3341154500,0,0,0
TF2203,20220218,20220218,112429500,11:24:29,101.93,3278,28342,3341154500,0,0,0
TF2203,20220218,20220218,112430000,11:24:30,101.93,3278,28342,3341154500,0,0,0
TF2203,20220218,20220218,112430500,11:24:30,101.93,3278,28342,3341154500,0,0,0
TF2203,20220218,20220218,112431000,11:24:31,101.93,3278,28342,3341154500,0,0,0
TF2203,20220218,20220218,112431500,11:24:31,101.93,3278,28342,3341154500,0,0,0
TF2203,20220218,20220218,112432000,11:24:32,101.93,3278,28342,3341154500,0,0,0
TF2203,20220218,20220218,112432500,11:24:32,101.93,3278,28342,3341154500,0,0,0
TF2203,20220218,20220218,112433000,11:24:33,101.93,3278,28342,3341154500,0,0,0
TF2203,20220218,20220218,112433500,11:24:33,101.93,3278,28342,3341154500,0,0,0
TF2203,20220218,20220218,112434000,11:24:34,101.93,3278,28342,3341154500,0,0,0
TF2203,20220218,20220218,112434500,11:24:34,101.93,3278,28342,3341154500,0,0,0
TF2203,20220218,20220218,112435000,11:24:35,101.93,3278,28342,3341154500,0,0,0
TF2203,20220218,20220218,112435500,11:24:35,101.93,3278,28342,3341154500,0,0,0
TF2203,20220218,20220218,112436000,11:24:36,101.93,3278,28342,3341154500,0,0,0
TF2203,20220218,20220218,112436500,11:24:36,101.93,3278,28342,3341154500,0,0,0
TF2203,20220218,20220218,112437000,11:24:37,101.93,3278,28342,3341154500,0,0,0
TF2203,20220218,20220218,112437500,11:24:37,101.93,3278,28342,3341154500,0,0,0
TF2203,20220218,20220218,112438000,11:24:39,101.93,3278,28342,3341154500,0,0,0
TF2203,20220218,20220218,112438500,11:24:39,101.93,3278,28342,3341154500,0,0,0
TF2203,20220218,20220218,112439000,11:24:40,101.93,3278,28342,3341154500,0,0,0
TF2203,20220218,20220218,112439500,11:24:40,101.93,3278,28342,3341154500,0,0,0
TF2203,20220218,20220218,112440000,11:24:40,101.93,3278,28342,3341154500,0,0,0
TF2203,20220218,20220218,112440500,11:24:40,101.93,3278,28342,3341154500,0,0,0
TF2203,20220218,20220218,112441000,11:24:41,101.93,3278,28342,3341154500,0,0,0
TF2203,20220218,20220218,112441500,11:24:41,101.93,3278,28342,3341154500,0,0,0
TF2203,20220218,20220218,112442000,11:24:42,101.93,3278,28342,3341154500,0,0,0
TF2203,20220218,20220218,112442500,11:24:42,101.93,3278,28342,3341154500,0,0,0
TF2203,20220218,20220218,112443000,11:24:43,101.93,3278,28342,3341154500,0,0,0
TF2203,20220218,20220218,112443500,11:24:43,101.93,3278,28342,3341154500,0,0,0
TF2203,20220218,20220218,112444000,11:24:44,101.93,3278,28342,3341154500,0,0,0
TF2203,20220218,20220218,112444500,11:24:44,101.93,3278,28342,3341154500,0,0,0
TF2203,20220218,20220218,112445000,11:24:45,101.93,3308,28317,3371733500,30,-25,30579000
TF2203,20220218,20220218,112445500,11:24:45,101.93,3308,28317,3371733500,0,0,0
TF2203,20220218,20220218,112446000,11:24:46,101.93,3308,28317,3371733500,0,0,0
TF2203,20220218,20220218,112446500,11:24:46,101.93,3308,28317,3371733500,0,0,0
TF2203,20220218,20220218,112447000,11:24:47,101.93,3308,28317,3371733500,0,0,0
TF2203,20220218,20220218,112447500,11:24:47,101.93,3308,28317,3371733500,0,0,0
TF2203,20220218,20220218,112448000,11:24:48,101.93,3308,28317,3371733500,0,0,0
TF2203,20220218,20220218,112448500,11:24:48,101.93,3308,28317,3371733500,0,0,0
TF2203,20220218,20220218,112449000,11:24:49,101.93,3308,28317,3371733500,0,0,0
TF2203,20220218,20220218,112449500,11:24:49,101.93,3308,28317,3371733500,0,0,0
TF2203,20220218,20220218,112450000,11:24:50,101.93,3308,28317,3371733500,0,0,0
TF2203,20220218,20220218,112450500,11:24:50,101.93,3308,28317,3371733500,0,0,0
TF2203,20220218,20220218,112451000,11:24:51,101.93,3308,28317,3371733500,0,0,0
TF2203,20220218,20220218,112451500,11:24:52,101.93,3308,28317,3371733500,0,0,0
TF2203,20220218,20220218,112452000,11:24:52,101.93,3308,28317,3371733500,0,0,0
TF2203,20220218,20220218,112452500,11:24:52,101.93,3308,28317,3371733500,0,0,0
TF2203,20220218,20220218,112453000,11:24:53,101.93,3308,28317,3371733500,0,0,0
TF2203,20220218,20220218,112453500,11:24:53,101.93,3308,28317,3371733500,0,0,0
TF2203,20220218,20220218,112454000,11:24:54,101.93,3308,28317,3371733500,0,0,0
TF2203,20220218,20220218,112454500,11:24:54,101.93,3308,28317,3371733500,0,0,0
TF2203,20220218,20220218,112455000,11:24:55,101.93,3308,28317,3371733500,0,0,0
TF2203,20220218,20220218,112455500,11:24:56,101.93,3308,28317,3371733500,0,0,0
TF2203,20220218,20220218,112456000,11:24:56,101.93,3308,28317,3371733500,0,0,0
TF2203,20220218,20220218,112456500,11:24:56,101.93,3308,28317,3371733500,0,0,0
TF2203,20220218,20220218,112457000,11:24:57,101.93,3308,28317,3371733500,0,0,0
TF2203,20220218,20220218,112457500,11:24:57,101.93,3308,28317,3371733500,0,0,0
TF2203,20220218,20220218,112458000,11:24:58,101.93,3308,28317,3371733500,0,0,0
TF2203,20220218,20220218,112458500,11:24:58,101.93,3308,28317,3371733500,0,0,0
TF2203,20220218,20220218,112459000,11:24:59,101.93,3308,28317,3371733500,0,0,0
TF2203,20220218,20220218,112459500,11:24:59,101.93,3308,28317,3371733500,0,0,0
TF2203,20220218,20220218,112500000,11:25:00,101.93,3308,28317,3371733500,0,0,0
TF2203,20220218,20220218,112500500,11:25:01,101.93,3308,28317,3371733500,0,0,0
TF2203,20220218,20220218,112501000,11:25:02,101.93,3308,28317,3371733500,0,0,0
TF2203,20220218,20220218,112501500,11:25:04,101.93,3308,28317,3371733500,0,0,0
TF2203,20220218,20220218,112502000,11:25:05,101.93,3308,28317,3371733500,0,0,0
TF2203,20220218,20220218,112502500,11:25:06,101.93,3308,28317,3371733500,0,0,0
TF2203,20220218,20220218,112505000,11:25:06,101.93,3308,28317,3371733500,0,0,0
TF2203,20220218,20220218,112505500,11:25:06,101.93,3308,28317,3371733500,0,0,0
TF2203,20220218,20220218,112506000,11:25:07,101.93,3308,28317,3371733500,0,0,0
TF2203,20220218,20220218,112506500,11:25:07,101.93,3308,28317,3371733500,0,0,0
TF2203,20220218,20220218,112507000,11:25:07,101.93,3308,28317,3371733500,0,0,0
TF2203,20220218,20220218,112507500,11:25:07,101.93,3308,28317,3371733500,0,0,0
TF2203,20220218,20220218,112508000,11:25:08,101.93,3308,28317,3371733500,0,0,0
TF2203,20220218,20220218,112508500,11:25:08,101.93,3308,28317,3371733500,0,0,0
TF2203,20220218,20220218,112509000,11:25:09,101.93,3308,28317,3371733500,0,0,0
TF2203,20220218,20220218,112509500,11:25:10,101.93,3308,28317,3371733500,0,0,0
TF2203,20220218,20220218,112510000,11:25:10,101.93,3308,28317,3371733500,0,0,0
TF2203,20220218,20220218,112510500,11:25:10,101.93,3308,28317,3371733500,0,0,0
TF2203,20220218,20220218,112511000,11:25:11,101.93,3308,28317,3371733500,0,0,0
TF2203,20220218,20220218,112511500,11:25:11,101.93,3308,28317,3371733500,0,0,0
TF2203,20220218,20220218,112512000,11:25:12,101.93,3308,28317,3371733500,0,0,0
TF2203,20220218,20220218,112512500,11:25:12,101.93,3308,28317,3371733500,0,0,0
TF2203,20220218,20220218,112513000,11:25:13,101.93,3308,28317,3371733500,0,0,0
TF2203,20220218,20220218,112513500,11:25:15,101.93,3308,28317,3371733500,0,0,0
TF2203,20220218,20220218,112514000,11:25:15,101.93,3308,28317,3371733500,0,0,0
TF2203,20220218,20220218,112514500,11:25:15,101.93,3308,28317,3371733500,0,0,0
TF2203,20220218,20220218,112515000,11:25:16,101.93,3308,28317,3371733500,0,0,0
TF2203,20220218,20220218,112515500,11:25:16,101.93,3308,28317,3371733500,0,0,0
TF2203,20220218,20220218,112516000,11:25:16,101.93,3308,28317,3371733500,0,0,0
TF2203,20220218,20220218,112516500,11:25:16,101.93,3308,28317,3371733500,0,0,0
TF2203,20220218,20220218,112517000,11:25:17,101.93,3308,28317,3371733500,0,0,0
TF2203,20220218,20220218,112517500,11:25:18,101.93,3308,28317,3371733500,0,0,0
TF2203,20220218,20220218,112518000,11:25:18,101.93,3308,28317,3371733500,0,0,0
TF2203,20220218,20220218,112518500,11:25:19,101.93,3308,28317,3371733500,0,0,0
TF2203,20220218,20220218,112519000,11:25:19,101.93,3308,28317,3371733500,0,0,0
TF2203,20220218,20220218,112519500,11:25:19,101.93,3308,28317,3371733500,0,0,0
TF2203,20220218,20220218,112520000,11:25:20,101.93,3308,28317,3371733500,0,0,0
TF2203,20220218,20220218,112520500,11:25:21,101.93,3308,28317,3371733500,0,0,0
TF2203,20220218,20220218,112521000,11:25:21,101.93,3308,28317,3371733500,0,0,0
TF2203,20220218,20220218,112521500,11:25:22,101.93,3308,28317,3371733500,0,0,0
TF2203,20220218,20220218,112522000,11:25:22,101.93,3308,28317,3371733500,0,0,0
TF2203,20220218,20220218,112522500,11:25:22,101.93,3308,28317,3371733500,0,0,0
TF2203,20220218,20220218,112523000,11:25:23,101.93,3308,28317,3371733500,0,0,0
TF2203,20220218,20220218,112523500,11:25:24,101.93,3308,28317,3371733500,0,0,0
TF2203,20220218,20220218,112524000,11:25:25,101.93,3308,28317,3371733500,0,0,0
TF2203,20220218,20220218,112524500,11:25:25,101.93,3308,28317,3371733500,0,0,0
TF2203,20220218,20220218,112525000,11:25:25,101.93,3308,28317,3371733500,0,0,0
TF2203,20220218,20220218,112525500,11:25:26,101.93,3308,28317,3371733500,0,0,0
TF2203,20220218,20220218,112526000,11:25:26,101.93,3308,28317,3371733500,0,0,0
TF2203,20220218,20220218,112526500,11:25:27,101.93,3308,28317,3371733500,0,0,0
TF2203,20220218,20220218,112527000,11:25:27,101.93,3308,28317,3371733500,0,0,0
TF2203,20220218,20220218,112527500,11:25:28,101.93,3308,28317,3371733500,0,0,0
TF2203,20220218,20220218,112528000,11:25:28,101.93,3308,28317,3371733500,0,0,0
TF2203,20220218,20220218,112528500,11:25:28,101.93,3308,28317,3371733500,0,0,0
TF2203,20220218,20220218,112529000,11:25:29,101.93,3308,28317,3371733500,0,0,0
TF2203,20220218,20220218,112529500,11:25:30,101.93,3308,28317,3371733500,0,0,0
TF2203,20220218,20220218,112530000,11:25:30,101.93,3308,28317,3371733500,0,0,0
TF2203,20220218,20220218,112530500,11:25:31,101.93,3308,28317,3371733500,0,0,0
TF2203,20220218,20220218,112531000,11:25:31,101.93,3308,28317,3371733500,0,0,0
TF2203,20220218,20220218,112531500,11:25:32,101.93,3308,28317,3371733500,0,0,0
TF2203,20220218,20220218,112532000,11:25:32,101.93,3308,28317,3371733500,0,0,0
TF2203,20220218,20220218,112532500,11:25:33,101.93,3308,28317,3371733500,0,0,0
TF2203,20220218,20220218,112533000,11:25:33,101.93,3308,28317,3371733500,0,0,0
TF2203,20220218,20220218,112533500,11:25:33,101.93,3308,28317,3371733500,0,0,0
TF2203,20220218,20220218,112534000,11:25:34,101.93,3308,28317,3371733500,0,0,0
TF2203,20220218,20220218,112534500,11:25:35,101.93,3308,28317,3371733500,0,0,0
TF2203,20220218,20220218,112535000,11:25:36,101.93,3308,28317,3371733500,0,0,0
TF2203,20220218,20220218,112535500,11:25:37,101.93,3308,28317,3371733500,0,0,0
TF2203,20220218,20220218,112536000,11:25:37,101.93,3308,28317,3371733500,0,0,0
TF2203,20220218,20220218,112536500,11:25:37,101.93,3308,28317,3371733500,0,0,0
TF2203,20220218,20220218,112537000,11:25:37,101.93,3308,28317,3371733500,0,0,0
TF2203,20220218,20220218,112537500,11:25:38,101.93,3308,28317,3371733500,0,0,0
TF2203,20220218,20220218,112538000,11:25:38,101.93,3308,28317,3371733500,0,0,0
TF2203,20220218,20220218,112538500,11:25:39,101.93,3308,28317,3371733500,0,0,0
TF2203,20220218,20220218,112539000,11:25:39,101.93,3308,28317,3371733500,0,0,0
TF2203,20220218,20220218,112539500,11:25:40,101.93,3308,28317,3371733500,0,0,0
TF2203,20220218,20220218,112540000,11:25:40,101.93,3308,28317,3371733500,0,0,0
TF2203,20220218,20220218,112540500,11:25:40,101.93,3308,28317,3371733500,0,0,0
TF2203,20220218,20220218,112541000,11:25:41,101.93,3308,28317,3371733500,0,0,0
TF2203,20220218,20220218,112541500,11:25:41,101.93,3308,28317,3371733500,0,0,0
TF2203,20220218,20220218,112542000,11:25:42,101.93,3308,28317,3371733500,0,0,0
TF2203,20220218,20220218,112542500,11:25:42,101.93,3308,28317,3371733500,0,0,0
TF2203,20220218,20220218,112543000,11:25:43,101.93,3308,28317,3371733500,0,0,0
TF2203,20220218,20220218,112543500,11:25:43,101.93,3308,28317,3371733500,0,0,0
TF2203,20220218,20220218,112544000,11:25:44,101.93,3308,28317,3371733500,0,0,0
TF2203,20220218,20220218,112544500,11:25:44,101.93,3308,28317,3371733500,0,0,0
TF2203,20220218,20220218,112545000,11:25:45,101.93,3308,28317,3371733500,0,0,0
TF2203,20220218,20220218,112545500,11:25:46,101.93,3308,28317,3371733500,0,0,0
TF2203,20220218,20220218,112546000,11:25:47,101.93,3308,28317,3371733500,0,0,0
TF2203,20220218,20220218,112546500,11:25:48,101.93,3308,28317,3371733500,0,0,0
TF2203,20220218,20220218,112547000,11:25:48,101.93,3308,28317,3371733500,0,0,0
TF2203,20220218,20220218,112547500,11:25:48,101.93,3308,28317,3371733500,0,0,0
TF2203,20220218,20220218,112548000,11:25:48,101.93,3308,28317,3371733500,0,0,0
TF2203,20220218,20220218,112548500,11:25:48,101.93,3308,28317,3371733500,0,0,0
TF2203,20220218,20220218,112549000,11:25:49,101.93,3308,28317,3371733500,0,0,0
TF2203,20220218,20220218,112549500,11:25:49,101.93,3308,28317,3371733500,0,0,0
TF2203,20220218,20220218,112550500,11:25:51,101.93,3308,28317,3371733500,0,0,0
TF2203,20220218,20220218,112551000,11:25:51,101.93,3308,28317,3371733500,0,0,0
TF2203,20220218,20220218,112551500,11:25:51,101.93,3308,28317,3371733500,0,0,0
TF2203,20220218,20220218,112552000,11:25:52,101.93,3308,28317,3371733500,0,0,0
TF2203,20220218,20220218,112552500,11:25:52,101.93,3308,28317,3371733500,0,0,0
TF2203,20220218,20220218,112553000,11:25:53,101.93,3308,28317,3371733500,0,0,0
TF2203,20220218,20220218,112553500,11:25:54,101.93,3308,28317,3371733500,0,0,0
TF2203,20220218,20220218,112554000,11:25:54,101.93,3308,28317,3371733500,0,0,0
TF2203,20220218,20220218,112554500,11:25:54,101.93,3308,28317,3371733500,0,0,0
TF2203,20220218,20220218,112555000,11:25:55,101.93,3308,28317,3371733500,0,0,0
TF2203,20220218,20220218,112555500,11:25:56,101.93,3308,28317,3371733500,0,0,0
TF2203,20220218,20220218,112556000,11:25:57,101.93,3308,28317,3371733500,0,0,0
TF2203,20220218,20220218,112556500,11:25:57,101.93,3308,28317,3371733500,0,0,0
TF2203,20220218,20220218,112557000,11:25:57,101.93,3308,28317,3371733500,0,0,0
TF2203,20220218,20220218,112557500,11:25:57,101.93,3308,28317,3371733500,0,0,0
TF2203,20220218,20220218,112558000,11:25:59,101.93,3308,28317,3371733500,0,0,0
TF2203,20220218,20220218,112558500,11:25:59,101.93,3308,28317,3371733500,0,0,0
TF2203,20220218,20220218,112559000,11:26:00,101.93,3308,28317,3371733500,0,0,0
TF2203,20220218,20220218,112559500,11:26:00,101.93,3308,28317,3371733500,0,0,0
TF2203,20220218,20220218,112600000,11:26:00,101.93,3308,28317,3371733500,0,0,0
TF2203,20220218,20220218,112600500,11:26:01,101.93,3308,28317,3371733500,0,0,0
TF2203,20220218,20220218,112601000,11:26:01,101.93,3308,28317,3371733500,0,0,0
TF2203,20220218,20220218,112601500,11:26:02,101.93,3308,28317,3371733500,0,0,0
TF2203,20220218,20220218,112602000,11:26:03,101.93,3308,28317,3371733500,0,0,0
TF2203,20220218,20220218,112602500,11:26:03,101.93,3308,28317,3371733500,0,0,0
TF2203,20220218,20220218,112603000,11:26:03,101.93,3308,28317,3371733500,0,0,0
TF2203,20220218,20220218,112603500,11:26:04,101.93,3308,28317,3371733500,0,0,0
TF2203,20220218,20220218,112604000,11:26:05,101.93,3308,28317,3371733500,0,0,0
TF2203,20220218,20220218,112604500,11:26:05,101.93,3308,28317,3371733500,0,0,0
TF2203,20220218,20220218,112605000,11:26:05,101.93,3308,28317,3371733500,0,0,0
TF2203,20220218,20220218,112605500,11:26:06,101.93,3308,28317,3371733500,0,0,0
TF2203,20220218,20220218,112606000,11:26:06,101.93,3308,28317,3371733500,0,0,0
TF2203,20220218,20220218,112606500,11:26:07,101.93,3308,28317,3371733500,0,0,0
TF2203,20220218,20220218,112607000,11:26:09,101.93,3308,28317,3371733500,0,0,0
TF2203,20220218,20220218,112607500,11:26:09,101.93,3308,28317,3371733500,0,0,0
TF2203,20220218,20220218,112609000,11:26:10,101.93,3308,28317,3371733500,0,0,0
TF2203,20220218,20220218,112609500,11:26:10,101.93,3308,28317,3371733500,0,0,0
TF2203,20220218,20220218,112610000,11:26:10,101.93,3308,28317,3371733500,0,0,0
TF2203,20220218,20220218,112610500,11:26:10,101.93,3308,28317,3371733500,0,0,0
TF2203,20220218,20220218,112611000,11:26:11,101.93,3308,28317,3371733500,0,0,0
TF2203,20220218,20220218,112611500,11:26:13,101.93,3308,28317,3371733500,0,0,0
TF2203,20220218,20220218,112612000,11:26:14,101.93,3308,28317,3371733500,0,0,0
TF2203,20220218,20220218,112612500,11:26:14,101.93,3308,28317,3371733500,0,0,0
TF2203,20220218,20220218,112613000,11:26:15,101.93,3308,28317,3371733500,0,0,0
TF2203,20220218,20220218,112614000,11:26:15,101.93,3308,28317,3371733500,0,0,0
TF2203,20220218,20220218,112614500,11:26:15,101.93,3308,28317,3371733500,0,0,0
TF2203,20220218,20220218,112615000,11:26:16,101.93,3308,28317,3371733500,0,0,0
TF2203,20220218,20220218,112615500,11:26:16,101.93,3308,28317,3371733500,0,0,0
TF2203,20220218,20220218,112616000,11:26:16,101.93,3308,28317,3371733500,0,0,0
TF2203,20220218,20220218,112616500,11:26:17,101.93,3308,28317,3371733500,0,0,0
TF2203,20220218,20220218,112617000,11:26:17,101.93,3308,28317,3371733500,0,0,0
TF2203,20220218,20220218,112617500,11:26:17,101.93,3308,28317,3371733500,0,0,0
TF2203,20220218,20220218,112618000,11:26:18,101.93,3308,28317,3371733500,0,0,0
TF2203,20220218,20220218,112618500,11:26:19,101.93,3308,28317,3371733500,0,0,0
TF2203,20220218,20220218,112619000,11:26:19,101.93,3308,28317,3371733500,0,0,0
TF2203,20220218,20220218,112619500,11:26:20,101.93,3308,28317,3371733500,0,0,0
TF2203,20220218,20220218,112620000,11:26:20,101.93,3308,28317,3371733500,0,0,0
TF2203,20220218,20220218,112620500,11:26:20,101.93,3308,28317,3371733500,0,0,0
TF2203,20220218,20220218,112621000,11:26:21,101.93,3308,28317,3371733500,0,0,0
TF2203,20220218,20220218,112621500,11:26:21,101.93,3308,28317,3371733500,0,0,0
TF2203,20220218,20220218,112622000,11:26:22,101.93,3308,28317,3371733500,0,0,0
TF2203,20220218,20220218,112622500,11:26:22,101.93,3308,28317,3371733500,0,0,0
TF2203,20220218,20220218,112623000,11:26:23,101.93,3308,28317,3371733500,0,0,0
TF2203,20220218,20220218,112623500,11:26:23,101.93,3308,28317,3371733500,0,0,0
TF2203,20220218,20220218,112624000,11:26:24,101.93,3308,28317,3371733500,0,0,0
TF2203,20220218,20220218,112624500,11:26:24,101.93,3308,28317,3371733500,0,0,0
TF2203,20220218,20220218,112625000,11:26:25,101.93,3308,28317,3371733500,0,0,0
TF2203,20220218,20220218,112625500,11:26:25,101.93,3308,28317,3371733500,0,0,0
TF2203,20220218,20220218,112626000,11:26:26,101.93,3308,28317,3371733500,0,0,0
TF2203,20220218,20220218,112626500,11:26:26,101.93,3308,28317,3371733500,0,0,0
TF2203,20220218,20220218,112627000,11:26:27,101.93,3308,28317,3371733500,0,0,0
TF2203,20220218,20220218,112627500,11:26:27,101.93,3308,28317,3371733500,0,0,0
TF2203,20220218,20220218,112628000,11:26:28,101.93,3308,28317,3371733500,0,0,0
TF2203,20220218,20220218,112628500,11:26:28,101.93,3308,28317,3371733500,0,0,0
TF2203,20220218,20220218,112629000,11:26:29,101.93,3316,28314,3379887900,8,-3,8154400
TF2203,20220218,20220218,112629500,11:26:30,101.93,3316,28314,3379887900,0,0,0
TF2203,20220218,20220218,112630000,11:26:31,101.93,3316,28314,3379887900,0,0,0
TF2203,20220218,20220218,112630500,11:26:31,101.93,3316,28314,3379887900,0,0,0
TF2203,20220218,20220218,112631000,11:26:31,101.93,3316,28314,3379887900,0,0,0
TF2203,20220218,20220218,112631500,11:26:32,101.93,3316,28314,3379887900,0,0,0
TF2203,20220218,20220218,112632000,11:26:32,101.93,3316,28314,3379887900,0,0,0
TF2203,20220218,20220218,112632500,11:26:32,101.93,3316,28314,3379887900,0,0,0
TF2203,20220218,20220218,112633000,11:26:33,101.93,3318,28314,3381926500,2,0,2038600
TF2203,20220218,20220218,112633500,11:26:34,101.93,3318,28314,3381926500,0,0,0
TF2203,20220218,20220218,112634000,11:26:35,101.93,3318,28314,3381926500,0,0,0
TF2203,20220218,20220218,112634500,11:26:37,101.93,3318,28314,3381926500,0,0,0
TF2203,20220218,20220218,112635000,11:26:37,101.93,3318,28314,3381926500,0,0,0
TF2203,20220218,20220218,112635500,11:26:38,101.93,3318,28314,3381926500,0,0,0
TF2203,20220218,20220218,112636000,11:26:38,101.93,3318,28314,3381926500,0,0,0
TF2203,20220218,20220218,112637000,11:26:38,101.93,3318,28314,3381926500,0,0,0
TF2203,20220218,20220218,112637500,11:27:10,101.93,3318,28314,3381926500,0,0,0
TF2203,20220218,20220218,112638000,11:27:10,101.93,3318,28314,3381926500,0,0,0
TF2203,20220218,20220218,112638500,11:27:10,101.93,3318,28314,3381926500,0,0,0
TF2203,20220218,20220218,112653500,11:27:10,101.93,3318,28314,3381926500,0,0,0
TF2203,20220218,20220218,112710000,11:27:12,101.93,3318,28314,3381926500,0,0,0
TF2203,20220218,20220218,112710500,11:27:12,101.93,3318,28314,3381926500,0,0,0
TF2203,20220218,20220218,112712000,11:27:12,101.93,3318,28314,3381926500,0,0,0
TF2203,20220218,20220218,112712500,11:27:13,101.93,3318,28314,3381926500,0,0,0
TF2203,20220218,20220218,112713000,11:27:14,101.93,3318,28314,3381926500,0,0,0
TF2203,20220218,20220218,112713500,11:27:14,101.93,3318,28314,3381926500,0,0,0
TF2203,20220218,20220218,112714000,11:27:15,101.93,3318,28314,3381926500,0,0,0
TF2203,20220218,20220218,112714500,11:27:15,101.93,3318,28314,3381926500,0,0,0
TF2203,20220218,20220218,112715000,11:27:16,101.93,3318,28314,3381926500,0,0,0
TF2203,20220218,20220218,112715500,11:27:16,101.93,3318,28314,3381926500,0,0,0
TF2203,20220218,20220218,112716000,11:27:17,101.93,3318,28314,3381926500,0,0,0
TF2203,20220218,20220218,112716500,11:27:17,101.93,3318,28314,3381926500,0,0,0
TF2203,20220218,20220218,112717000,11:27:17,101.93,3318,28314,3381926500,0,0,0
TF2203,20220218,20220218,112717500,11:27:17,101.93,3318,28314,3381926500,0,0,0
TF2203,20220218,20220218,112718000,11:27:18,101.93,3318,28314,3381926500,0,0,0
TF2203,20220218,20220218,112718500,11:27:19,101.93,3318,28314,3381926500,0,0,0
TF2203,20220218,20220218,112719000,11:27:19,101.93,3318,28314,3381926500,0,0,0
TF2203,20220218,20220218,112719500,11:27:20,101.93,3318,28314,3381926500,0,0,0
TF2203,20220218,20220218,112720000,11:27:20,101.93,3318,28314,3381926500,0,0,0
TF2203,20220218,20220218,112720500,11:27:21,101.93,3318,28314,3381926500,0,0,0
TF2203,20220218,20220218,112721000,11:27:21,101.93,3318,28314,3381926500,0,0,0
TF2203,20220218,20220218,112721500,11:27:22,101.93,3318,28314,3381926500,0,0,0
TF2203,20220218,20220218,112722000,11:27:22,101.93,3318,28314,3381926500,0,0,0
TF2203,20220218,20220218,112722500,11:27:26,101.93,3318,28314,3381926500,0,0,0
TF2203,20220218,20220218,112723000,11:27:26,101.93,3318,28314,3381926500,0,0,0
TF2203,20220218,20220218,112723500,11:27:27,101.93,3318,28314,3381926500,0,0,0
TF2203,20220218,20220218,112724000,11:27:27,101.93,3318,28314,3381926500,0,0,0
TF2203,20220218,20220218,112726500,11:27:27,101.93,3318,28314,3381926500,0,0,0
TF2203,20220218,20220218,112727000,11:27:27,101.93,3318,28314,3381926500,0,0,0
TF2203,20220218,20220218,112727500,11:27:27,101.93,3318,28314,3381926500,0,0,0
TF2203,20220218,20220218,112728000,11:27:28,101.93,3318,28314,3381926500,0,0,0
TF2203,20220218,20220218,112728500,11:27:28,101.93,3318,28314,3381926500,0,0,0
TF2203,20220218,20220218,112729000,11:27:29,101.93,3318,28314,3381926500,0,0,0
TF2203,20220218,20220218,112729500,11:27:30,101.93,3318,28314,3381926500,0,0,0
TF2203,20220218,20220218,112730000,11:27:30,101.93,3318,28314,3381926500,0,0,0
TF2203,20220218,20220218,112730500,11:27:31,101.93,3318,28314,3381926500,0,0,0
TF2203,20220218,20220218,112731000,11:27:32,101.93,3318,28314,3381926500,0,0,0
TF2203,20220218,20220218,112731500,11:27:35,101.93,3318,28314,3381926500,0,0,0
TF2203,20220218,20220218,112732000,11:27:36,101.93,3318,28314,3381926500,0,0,0
TF2203,20220218,20220218,112735500,11:27:36,101.93,3318,28314,3381926500,0,0,0
TF2203,20220218,20220218,112736000,11:27:37,101.93,3318,28314,3381926500,0,0,0
TF2203,20220218,20220218,112736500,11:27:38,101.93,3318,28314,3381926500,0,0,0
TF2203,20220218,20220218,112737000,11:27:38,101.93,3318,28314,3381926500,0,0,0
TF2203,20220218,20220218,112737500,11:27:38,101.93,3318,28314,3381926500,0,0,0
TF2203,20220218,20220218,112738000,11:27:38,101.93,3318,28314,3381926500,0,0,0
TF2203,20220218,20220218,112738500,11:27:39,101.93,3318,28314,3381926500,0,0,0
TF2203,20220218,20220218,112739000,11:27:39,101.93,3318,28314,3381926500,0,0,0
TF2203,20220218,20220218,112739500,11:27:39,101.93,3318,28314,3381926500,0,0,0
TF2203,20220218,20220218,112740000,11:27:40,101.93,3318,28314,3381926500,0,0,0
TF2203,20220218,20220218,112740500,11:27:40,101.93,3318,28314,3381926500,0,0,0
TF2203,20220218,20220218,112741000,11:27:41,101.93,3318,28314,3381926500,0,0,0
TF2203,20220218,20220218,112741500,11:27:41,101.93,3318,28314,3381926500,0,0,0
TF2203,20220218,20220218,112742000,11:27:42,101.93,3318,28314,3381926500,0,0,0
TF2203,20220218,20220218,112742500,11:27:43,101.93,3318,28314,3381926500,0,0,0
TF2203,20220218,20220218,112743000,11:27:43,101.93,3318,28314,3381926500,0,0,0
TF2203,20220218,20220218,112743500,11:27:43,101.93,3318,28314,3381926500,0,0,0
TF2203,20220218,20220218,112744000,11:27:44,101.93,3318,28314,3381926500,0,0,0
TF2203,20220218,20220218,112744500,11:27:45,101.93,3318,28314,3381926500,0,0,0
TF2203,20220218,20220218,112745000,11:27:45,101.93,3318,28314,3381926500,0,0,0
TF2203,20220218,20220218,112745500,11:27:46,101.93,3318,28314,3381926500,0,0,0
TF2203,20220218,20220218,112746000,11:27:46,101.93,3318,28314,3381926500,0,0,0
TF2203,20220218,20220218,112746500,11:27:47,101.93,3318,28314,3381926500,0,0,0
TF2203,20220218,20220218,112747000,11:27:47,101.93,3318,28314,3381926500,0,0,0
TF2203,20220218,20220218,112747500,11:27:47,101.93,3318,28314,3381926500,0,0,0
TF2203,20220218,20220218,112748000,11:27:49,101.93,3318,28314,3381926500,0,0,0
TF2203,20220218,20220218,112748500,11:27:54,101.93,3318,28314,3381926500,0,0,0
TF2203,20220218,20220218,112749000,11:27:54,101.93,3318,28314,3381926500,0,0,0
TF2203,20220218,20220218,112749500,11:27:54,101.93,3318,28314,3381926500,0,0,0
TF2203,20220218,20220218,112754000,11:27:54,101.93,3318,28314,3381926500,0,0,0
TF2203,20220218,20220218,112754500,11:27:54,101.93,3318,28314,3381926500,0,0,0
TF2203,20220218,20220218,112755000,11:27:55,101.93,3318,28314,3381926500,0,0,0
TF2203,20220218,20220218,112755500,11:27:55,101.93,3318,28314,3381926500,0,0,0
TF2203,20220218,20220218,112756000,11:27:56,101.93,3318,28314,3381926500,0,0,0
TF2203,20220218,20220218,112756500,11:27:56,101.925,3323,28315,3387023000,5,1,5096500
TF2203,20220218,20220218,112757000,11:27:57,101.925,3323,28315,3387023000,0,0,0
TF2203,20220218,20220218,112757500,11:27:57,101.925,3323,28315,3387023000,0,0,0
TF2203,20220218,20220218,112758000,11:27:58,101.925,3323,28315,3387023000,0,0,0
TF2203,20220218,20220218,112758500,11:27:59,101.925,3323,28315,3387023000,0,0,0
TF2203,20220218,20220218,112759000,11:27:59,101.925,3323,28315,3387023000,0,0,0
TF2203,20220218,20220218,112759500,11:27:59,101.925,3323,28315,3387023000,0,0,0
TF2203,20220218,20220218,112800000,11:28:00,101.925,3323,28315,3387023000,0,0,0
TF2203,20220218,20220218,112800500,11:28:01,101.925,3323,28315,3387023000,0,0,0
TF2203,20220218,20220218,112801000,11:28:01,101.925,3323,28315,3387023000,0,0,0
TF2203,20220218,20220218,112801500,11:28:02,101.925,3323,28315,3387023000,0,0,0
TF2203,20220218,20220218,112802000,11:28:03,101.925,3323,28315,3387023000,0,0,0
TF2203,20220218,20220218,112802500,11:28:03,101.925,3323,28315,3387023000,0,0,0
TF2203,20220218,20220218,112803000,11:28:04,101.925,3323,28315,3387023000,0,0,0
TF2203,20220218,20220218,112803500,11:28:04,101.925,3323,28315,3387023000,0,0,0
TF2203,20220218,20220218,112804000,11:28:04,101.925,3323,28315,3387023000,0,0,0
TF2203,20220218,20220218,112804500,11:28:05,101.925,3323,28315,3387023000,0,0,0
TF2203,20220218,20220218,112805000,11:28:06,101.925,3323,28315,3387023000,0,0,0
TF2203,20220218,20220218,112805500,11:28:06,101.925,3323,28315,3387023000,0,0,0
TF2203,20220218,20220218,112806000,11:28:10,101.925,3323,28315,3387023000,0,0,0
TF2203,20220218,20220218,112806500,11:28:10,101.925,3323,28315,3387023000,0,0,0
TF2203,20220218,20220218,112807000,11:28:10,101.925,3323,28315,3387023000,0,0,0
TF2203,20220218,20220218,112810000,11:28:11,101.925,3323,28315,3387023000,0,0,0
TF2203,20220218,20220218,112810500,11:28:11,101.925,3323,28315,3387023000,0,0,0
TF2203,20220218,20220218,112811000,11:28:12,101.925,3323,28315,3387023000,0,0,0
TF2203,20220218,20220218,112811500,11:28:12,101.925,3323,28315,3387023000,0,0,0
TF2203,20220218,20220218,112812000,11:28:13,101.925,3323,28315,3387023000,0,0,0
TF2203,20220218,20220218,112812500,11:28:13,101.925,3323,28315,3387023000,0,0,0
TF2203,20220218,20220218,112813000,11:28:13,101.925,3323,28315,3387023000,0,0,0
TF2203,20220218,20220218,112813500,11:28:14,101.925,3323,28315,3387023000,0,0,0
TF2203,20220218,20220218,112814000,11:28:14,101.925,3323,28315,3387023000,0,0,0
TF2203,20220218,20220218,112814500,11:28:14,101.925,3323,28315,3387023000,0,0,0
TF2203,20220218,20220218,112815000,11:28:15,101.925,3323,28315,3387023000,0,0,0
TF2203,20220218,20220218,112815500,11:28:15,101.925,3323,28315,3387023000,0,0,0
TF2203,20220218,20220218,112816000,11:28:16,101.925,3323,28315,3387023000,0,0,0
TF2203,20220218,20220218,112816500,11:28:16,101.925,3323,28315,3387023000,0,0,0
TF2203,20220218,20220218,112817000,11:28:17,101.925,3323,28315,3387023000,0,0,0
TF2203,20220218,20220218,112817500,11:28:17,101.925,3323,28315,3387023000,0,0,0
TF2203,20220218,20220218,112818000,11:28:18,101.925,3323,28315,3387023000,0,0,0
TF2203,20220218,20220218,112818500,11:28:18,101.925,3323,28315,3387023000,0,0,0
TF2203,20220218,20220218,112819000,11:28:19,101.925,3323,28315,3387023000,0,0,0
TF2203,20220218,20220218,112819500,11:28:19,101.925,3323,28315,3387023000,0,0,0
TF2203,20220218,20220218,112820000,11:28:20,101.925,3323,28315,3387023000,0,0,0
TF2203,20220218,20220218,112820500,11:28:20,101.925,3323,28315,3387023000,0,0,0
TF2203,20220218,20220218,112821000,11:28:21,101.925,3323,28315,3387023000,0,0,0
TF2203,20220218,20220218,112821500,11:28:22,101.925,3323,28315,3387023000,0,0,0
TF2203,20220218,20220218,112822000,11:28:22,101.925,3323,28315,3387023000,0,0,0
TF2203,20220218,20220218,112822500,11:28:22,101.925,3323,28315,3387023000,0,0,0
TF2203,20220218,20220218,112823000,11:28:23,101.925,3323,28315,3387023000,0,0,0
TF2203,20220218,20220218,112823500,11:28:23,101.925,3323,28315,3387023000,0,0,0
TF2203,20220218,20220218,112824000,11:28:24,101.925,3323,28315,3387023000,0,0,0
TF2203,20220218,20220218,112824500,11:28:24,101.925,3323,28315,3387023000,0,0,0
TF2203,20220218,20220218,112825000,11:28:25,101.925,3323,28315,3387023000,0,0,0
TF2203,20220218,20220218,112825500,11:28:25,101.925,3323,28315,3387023000,0,0,0
TF2203,20220218,20220218,112826000,11:28:26,101.925,3323,28315,3387023000,0,0,0
TF2203,20220218,20220218,112826500,11:28:26,101.925,3323,28315,3387023000,0,0,0
TF2203,20220218,20220218,112827000,11:28:27,101.925,3323,28315,3387023000,0,0,0
TF2203,20220218,20220218,112827500,11:28:27,101.925,3323,28315,3387023000,0,0,0
TF2203,20220218,20220218,112828000,11:28:28,101.925,3323,28315,3387023000,0,0,0
TF2203,20220218,20220218,112828500,11:28:28,101.925,3323,28315,3387023000,0,0,0
TF2203,20220218,20220218,112829000,11:28:29,101.925,3323,28315,3387023000,0,0,0
TF2203,20220218,20220218,112829500,11:28:30,101.925,3323,28315,3387023000,0,0,0
TF2203,20220218,20220218,112830000,11:28:30,101.925,3323,28315,3387023000,0,0,0
TF2203,20220218,20220218,112830500,11:28:31,101.925,3323,28315,3387023000,0,0,0
TF2203,20220218,20220218,112831000,11:28:31,101.925,3323,28315,3387023000,0,0,0
TF2203,20220218,20220218,112831500,11:28:31,101.925,3323,28315,3387023000,0,0,0
TF2203,20220218,20220218,112832000,11:28:32,101.925,3323,28315,3387023000,0,0,0
TF2203,20220218,20220218,112832500,11:28:33,101.925,3323,28315,3387023000,0,0,0
TF2203,20220218,20220218,112833000,11:28:33,101.925,3323,28315,3387023000,0,0,0
TF2203,20220218,20220218,112833500,11:28:33,101.925,3323,28315,3387023000,0,0,0
TF2203,20220218,20220218,112834000,11:28:34,101.925,3323,28315,3387023000,0,0,0
TF2203,20220218,20220218,112834500,11:28:34,101.925,3323,28315,3387023000,0,0,0
TF2203,20220218,20220218,112835000,11:28:35,101.925,3323,28315,3387023000,0,0,0
TF2203,20220218,20220218,112835500,11:28:37,101.925,3323,28315,3387023000,0,0,0
TF2203,20220218,20220218,112836000,11:28:37,101.93,3324,28314,3388042300,1,-1,1019300
TF2203,20220218,20220218,112836500,11:28:37,101.93,3336,28315,3400273900,12,1,12231600
TF2203,20220218,20220218,112837000,11:28:37,101.93,3336,28315,3400273900,0,0,0
TF2203,20220218,20220218,112837500,11:28:37,101.93,3336,28315,3400273900,0,0,0
TF2203,20220218,20220218,112838000,11:28:38,101.93,3336,28315,3400273900,0,0,0
TF2203,20220218,20220218,112838500,11:28:38,101.93,3336,28315,3400273900,0,0,0
TF2203,20220218,20220218,112839000,11:28:40,101.93,3336,28315,3400273900,0,0,0
TF2203,20220218,20220218,112839500,11:28:40,101.93,3336,28315,3400273900,0,0,0
TF2203,20220218,20220218,112840000,11:28:40,101.93,3336,28315,3400273900,0,0,0
TF2203,20220218,20220218,112840500,11:28:40,101.93,3336,28315,3400273900,0,0,0
TF2203,20220218,20220218,112841000,11:28:41,101.93,3336,28315,3400273900,0,0,0
TF2203,20220218,20220218,112841500,11:28:41,101.93,3336,28315,3400273900,0,0,0
TF2203,20220218,20220218,112842000,11:28:42,101.93,3345,28318,3409447600,9,3,9173700
TF2203,20220218,20220218,112842500,11:28:42,101.93,3346,28319,3410466900,1,1,1019300
TF2203,20220218,20220218,112843000,11:28:43,101.93,3346,28319,3410466900,0,0,0
TF2203,20220218,20220218,112843500,11:28:44,101.93,3346,28319,3410466900,0,0,0
TF2203,20220218,20220218,112844000,11:28:44,101.93,3346,28319,3410466900,0,0,0
TF2203,20220218,20220218,112844500,11:28:44,101.93,3346,28319,3410466900,0,0,0
TF2203,20220218,20220218,112845000,11:28:45,101.93,3346,28319,3410466900,0,0,0
TF2203,20220218,20220218,112845500,11:28:46,101.93,3346,28319,3410466900,0,0,0
TF2203,20220218,20220218,112846000,11:28:46,101.93,3346,28319,3410466900,0,0,0
TF2203,20220218,20220218,112846500,11:28:46,101.93,3346,28319,3410466900,0,0,0
TF2203,20220218,20220218,112847000,11:28:47,101.93,3346,28319,3410466900,0,0,0
TF2203,20220218,20220218,112847500,11:28:48,101.93,3346,28319,3410466900,0,0,0
TF2203,20220218,20220218,112848000,11:28:48,101.93,3346,28319,3410466900,0,0,0
TF2203,20220218,20220218,112848500,11:28:48,101.93,3346,28319,3410466900,0,0,0
TF2203,20220218,20220218,112849000,11:28:49,101.93,3346,28319,3410466900,0,0,0
TF2203,20220218,20220218,112849500,11:28:50,101.93,3346,28319,3410466900,0,0,0
TF2203,20220218,20220218,112850000,11:28:50,101.93,3346,28319,3410466900,0,0,0
TF2203,20220218,20220218,112850500,11:28:50,101.93,3346,28319,3410466900,0,0,0
TF2203,20220218,20220218,112851000,11:28:51,101.93,3346,28319,3410466900,0,0,0
TF2203,20220218,20220218,112851500,11:28:51,101.93,3346,28319,3410466900,0,0,0
TF2203,20220218,20220218,112852000,11:28:53,101.93,3346,28319,3410466900,0,0,0
TF2203,20220218,20220218,112852500,11:28:53,101.93,3346,28319,3410466900,0,0,0
TF2203,20220218,20220218,112853000,11:28:54,101.93,3346,28319,3410466900,0,0,0
TF2203,20220218,20220218,112853500,11:28:54,101.93,3346,28319,3410466900,0,0,0
TF2203,20220218,20220218,112854000,11:28:54,101.93,3346,28319,3410466900,0,0,0
TF2203,20220218,20220218,112854500,11:28:54,101.93,3346,28319,3410466900,0,0,0
TF2203,20220218,20220218,112855000,11:28:55,101.93,3346,28319,3410466900,0,0,0
TF2203,20220218,20220218,112855500,11:28:56,101.93,3346,28319,3410466900,0,0,0
TF2203,20220218,20220218,112856000,11:28:56,101.93,3346,28319,3410466900,0,0,0
TF2203,20220218,20220218,112856500,11:28:56,101.93,3346,28319,3410466900,0,0,0
TF2203,20220218,20220218,112857000,11:28:57,101.93,3346,28319,3410466900,0,0,0
TF2203,20220218,20220218,112857500,11:28:58,101.93,3346,28319,3410466900,0,0,0
TF2203,20220218,20220218,112858000,11:28:59,101.93,3346,28319,3410466900,0,0,0
TF2203,20220218,20220218,112858500,11:28:59,101.93,3346,28319,3410466900,0,0,0
TF2203,20220218,20220218,112859000,11:28:59,101.93,3346,28319,3410466900,0,0,0
TF2203,20220218,20220218,112859500,11:29:00,101.93,3346,28319,3410466900,0,0,0
TF2203,20220218,20220218,112900000,11:29:00,101.93,3346,28319,3410466900,0,0,0
TF2203,20220218,20220218,112900500,11:29:01,101.93,3346,28319,3410466900,0,0,0
TF2203,20220218,20220218,112901000,11:29:01,101.925,3347,28318,3411486150,1,-1,1019250
TF2203,20220218,20220218,112901500,11:29:01,101.925,3347,28318,3411486150,0,0,0
TF2203,20220218,20220218,112902000,11:29:02,101.925,3347,28318,3411486150,0,0,0
TF2203,20220218,20220218,112902500,11:29:03,101.925,3347,28318,3411486150,0,0,0
TF2203,20220218,20220218,112903000,11:29:03,101.925,3347,28318,3411486150,0,0,0
TF2203,20220218,20220218,112903500,11:29:04,101.925,3347,28318,3411486150,0,0,0
TF2203,20220218,20220218,112904000,11:29:04,101.925,3347,28318,3411486150,0,0,0
TF2203,20220218,20220218,112904500,11:29:04,101.925,3347,28318,3411486150,0,0,0
TF2203,20220218,20220218,112905000,11:29:05,101.925,3347,28318,3411486150,0,0,0
TF2203,20220218,20220218,112905500,11:29:06,101.925,3347,28318,3411486150,0,0,0
TF2203,20220218,20220218,112906000,11:29:06,101.925,3347,28318,3411486150,0,0,0
TF2203,20220218,20220218,112906500,11:29:06,101.925,3347,28318,3411486150,0,0,0
TF2203,20220218,20220218,112907000,11:29:08,101.925,3347,28318,3411486150,0,0,0
TF2203,20220218,20220218,112907500,11:29:08,101.93,3348,28319,3412505450,1,1,1019300
TF2203,20220218,20220218,112908000,11:29:08,101.93,3348,28319,3412505450,0,0,0
TF2203,20220218,20220218,112908500,11:29:08,101.93,3348,28319,3412505450,0,0,0
TF2203,20220218,20220218,112909000,11:29:09,101.925,3349,28319,3413524700,1,0,1019250
TF2203,20220218,20220218,112909500,11:29:09,101.925,3349,28319,3413524700,0,0,0
TF2203,20220218,20220218,112910000,11:29:10,101.925,3349,28319,3413524700,0,0,0
TF2203,20220218,20220218,112910500,11:29:10,101.925,3349,28319,3413524700,0,0,0
TF2203,20220218,20220218,112911000,11:29:11,101.925,3349,28319,3413524700,0,0,0
TF2203,20220218,20220218,112911500,11:29:12,101.925,3349,28319,3413524700,0,0,0
TF2203,20220218,20220218,112912000,11:29:12,101.925,3349,28319,3413524700,0,0,0
TF2203,20220218,20220218,112912500,11:29:12,101.925,3349,28319,3413524700,0,0,0
TF2203,20220218,20220218,112914000,11:29:14,101.925,3349,28319,3413524700,0,0,0
TF2203,20220218,20220218,112915500,11:29:16,101.925,3349,28319,3413524700,0,0,0
TF2203,20220218,20220218,112916500,11:29:18,101.925,3349,28319,3413524700,0,0,0
TF2203,20220218,20220218,112920500,11:29:21,101.925,3349,28319,3413524700,0,0,0
TF2203,20220218,20220218,112922500,11:29:24,101.925,3349,28319,3413524700,0,0,0
TF2203,20220218,20220218,112923000,11:29:24,101.93,3350,28320,3414544000,1,1,1019300
TF2203,20220218,20220218,112924500,11:29:24,101.93,3350,28320,3414544000,0,0,0
TF2203,20220218,20220218,112926500,11:29:26,101.93,3350,28320,3414544000,0,0,0
TF2203,20220218,20220218,112927500,11:29:27,101.93,3350,28320,3414544000,0,0,0
TF2203,20220218,20220218,112928500,11:29:28,101.93,3350,28320,3414544000,0,0,0
TF2203,20220218,20220218,112930000,11:29:30,101.925,3355,28315,3419640250,5,-5,5096250
TF2203,20220218,20220218,112930500,11:29:31,101.925,3356,28314,3420659500,1,-1,1019250
TF2203,20220218,20220218,112931000,11:29:32,101.925,3356,28314,3420659500,0,0,0
TF2203,20220218,20220218,112932500,11:29:36,101.925,3356,28314,3420659500,0,0,0
TF2203,20220218,20220218,112936500,11:29:38,101.925,3356,28314,3420659500,0,0,0
TF2203,20220218,20220218,112938500,11:29:39,101.925,3356,28314,3420659500,0,0,0
TF2203,20220218,20220218,112940500,11:29:40,101.925,3356,28314,3420659500,0,0,0
TF2203,20220218,20220218,112942000,11:29:44,101.925,3356,28314,3420659500,0,0,0
TF2203,20220218,20220218,112942500,11:29:44,101.925,3356,28314,3420659500,0,0,0
TF2203,20220218,20220218,112944500,11:29:45,101.925,3356,28314,3420659500,0,0,0
TF2203,20220218,20220218,112945500,11:29:46,101.925,3356,28314,3420659500,0,0,0
TF2203,20220218,20220218,112946000,11:29:46,101.925,3356,28314,3420659500,0,0,0
TF2203,20220218,20220218,112946500,11:29:47,101.925,3356,28314,3420659500,0,0,0
TF2203,20220218,20220218,112948500,11:29:49,101.925,3356,28314,3420659500,0,0,0
TF2203,20220218,20220218,112950500,11:29:51,101.925,3356,28314,3420659500,0,0,0
TF2203,20220218,20220218,112952500,11:29:53,101.925,3356,28314,3420659500,0,0,0
TF2203,20220218,20220218,112953500,11:29:54,101.925,3356,28314,3420659500,0,0,0
TF2203,20220218,20220218,112954500,11:29:54,101.925,3356,28314,3420659500,0,0,0
TF2203,20220218,20220218,112956000,11:29:56,101.925,3356,28314,3420659500,0,0,0
TF2203,20220218,20220218,112956500,11:30:00,101.925,3356,28314,3420659500,0,0,0
TF2203,20220218,20220218,112957000,11:30:01,101.925,3356,28314,3420659500,0,0,0
TF2203,20220218,20220218,112957500,11:30:02,101.925,3356,28314,3420659500,0,0,0
TF2203,20220218,20220218,112959500,11:30:02,101.925,3356,28314,3420659500,0,0,0
TF2203,20220218,20220218,113000500,11:30:03,101.925,3356,28314,3420659500,0,0,0
TF2203,20220218,20220218,130001000,13:00:01,101.925,3356,28314,3420659500,0,0,0
TF2203,20220218,20220218,130001500,13:00:01,101.93,3359,28317,3423717400,3,3,3057900
TF2203,20220218,20220218,130002000,13:00:02,101.93,3362,28319,3426775300,3,2,3057900
TF2203,20220218,20220218,130002500,13:00:02,101.93,3387,28344,3452257800,25,25,25482500
TF2203,20220218,20220218,130003000,13:00:03,101.93,3388,28345,3453277100,1,1,1019300
TF2203,20220218,20220218,130003500,13:00:03,101.93,3388,28345,3453277100,0,0,0
TF2203,20220218,20220218,130004000,13:00:04,101.93,3388,28345,3453277100,0,0,0
TF2203,20220218,20220218,130004500,13:00:04,101.93,3388,28345,3453277100,0,0,0
TF2203,20220218,20220218,130005000,13:00:05,101.93,3388,28345,3453277100,0,0,0
TF2203,20220218,20220218,130005500,13:00:05,101.93,3388,28345,3453277100,0,0,0
TF2203,20220218,20220218,130006000,13:00:06,101.93,3388,28345,3453277100,0,0,0
TF2203,20220218,20220218,130006500,13:00:06,101.93,3388,28345,3453277100,0,0,0
TF2203,20220218,20220218,130007500,13:00:07,101.93,3388,28345,3453277100,0,0,0
TF2203,20220218,20220218,130009500,13:00:09,101.93,3388,28345,3453277100,0,0,0
TF2203,20220218,20220218,130011500,13:00:11,101.93,3388,28345,3453277100,0,0,0
TF2203,20220218,20220218,130013500,13:00:13,101.93,3388,28345,3453277100,0,0,0
TF2203,20220218,20220218,130014000,13:00:14,101.93,3388,28345,3453277100,0,0,0
TF2203,20220218,20220218,130015500,13:00:15,101.93,3388,28345,3453277100,0,0,0
TF2203,20220218,20220218,130017500,13:00:18,101.93,3388,28345,3453277100,0,0,0
TF2203,20220218,20220218,130018000,13:00:18,101.93,3388,28345,3453277100,0,0,0
TF2203,20220218,20220218,130018500,13:00:18,101.93,3388,28345,3453277100,0,0,0
TF2203,20220218,20220218,130019000,13:00:19,101.93,3388,28345,3453277100,0,0,0
TF2203,20220218,20220218,130019500,13:00:19,101.93,3388,28345,3453277100,0,0,0
TF2203,20220218,20220218,130020000,13:00:20,101.93,3388,28345,3453277100,0,0,0
TF2203,20220218,20220218,130020500,13:00:20,101.93,3388,28345,3453277100,0,0,0
TF2203,20220218,20220218,130021000,13:00:21,101.93,3388,28345,3453277100,0,0,0
TF2203,20220218,20220218,130021500,13:00:21,101.93,3388,28345,3453277100,0,0,0
TF2203,20220218,20220218,130022000,13:00:22,101.93,3388,28345,3453277100,0,0,0
TF2203,20220218,20220218,130022500,13:00:22,101.93,3388,28345,3453277100,0,0,0
TF2203,20220218,20220218,130023000,13:00:23,101.93,3388,28345,3453277100,0,0,0
TF2203,20220218,20220218,130023500,13:00:23,101.93,3388,28345,3453277100,0,0,0
TF2203,20220218,20220218,130024000,13:00:24,101.93,3388,28345,3453277100,0,0,0
TF2203,20220218,20220218,130024500,13:00:24,101.93,3388,28345,3453277100,0,0,0
TF2203,20220218,20220218,130025000,13:00:25,101.93,3388,28345,3453277100,0,0,0
TF2203,20220218,20220218,130025500,13:00:25,101.93,3388,28345,3453277100,0,0,0
TF2203,20220218,20220218,130026000,13:00:26,101.93,3388,28345,3453277100,0,0,0
TF2203,20220218,20220218,130027500,13:00:27,101.93,3388,28345,3453277100,0,0,0
TF2203,20220218,20220218,130028500,13:00:28,101.93,3388,28345,3453277100,0,0,0
TF2203,20220218,20220218,130029500,13:00:29,101.93,3388,28345,3453277100,0,0,0
TF2203,20220218,20220218,130031000,13:00:31,101.93,3388,28345,3453277100,0,0,0
TF2203,20220218,20220218,130031500,13:00:31,101.93,3388,28345,3453277100,0,0,0
TF2203,20220218,20220218,130032000,13:00:32,101.93,3388,28345,3453277100,0,0,0
TF2203,20220218,20220218,130032500,13:00:32,101.93,3388,28345,3453277100,0,0,0
TF2203,20220218,20220218,130033000,13:00:33,101.93,3388,28345,3453277100,0,0,0
TF2203,20220218,20220218,130033500,13:00:33,101.93,3388,28345,3453277100,0,0,0
TF2203,20220218,20220218,130034000,13:00:34,101.93,3388,28345,3453277100,0,0,0
TF2203,20220218,20220218,130034500,13:00:34,101.93,3388,28345,3453277100,0,0,0
TF2203,20220218,20220218,130035000,13:00:35,101.93,3388,28345,3453277100,0,0,0
TF2203,20220218,20220218,130035500,13:00:35,101.93,3388,28345,3453277100,0,0,0
TF2203,20220218,20220218,130036000,13:00:36,101.93,3388,28345,3453277100,0,0,0
TF2203,20220218,20220218,130036500,13:00:36,101.93,3388,28345,3453277100,0,0,0
TF2203,20220218,20220218,130037000,13:00:37,101.93,3388,28345,3453277100,0,0,0
TF2203,20220218,20220218,130037500,13:00:37,101.93,3388,28345,3453277100,0,0,0
TF2203,20220218,20220218,130038000,13:00:38,101.93,3388,28345,3453277100,0,0,0
TF2203,20220218,20220218,130038500,13:00:38,101.93,3388,28345,3453277100,0,0,0
TF2203,20220218,20220218,130039000,13:00:39,101.93,3388,28345,3453277100,0,0,0
TF2203,20220218,20220218,130039500,13:00:40,101.93,3388,28345,3453277100,0,0,0
TF2203,20220218,20220218,130040000,13:00:40,101.93,3388,28345,3453277100,0,0,0
TF2203,20220218,20220218,130040500,13:00:40,101.93,3388,28345,3453277100,0,0,0
TF2203,20220218,20220218,130041000,13:00:41,101.93,3388,28345,3453277100,0,0,0
TF2203,20220218,20220218,130041500,13:00:41,101.93,3388,28345,3453277100,0,0,0
TF2203,20220218,20220218,130042000,13:00:42,101.93,3388,28345,3453277100,0,0,0
TF2203,20220218,20220218,130042500,13:00:42,101.93,3388,28345,3453277100,0,0,0
TF2203,20220218,20220218,130043000,13:00:43,101.93,3388,28345,3453277100,0,0,0
TF2203,20220218,20220218,130043500,13:00:43,101.93,3388,28345,3453277100,0,0,0
TF2203,20220218,20220218,130044000,13:00:44,101.93,3388,28345,3453277100,0,0,0
TF2203,20220218,20220218,130044500,13:00:44,101.93,3388,28345,3453277100,0,0,0
TF2203,20220218,20220218,130045000,13:00:45,101.93,3388,28345,3453277100,0,0,0
TF2203,20220218,20220218,130045500,13:00:45,101.93,3388,28345,3453277100,0,0,0
TF2203,20220218,20220218,130046000,13:00:46,101.93,3388,28345,3453277100,0,0,0
TF2203,20220218,20220218,130046500,13:00:46,101.93,3388,28345,3453277100,0,0,0
TF2203,20220218,20220218,130047000,13:00:47,101.93,3388,28345,3453277100,0,0,0
TF2203,20220218,20220218,130047500,13:00:47,101.925,3389,28344,3454296350,1,-1,1019250
TF2203,20220218,20220218,130048000,13:00:48,101.925,3389,28344,3454296350,0,0,0
TF2203,20220218,20220218,130048500,13:00:48,101.925,3389,28344,3454296350,0,0,0
TF2203,20220218,20220218,130049000,13:00:49,101.925,3389,28344,3454296350,0,0,0
TF2203,20220218,20220218,130049500,13:00:49,101.925,3389,28344,3454296350,0,0,0
TF2203,20220218,20220218,130050000,13:00:50,101.925,3389,28344,3454296350,0,0,0
TF2203,20220218,20220218,130050500,13:00:50,101.925,3389,28344,3454296350,0,0,0
TF2203,20220218,20220218,130051000,13:00:51,101.925,3389,28344,3454296350,0,0,0
TF2203,20220218,20220218,130051500,13:00:52,101.925,3389,28344,3454296350,0,0,0
TF2203,20220218,20220218,130052000,13:00:52,101.925,3389,28344,3454296350,0,0,0
TF2203,20220218,20220218,130052500,13:00:52,101.925,3389,28344,3454296350,0,0,0
TF2203,20220218,20220218,130053000,13:00:53,101.925,3389,28344,3454296350,0,0,0
TF2203,20220218,20220218,130053500,13:00:53,101.925,3389,28344,3454296350,0,0,0
TF2203,20220218,20220218,130054000,13:00:54,101.925,3389,28344,3454296350,0,0,0
TF2203,20220218,20220218,130054500,13:00:54,101.925,3389,28344,3454296350,0,0,0
TF2203,20220218,20220218,130055000,13:00:55,101.925,3389,28344,3454296350,0,0,0
TF2203,20220218,20220218,130055500,13:00:55,101.925,3389,28344,3454296350,0,0,0
TF2203,20220218,20220218,130056000,13:00:56,101.925,3389,28344,3454296350,0,0,0
TF2203,20220218,20220218,130056500,13:00:56,101.925,3389,28344,3454296350,0,0,0
TF2203,20220218,20220218,130057000,13:00:57,101.925,3389,28344,3454296350,0,0,0
TF2203,20220218,20220218,130057500,13:00:57,101.925,3389,28344,3454296350,0,0,0
TF2203,20220218,20220218,130058000,13:00:58,101.925,3389,28344,3454296350,0,0,0
TF2203,20220218,20220218,130058500,13:00:59,101.925,3389,28344,3454296350,0,0,0
TF2203,20220218,20220218,130059000,13:00:59,101.925,3389,28344,3454296350,0,0,0
TF2203,20220218,20220218,130059500,13:00:59,101.925,3389,28344,3454296350,0,0,0
TF2203,20220218,20220218,130100000,13:01:00,101.925,3389,28344,3454296350,0,0,0
TF2203,20220218,20220218,130100500,13:01:00,101.925,3389,28344,3454296350,0,0,0
TF2203,20220218,20220218,130101000,13:01:01,101.925,3389,28344,3454296350,0,0,0
TF2203,20220218,20220218,130101500,13:01:02,101.925,3389,28344,3454296350,0,0,0
TF2203,20220218,20220218,130102000,13:01:02,101.925,3389,28344,3454296350,0,0,0
TF2203,20220218,20220218,130102500,13:01:02,101.925,3389,28344,3454296350,0,0,0
TF2203,20220218,20220218,130103000,13:01:03,101.925,3389,28344,3454296350,0,0,0
TF2203,20220218,20220218,130103500,13:01:03,101.925,3389,28344,3454296350,0,0,0
TF2203,20220218,20220218,130104000,13:01:04,101.925,3389,28344,3454296350,0,0,0
TF2203,20220218,20220218,130104500,13:01:04,101.925,3389,28344,3454296350,0,0,0
TF2203,20220218,20220218,130105000,13:01:05,101.925,3389,28344,3454296350,0,0,0
TF2203,20220218,20220218,130105500,13:01:05,101.925,3389,28344,3454296350,0,0,0
TF2203,20220218,20220218,130106000,13:01:06,101.925,3389,28344,3454296350,0,0,0
TF2203,20220218,20220218,130106500,13:01:06,101.925,3389,28344,3454296350,0,0,0
TF2203,20220218,20220218,130107000,13:01:07,101.925,3389,28344,3454296350,0,0,0
TF2203,20220218,20220218,130107500,13:01:07,101.925,3389,28344,3454296350,0,0,0
TF2203,20220218,20220218,130108000,13:01:08,101.925,3389,28344,3454296350,0,0,0
TF2203,20220218,20220218,130108500,13:01:08,101.925,3389,28344,3454296350,0,0,0
TF2203,20220218,20220218,130109000,13:01:09,101.925,3389,28344,3454296350,0,0,0
TF2203,20220218,20220218,130109500,13:01:09,101.925,3389,28344,3454296350,0,0,0
TF2203,20220218,20220218,130110000,13:01:10,101.925,3389,28344,3454296350,0,0,0
TF2203,20220218,20220218,130110500,13:01:10,101.925,3389,28344,3454296350,0,0,0
TF2203,20220218,20220218,130111000,13:01:11,101.925,3389,28344,3454296350,0,0,0
TF2203,20220218,20220218,130111500,13:01:11,101.925,3389,28344,3454296350,0,0,0
TF2203,20220218,20220218,130112000,13:01:12,101.925,3389,28344,3454296350,0,0,0
TF2203,20220218,20220218,130112500,13:01:12,101.925,3389,28344,3454296350,0,0,0
TF2203,20220218,20220218,130113000,13:01:13,101.925,3389,28344,3454296350,0,0,0
TF2203,20220218,20220218,130113500,13:01:14,101.925,3389,28344,3454296350,0,0,0
TF2203,20220218,20220218,130114000,13:01:14,101.925,3389,28344,3454296350,0,0,0
TF2203,20220218,20220218,130114500,13:01:14,101.925,3389,28344,3454296350,0,0,0
TF2203,20220218,20220218,130115000,13:01:15,101.925,3389,28344,3454296350,0,0,0
TF2203,20220218,20220218,130115500,13:01:15,101.925,3389,28344,3454296350,0,0,0
TF2203,20220218,20220218,130116000,13:01:16,101.925,3389,28344,3454296350,0,0,0
TF2203,20220218,20220218,130116500,13:01:16,101.925,3389,28344,3454296350,0,0,0
TF2203,20220218,20220218,130117000,13:01:17,101.925,3389,28344,3454296350,0,0,0
TF2203,20220218,20220218,130117500,13:01:17,101.925,3389,28344,3454296350,0,0,0
TF2203,20220218,20220218,130118000,13:01:18,101.925,3389,28344,3454296350,0,0,0
TF2203,20220218,20220218,130118500,13:01:18,101.925,3389,28344,3454296350,0,0,0
TF2203,20220218,20220218,130119000,13:01:19,101.925,3389,28344,3454296350,0,0,0
TF2203,20220218,20220218,130119500,13:01:19,101.925,3389,28344,3454296350,0,0,0
TF2203,20220218,20220218,130120000,13:01:20,101.925,3389,28344,3454296350,0,0,0
TF2203,20220218,20220218,130120500,13:01:20,101.925,3389,28344,3454296350,0,0,0
TF2203,20220218,20220218,130121000,13:01:21,101.925,3389,28344,3454296350,0,0,0
TF2203,20220218,20220218,130121500,13:01:21,101.925,3389,28344,3454296350,0,0,0
TF2203,20220218,20220218,130122000,13:01:22,101.925,3389,28344,3454296350,0,0,0
TF2203,20220218,20220218,130122500,13:01:22,101.925,3389,28344,3454296350,0,0,0
TF2203,20220218,20220218,130123000,13:01:23,101.925,3389,28344,3454296350,0,0,0
TF2203,20220218,20220218,130123500,13:01:23,101.925,3389,28344,3454296350,0,0,0
TF2203,20220218,20220218,130124000,13:01:24,101.925,3389,28344,3454296350,0,0,0
TF2203,20220218,20220218,130124500,13:01:24,101.925,3389,28344,3454296350,0,0,0
TF2203,20220218,20220218,130125000,13:01:25,101.925,3389,28344,3454296350,0,0,0
TF2203,20220218,20220218,130125500,13:01:25,101.925,3389,28344,3454296350,0,0,0
TF2203,20220218,20220218,130126000,13:01:26,101.925,3389,28344,3454296350,0,0,0
TF2203,20220218,20220218,130126500,13:01:26,101.925,3389,28344,3454296350,0,0,0
TF2203,20220218,20220218,130127000,13:01:27,101.925,3389,28344,3454296350,0,0,0
TF2203,20220218,20220218,130127500,13:01:27,101.925,3389,28344,3454296350,0,0,0
TF2203,20220218,20220218,130128000,13:01:28,101.925,3389,28344,3454296350,0,0,0
TF2203,20220218,20220218,130128500,13:01:28,101.925,3389,28344,3454296350,0,0,0
TF2203,20220218,20220218,130129000,13:01:29,101.925,3389,28344,3454296350,0,0,0
TF2203,20220218,20220218,130129500,13:01:29,101.925,3389,28344,3454296350,0,0,0
TF2203,20220218,20220218,130130000,13:01:30,101.925,3389,28344,3454296350,0,0,0
TF2203,20220218,20220218,130130500,13:01:30,101.925,3389,28344,3454296350,0,0,0
TF2203,20220218,20220218,130131000,13:01:31,101.925,3389,28344,3454296350,0,0,0
TF2203,20220218,20220218,130131500,13:01:31,101.925,3389,28344,3454296350,0,0,0
TF2203,20220218,20220218,130132000,13:01:32,101.925,3389,28344,3454296350,0,0,0
TF2203,20220218,20220218,130132500,13:01:32,101.925,3389,28344,3454296350,0,0,0
TF2203,20220218,20220218,130133000,13:01:33,101.925,3389,28344,3454296350,0,0,0
TF2203,20220218,20220218,130133500,13:01:33,101.925,3389,28344,3454296350,0,0,0
TF2203,20220218,20220218,130134000,13:01:34,101.925,3389,28344,3454296350,0,0,0
TF2203,20220218,20220218,130134500,13:01:34,101.925,3389,28344,3454296350,0,0,0
TF2203,20220218,20220218,130135000,13:01:35,101.925,3389,28344,3454296350,0,0,0
TF2203,20220218,20220218,130135500,13:01:35,101.925,3389,28344,3454296350,0,0,0
TF2203,20220218,20220218,130136000,13:01:36,101.925,3389,28344,3454296350,0,0,0
TF2203,20220218,20220218,130136500,13:01:36,101.925,3389,28344,3454296350,0,0,0
TF2203,20220218,20220218,130137000,13:01:37,101.925,3389,28344,3454296350,0,0,0
TF2203,20220218,20220218,130137500,13:01:37,101.925,3389,28344,3454296350,0,0,0
TF2203,20220218,20220218,130138000,13:01:38,101.925,3389,28344,3454296350,0,0,0
TF2203,20220218,20220218,130138500,13:01:38,101.925,3389,28344,3454296350,0,0,0
TF2203,20220218,20220218,130139000,13:01:39,101.925,3389,28344,3454296350,0,0,0
TF2203,20220218,20220218,130139500,13:01:39,101.925,3389,28344,3454296350,0,0,0
TF2203,20220218,20220218,130140000,13:01:40,101.925,3389,28344,3454296350,0,0,0
TF2203,20220218,20220218,130140500,13:01:41,101.925,3389,28344,3454296350,0,0,0
TF2203,20220218,20220218,130141000,13:01:41,101.925,3389,28344,3454296350,0,0,0
TF2203,20220218,20220218,130141500,13:01:41,101.925,3389,28344,3454296350,0,0,0
TF2203,20220218,20220218,130142000,13:01:42,101.925,3389,28344,3454296350,0,0,0
TF2203,20220218,20220218,130142500,13:01:43,101.925,3389,28344,3454296350,0,0,0
TF2203,20220218,20220218,130143000,13:01:43,101.925,3389,28344,3454296350,0,0,0
TF2203,20220218,20220218,130143500,13:01:43,101.925,3389,28344,3454296350,0,0,0
TF2203,20220218,20220218,130144000,13:01:44,101.925,3389,28344,3454296350,0,0,0
TF2203,20220218,20220218,130144500,13:01:44,101.925,3389,28344,3454296350,0,0,0
TF2203,20220218,20220218,130145000,13:01:45,101.925,3389,28344,3454296350,0,0,0
TF2203,20220218,20220218,130145500,13:01:46,101.925,3389,28344,3454296350,0,0,0
TF2203,20220218,20220218,130146000,13:01:46,101.925,3389,28344,3454296350,0,0,0
TF2203,20220218,20220218,130146500,13:01:46,101.925,3389,28344,3454296350,0,0,0
TF2203,20220218,20220218,130147000,13:01:47,101.925,3389,28344,3454296350,0,0,0
TF2203,20220218,20220218,130147500,13:01:47,101.925,3389,28344,3454296350,0,0,0
TF2203,20220218,20220218,130148000,13:01:48,101.925,3389,28344,3454296350,0,0,0
TF2203,20220218,20220218,130148500,13:01:48,101.925,3389,28344,3454296350,0,0,0
TF2203,20220218,20220218,130149000,13:01:49,101.925,3389,28344,3454296350,0,0,0
TF2203,20220218,20220218,130149500,13:01:49,101.925,3389,28344,3454296350,0,0,0
TF2203,20220218,20220218,130150000,13:01:50,101.925,3389,28344,3454296350,0,0,0
TF2203,20220218,20220218,130150500,13:01:50,101.925,3389,28344,3454296350,0,0,0
TF2203,20220218,20220218,130151000,13:01:51,101.925,3389,28344,3454296350,0,0,0
TF2203,20220218,20220218,130151500,13:01:51,101.925,3389,28344,3454296350,0,0,0
TF2203,20220218,20220218,130152000,13:01:52,101.925,3389,28344,3454296350,0,0,0
TF2203,20220218,20220218,130152500,13:01:52,101.925,3389,28344,3454296350,0,0,0
TF2203,20220218,20220218,130153000,13:01:53,101.925,3389,28344,3454296350,0,0,0
TF2203,20220218,20220218,130153500,13:01:53,101.925,3389,28344,3454296350,0,0,0
TF2203,20220218,20220218,130154000,13:01:54,101.925,3389,28344,3454296350,0,0,0
TF2203,20220218,20220218,130154500,13:01:54,101.925,3389,28344,3454296350,0,0,0
TF2203,20220218,20220218,130155000,13:01:55,101.925,3389,28344,3454296350,0,0,0
TF2203,20220218,20220218,130155500,13:01:55,101.925,3389,28344,3454296350,0,0,0
TF2203,20220218,20220218,130156000,13:01:56,101.925,3389,28344,3454296350,0,0,0
TF2203,20220218,20220218,130156500,13:01:56,101.925,3389,28344,3454296350,0,0,0
TF2203,20220218,20220218,130157000,13:01:57,101.925,3389,28344,3454296350,0,0,0
TF2203,20220218,20220218,130157500,13:01:57,101.925,3389,28344,3454296350,0,0,0
TF2203,20220218,20220218,130158000,13:01:58,101.925,3389,28344,3454296350,0,0,0
TF2203,20220218,20220218,130158500,13:01:58,101.925,3389,28344,3454296350,0,0,0
TF2203,20220218,20220218,130159000,13:01:59,101.925,3389,28344,3454296350,0,0,0
TF2203,20220218,20220218,130159500,13:01:59,101.925,3389,28344,3454296350,0,0,0
TF2203,20220218,20220218,130200000,13:02:00,101.925,3389,28344,3454296350,0,0,0
TF2203,20220218,20220218,130200500,13:02:00,101.925,3389,28344,3454296350,0,0,0
TF2203,20220218,20220218,130201000,13:02:01,101.925,3389,28344,3454296350,0,0,0
TF2203,20220218,20220218,130201500,13:02:01,101.925,3389,28344,3454296350,0,0,0
TF2203,20220218,20220218,130202000,13:02:02,101.925,3389,28344,3454296350,0,0,0
TF2203,20220218,20220218,130202500,13:02:02,101.925,3389,28344,3454296350,0,0,0
TF2203,20220218,20220218,130203000,13:02:03,101.925,3392,28341,3457354100,3,-3,3057750
TF2203,20220218,20220218,130203500,13:02:03,101.925,3392,28341,3457354100,0,0,0
TF2203,20220218,20220218,130204000,13:02:04,101.925,3392,28341,3457354100,0,0,0
TF2203,20220218,20220218,130204500,13:02:04,101.925,3392,28341,3457354100,0,0,0
TF2203,20220218,20220218,130205000,13:02:05,101.925,3392,28341,3457354100,0,0,0
TF2203,20220218,20220218,130205500,13:02:05,101.925,3392,28341,3457354100,0,0,0
TF2203,20220218,20220218,130206000,13:02:06,101.925,3392,28341,3457354100,0,0,0
TF2203,20220218,20220218,130206500,13:02:06,101.925,3392,28341,3457354100,0,0,0
TF2203,20220218,20220218,130207000,13:02:07,101.925,3392,28341,3457354100,0,0,0
TF2203,20220218,20220218,130207500,13:02:07,101.925,3392,28341,3457354100,0,0,0
TF2203,20220218,20220218,130208000,13:02:08,101.925,3392,28341,3457354100,0,0,0
TF2203,20220218,20220218,130208500,13:02:08,101.925,3392,28341,3457354100,0,0,0
TF2203,20220218,20220218,130209000,13:02:09,101.925,3392,28341,3457354100,0,0,0
TF2203,20220218,20220218,130209500,13:02:10,101.925,3392,28341,3457354100,0,0,0
TF2203,20220218,20220218,130210000,13:02:10,101.925,3392,28341,3457354100,0,0,0
TF2203,20220218,20220218,130210500,13:02:10,101.925,3395,28338,3460411850,3,-3,3057750
TF2203,20220218,20220218,130211000,13:02:11,101.925,3396,28338,3461431100,1,0,1019250
TF2203,20220218,20220218,130211500,13:02:11,101.925,3466,28318,3532778600,70,-20,71347500
TF2203,20220218,20220218,130212000,13:02:12,101.925,3501,28307,3568452350,35,-11,35673750
TF2203,20220218,20220218,130212500,13:02:12,101.925,3501,28307,3568452350,0,0,0
TF2203,20220218,20220218,130213000,13:02:13,101.925,3501,28307,3568452350,0,0,0
TF2203,20220218,20220218,130213500,13:02:13,101.925,3501,28307,3568452350,0,0,0
TF2203,20220218,20220218,130214000,13:02:14,101.925,3501,28307,3568452350,0,0,0
TF2203,20220218,20220218,130214500,13:02:14,101.925,3501,28307,3568452350,0,0,0
TF2203,20220218,20220218,130215000,13:02:15,101.925,3501,28307,3568452350,0,0,0
TF2203,20220218,20220218,130215500,13:02:15,101.925,3501,28307,3568452350,0,0,0
TF2203,20220218,20220218,130216000,13:02:16,101.925,3501,28307,3568452350,0,0,0
TF2203,20220218,20220218,130216500,13:02:16,101.925,3501,28307,3568452350,0,0,0
TF2203,20220218,20220218,130217000,13:02:17,101.925,3501,28307,3568452350,0,0,0
TF2203,20220218,20220218,130217500,13:02:17,101.925,3501,28307,3568452350,0,0,0
TF2203,20220218,20220218,130218000,13:02:18,101.925,3501,28307,3568452350,0,0,0
TF2203,20220218,20220218,130218500,13:02:18,101.925,3501,28307,3568452350,0,0,0
TF2203,20220218,20220218,130219000,13:02:19,101.925,3501,28307,3568452350,0,0,0
TF2203,20220218,20220218,130219500,13:02:19,101.925,3501,28307,3568452350,0,0,0
TF2203,20220218,20220218,130220000,13:02:20,101.925,3501,28307,3568452350,0,0,0
TF2203,20220218,20220218,130220500,13:02:20,101.92,3507,28303,3574567550,6,-4,6115200
TF2203,20220218,20220218,130221000,13:02:21,101.92,3533,28300,3601066750,26,-3,26499200
TF2203,20220218,20220218,130221500,13:02:21,101.92,3533,28300,3601066750,0,0,0
TF2203,20220218,20220218,130222000,13:02:22,101.92,3533,28300,3601066750,0,0,0
TF2203,20220218,20220218,130222500,13:02:22,101.92,3533,28300,3601066750,0,0,0
TF2203,20220218,20220218,130223000,13:02:23,101.92,3533,28300,3601066750,0,0,0
TF2203,20220218,20220218,130223500,13:02:23,101.92,3533,28300,3601066750,0,0,0
TF2203,20220218,20220218,130224000,13:02:24,101.92,3533,28300,3601066750,0,0,0
TF2203,20220218,20220218,130224500,13:02:24,101.92,3533,28300,3601066750,0,0,0
TF2203,20220218,20220218,130225000,13:02:25,101.92,3546,28296,3614316350,13,-4,13249600
TF2203,20220218,20220218,130225500,13:02:25,101.92,3546,28296,3614316350,0,0,0
TF2203,20220218,20220218,130226000,13:02:26,101.92,3546,28296,3614316350,0,0,0
TF2203,20220218,20220218,130226500,13:02:26,101.92,3546,28296,3614316350,0,0,0
TF2203,20220218,20220218,130227000,13:02:27,101.92,3546,28296,3614316350,0,0,0
TF2203,20220218,20220218,130227500,13:02:27,101.92,3546,28296,3614316350,0,0,0
TF2203,20220218,20220218,130228000,13:02:28,101.92,3546,28296,3614316350,0,0,0
TF2203,20220218,20220218,130229500,13:02:29,101.92,3546,28296,3614316350,0,0,0
TF2203,20220218,20220218,130231500,13:02:31,101.92,3546,28296,3614316350,0,0,0
TF2203,20220218,20220218,130233500,13:02:33,101.92,3546,28296,3614316350,0,0,0
TF2203,20220218,20220218,130235500,13:02:35,101.92,3546,28296,3614316350,0,0,0
TF2203,20220218,20220218,130237000,13:02:37,101.92,3546,28296,3614316350,0,0,0
TF2203,20220218,20220218,130237500,13:02:37,101.92,3546,28296,3614316350,0,0,0
TF2203,20220218,20220218,130238000,13:02:38,101.92,3546,28296,3614316350,0,0,0
TF2203,20220218,20220218,130239500,13:02:39,101.92,3546,28296,3614316350,0,0,0
TF2203,20220218,20220218,130241500,13:02:41,101.92,3546,28296,3614316350,0,0,0
TF2203,20220218,20220218,130243500,13:02:43,101.92,3546,28296,3614316350,0,0,0
TF2203,20220218,20220218,130244000,13:02:44,101.92,3546,28296,3614316350,0,0,0
TF2203,20220218,20220218,130245500,13:02:45,101.92,3546,28296,3614316350,0,0,0
TF2203,20220218,20220218,130246000,13:02:46,101.92,3546,28296,3614316350,0,0,0
TF2203,20220218,20220218,130246500,13:02:46,101.92,3546,28296,3614316350,0,0,0
TF2203,20220218,20220218,130247000,13:02:47,101.92,3546,28296,3614316350,0,0,0
TF2203,20220218,20220218,130247500,13:02:47,101.92,3546,28296,3614316350,0,0,0
TF2203,20220218,20220218,130248000,13:02:48,101.92,3546,28296,3614316350,0,0,0
TF2203,20220218,20220218,130249000,13:02:49,101.92,3546,28296,3614316350,0,0,0
TF2203,20220218,20220218,130249500,13:02:49,101.92,3546,28296,3614316350,0,0,0
TF2203,20220218,20220218,130250000,13:02:50,101.92,3546,28296,3614316350,0,0,0
TF2203,20220218,20220218,130250500,13:02:50,101.92,3546,28296,3614316350,0,0,0
TF2203,20220218,20220218,130251000,13:02:51,101.92,3546,28296,3614316350,0,0,0
TF2203,20220218,20220218,130251500,13:02:51,101.92,3546,28296,3614316350,0,0,0
TF2203,20220218,20220218,130253500,13:02:53,101.92,3546,28296,3614316350,0,0,0
TF2203,20220218,20220218,130255500,13:02:55,101.92,3546,28296,3614316350,0,0,0
TF2203,20220218,20220218,130257500,13:02:58,101.92,3546,28296,3614316350,0,0,0
TF2203,20220218,20220218,130259500,13:02:59,101.92,3546,28296,3614316350,0,0,0
TF2203,20220218,20220218,130300000,13:03:00,101.92,3548,28295,3616354750,2,-1,2038400
TF2203,20220218,20220218,130300500,13:03:00,101.92,3548,28295,3616354750,0,0,0
TF2203,20220218,20220218,130301000,13:03:01,101.92,3548,28295,3616354750,0,0,0
TF2203,20220218,20220218,130301500,13:03:01,101.92,3548,28295,3616354750,0,0,0
TF2203,20220218,20220218,130302500,13:03:02,101.92,3548,28295,3616354750,0,0,0
TF2203,20220218,20220218,130303000,13:03:03,101.92,3548,28295,3616354750,0,0,0
TF2203,20220218,20220218,130303500,13:03:03,101.92,3548,28295,3616354750,0,0,0
TF2203,20220218,20220218,130305500,13:03:05,101.92,3548,28295,3616354750,0,0,0
TF2203,20220218,20220218,130307500,13:03:07,101.92,3548,28295,3616354750,0,0,0
TF2203,20220218,20220218,130309500,13:03:09,101.92,3548,28295,3616354750,0,0,0
TF2203,20220218,20220218,130311500,13:03:11,101.92,3548,28295,3616354750,0,0,0
TF2203,20220218,20220218,130313500,13:03:14,101.92,3548,28295,3616354750,0,0,0
TF2203,20220218,20220218,130315500,13:03:15,101.92,3548,28295,3616354750,0,0,0
TF2203,20220218,20220218,130317500,13:03:17,101.92,3548,28295,3616354750,0,0,0
TF2203,20220218,20220218,130319500,13:03:19,101.92,3548,28295,3616354750,0,0,0
TF2203,20220218,20220218,130321500,13:03:21,101.92,3548,28295,3616354750,0,0,0
TF2203,20220218,20220218,130323500,13:03:23,101.92,3548,28295,3616354750,0,0,0
TF2203,20220218,20220218,130325500,13:03:26,101.92,3548,28295,3616354750,0,0,0
TF2203,20220218,20220218,130327500,13:03:27,101.92,3548,28295,3616354750,0,0,0
TF2203,20220218,20220218,130328000,13:03:28,101.92,3550,28294,3618393150,2,-1,2038400
TF2203,20220218,20220218,130328500,13:03:28,101.92,3550,28294,3618393150,0,0,0
TF2203,20220218,20220218,130329000,13:03:29,101.92,3550,28294,3618393150,0,0,0
TF2203,20220218,20220218,130329500,13:03:29,101.92,3550,28294,3618393150,0,0,0
TF2203,20220218,20220218,130330000,13:03:30,101.92,3550,28294,3618393150,0,0,0
TF2203,20220218,20220218,130330500,13:03:30,101.92,3550,28294,3618393150,0,0,0
TF2203,20220218,20220218,130331000,13:03:31,101.92,3550,28294,3618393150,0,0,0
TF2203,20220218,20220218,130331500,13:03:31,101.92,3550,28294,3618393150,0,0,0
TF2203,20220218,20220218,130332000,13:03:32,101.92,3550,28294,3618393150,0,0,0
TF2203,20220218,20220218,130333500,13:03:33,101.92,3550,28294,3618393150,0,0,0
TF2203,20220218,20220218,130335500,13:03:35,101.92,3550,28294,3618393150,0,0,0
TF2203,20220218,20220218,130414000,13:04:14,101.92,3550,28294,3618393150,0,0,0
TF2203,20220218,20220218,130414500,13:04:14,101.92,3550,28294,3618393150,0,0,0
TF2203,20220218,20220218,130415000,13:04:15,101.92,3550,28294,3618393150,0,0,0
TF2203,20220218,20220218,130415500,13:04:15,101.92,3550,28294,3618393150,0,0,0
TF2203,20220218,20220218,130416000,13:04:16,101.92,3550,28294,3618393150,0,0,0
TF2203,20220218,20220218,130416500,13:04:17,101.92,3550,28294,3618393150,0,0,0
TF2203,20220218,20220218,130417000,13:04:17,101.92,3550,28294,3618393150,0,0,0
TF2203,20220218,20220218,130417500,13:04:17,101.92,3550,28294,3618393150,0,0,0
TF2203,20220218,20220218,130418000,13:04:18,101.92,3550,28294,3618393150,0,0,0
TF2203,20220218,20220218,130418500,13:04:18,101.92,3550,28294,3618393150,0,0,0
TF2203,20220218,20220218,130419000,13:04:19,101.92,3550,28294,3618393150,0,0,0
TF2203,20220218,20220218,130419500,13:04:19,101.92,3550,28294,3618393150,0,0,0
TF2203,20220218,20220218,130420000,13:04:20,101.92,3550,28294,3618393150,0,0,0
TF2203,20220218,20220218,130420500,13:04:20,101.92,3550,28294,3618393150,0,0,0
TF2203,20220218,20220218,130421000,13:04:21,101.92,3550,28294,3618393150,0,0,0
TF2203,20220218,20220218,130421500,13:04:21,101.92,3550,28294,3618393150,0,0,0
TF2203,20220218,20220218,130422500,13:04:22,101.92,3551,28295,3619412350,1,1,1019200
TF2203,20220218,20220218,130423000,13:04:23,101.92,3551,28295,3619412350,0,0,0
TF2203,20220218,20220218,130423500,13:04:23,101.92,3551,28295,3619412350,0,0,0
TF2203,20220218,20220218,130424000,13:04:24,101.92,3551,28295,3619412350,0,0,0
TF2203,20220218,20220218,130424500,13:04:24,101.92,3551,28295,3619412350,0,0,0
TF2203,20220218,20220218,130425000,13:04:25,101.92,3551,28295,3619412350,0,0,0
TF2203,20220218,20220218,130425500,13:04:25,101.92,3551,28295,3619412350,0,0,0
TF2203,20220218,20220218,130426000,13:04:26,101.92,3551,28295,3619412350,0,0,0
TF2203,20220218,20220218,130426500,13:04:26,101.92,3551,28295,3619412350,0,0,0
TF2203,20220218,20220218,130427000,13:04:27,101.92,3551,28295,3619412350,0,0,0
TF2203,20220218,20220218,130427500,13:04:27,101.92,3551,28295,3619412350,0,0,0
TF2203,20220218,20220218,130428000,13:04:28,101.92,3551,28295,3619412350,0,0,0
TF2203,20220218,20220218,130428500,13:04:28,101.92,3551,28295,3619412350,0,0,0
TF2203,20220218,20220218,130429000,13:04:29,101.92,3551,28295,3619412350,0,0,0
TF2203,20220218,20220218,130429500,13:04:29,101.92,3551,28295,3619412350,0,0,0
TF2203,20220218,20220218,130430000,13:04:30,101.92,3551,28295,3619412350,0,0,0
TF2203,20220218,20220218,130430500,13:04:30,101.92,3551,28295,3619412350,0,0,0
TF2203,20220218,20220218,130431000,13:04:31,101.92,3551,28295,3619412350,0,0,0
TF2203,20220218,20220218,130431500,13:04:31,101.92,3551,28295,3619412350,0,0,0
TF2203,20220218,20220218,130432000,13:04:32,101.92,3551,28295,3619412350,0,0,0
TF2203,20220218,20220218,130434000,13:04:34,101.92,3551,28295,3619412350,0,0,0
TF2203,20220218,20220218,130434500,13:04:34,101.92,3551,28295,3619412350,0,0,0
TF2203,20220218,20220218,130435000,13:04:35,101.92,3551,28295,3619412350,0,0,0
TF2203,20220218,20220218,130435500,13:04:35,101.92,3551,28295,3619412350,0,0,0
TF2203,20220218,20220218,130436000,13:04:36,101.92,3551,28295,3619412350,0,0,0
TF2203,20220218,20220218,130436500,13:04:36,101.92,3551,28295,3619412350,0,0,0
TF2203,20220218,20220218,130437000,13:04:37,101.92,3551,28295,3619412350,0,0,0
TF2203,20220218,20220218,130437500,13:04:37,101.92,3551,28295,3619412350,0,0,0
TF2203,20220218,20220218,130438000,13:04:38,101.92,3551,28295,3619412350,0,0,0
TF2203,20220218,20220218,130438500,13:04:38,101.92,3551,28295,3619412350,0,0,0
TF2203,20220218,20220218,130439000,13:04:39,101.92,3551,28295,3619412350,0,0,0
TF2203,20220218,20220218,130439500,13:04:39,101.92,3551,28295,3619412350,0,0,0
TF2203,20220218,20220218,130440000,13:04:40,101.92,3551,28295,3619412350,0,0,0
TF2203,20220218,20220218,130440500,13:04:40,101.92,3551,28295,3619412350,0,0,0
TF2203,20220218,20220218,130441000,13:04:41,101.92,3551,28295,3619412350,0,0,0
TF2203,20220218,20220218,130441500,13:04:41,101.92,3551,28295,3619412350,0,0,0
TF2203,20220218,20220218,130442000,13:04:42,101.92,3551,28295,3619412350,0,0,0
TF2203,20220218,20220218,130442500,13:04:42,101.92,3551,28295,3619412350,0,0,0
TF2203,20220218,20220218,130443000,13:04:43,101.92,3551,28295,3619412350,0,0,0
TF2203,20220218,20220218,130443500,13:04:43,101.92,3551,28295,3619412350,0,0,0
TF2203,20220218,20220218,130444000,13:04:44,101.92,3551,28295,3619412350,0,0,0
TF2203,20220218,20220218,130444500,13:04:44,101.92,3551,28295,3619412350,0,0,0
TF2203,20220218,20220218,130445000,13:04:45,101.92,3551,28295,3619412350,0,0,0
TF2203,20220218,20220218,130445500,13:04:45,101.92,3551,28295,3619412350,0,0,0
TF2203,20220218,20220218,130446000,13:04:46,101.92,3551,28295,3619412350,0,0,0
TF2203,20220218,20220218,130446500,13:04:46,101.92,3551,28295,3619412350,0,0,0
TF2203,20220218,20220218,130447000,13:04:47,101.92,3551,28295,3619412350,0,0,0
TF2203,20220218,20220218,130447500,13:04:47,101.92,3551,28295,3619412350,0,0,0
TF2203,20220218,20220218,130448000,13:04:48,101.92,3551,28295,3619412350,0,0,0
TF2203,20220218,20220218,130448500,13:04:48,101.92,3551,28295,3619412350,0,0,0
TF2203,20220218,20220218,130449000,13:04:49,101.915,3560,28286,3628584700,9,-9,9172350
TF2203,20220218,20220218,130449500,13:04:50,101.915,3561,28285,3629603850,1,-1,1019150
TF2203,20220218,20220218,130450000,13:04:50,101.915,3561,28285,3629603850,0,0,0
TF2203,20220218,20220218,130450500,13:04:50,101.915,3561,28285,3629603850,0,0,0
TF2203,20220218,20220218,130451000,13:04:51,101.915,3561,28285,3629603850,0,0,0
TF2203,20220218,20220218,130451500,13:04:51,101.915,3561,28285,3629603850,0,0,0
TF2203,20220218,20220218,130452000,13:04:52,101.915,3561,28285,3629603850,0,0,0
TF2203,20220218,20220218,130452500,13:04:52,101.915,3561,28285,3629603850,0,0,0
TF2203,20220218,20220218,130453000,13:04:53,101.915,3561,28285,3629603850,0,0,0
TF2203,20220218,20220218,130453500,13:04:53,101.915,3561,28285,3629603850,0,0,0
TF2203,20220218,20220218,130454000,13:04:54,101.915,3561,28285,3629603850,0,0,0
TF2203,20220218,20220218,130454500,13:04:54,101.915,3561,28285,3629603850,0,0,0
TF2203,20220218,20220218,130455000,13:04:55,101.915,3561,28285,3629603850,0,0,0
TF2203,20220218,20220218,130455500,13:04:55,101.915,3561,28285,3629603850,0,0,0
TF2203,20220218,20220218,130456000,13:04:56,101.915,3561,28285,3629603850,0,0,0
TF2203,20220218,20220218,130456500,13:04:56,101.915,3561,28285,3629603850,0,0,0
TF2203,20220218,20220218,130457000,13:04:57,101.915,3561,28285,3629603850,0,0,0
TF2203,20220218,20220218,130457500,13:04:57,101.915,3561,28285,3629603850,0,0,0
TF2203,20220218,20220218,130458000,13:04:58,101.915,3561,28285,3629603850,0,0,0
TF2203,20220218,20220218,130458500,13:04:58,101.915,3561,28285,3629603850,0,0,0
TF2203,20220218,20220218,130459000,13:04:59,101.915,3561,28285,3629603850,0,0,0
TF2203,20220218,20220218,130459500,13:04:59,101.915,3561,28285,3629603850,0,0,0
TF2203,20220218,20220218,130500000,13:05:00,101.915,3561,28285,3629603850,0,0,0
TF2203,20220218,20220218,130500500,13:05:00,101.915,3561,28285,3629603850,0,0,0
TF2203,20220218,20220218,130501000,13:05:01,101.915,3561,28285,3629603850,0,0,0
TF2203,20220218,20220218,130501500,13:05:01,101.915,3561,28285,3629603850,0,0,0
TF2203,20220218,20220218,130502000,13:05:02,101.915,3561,28285,3629603850,0,0,0
TF2203,20220218,20220218,130502500,13:05:02,101.915,3561,28285,3629603850,0,0,0
TF2203,20220218,20220218,130503000,13:05:03,101.915,3561,28285,3629603850,0,0,0
TF2203,20220218,20220218,130503500,13:05:03,101.915,3561,28285,3629603850,0,0,0
TF2203,20220218,20220218,130504000,13:05:04,101.915,3561,28285,3629603850,0,0,0
TF2203,20220218,20220218,130504500,13:05:04,101.915,3561,28285,3629603850,0,0,0
TF2203,20220218,20220218,130505000,13:05:05,101.915,3561,28285,3629603850,0,0,0
TF2203,20220218,20220218,130505500,13:05:05,101.91,3562,28285,3630622950,1,0,1019100
TF2203,20220218,20220218,130506000,13:05:06,101.91,3562,28285,3630622950,0,0,0
TF2203,20220218,20220218,130506500,13:05:06,101.91,3562,28285,3630622950,0,0,0
TF2203,20220218,20220218,130507000,13:05:07,101.91,3562,28285,3630622950,0,0,0
TF2203,20220218,20220218,130507500,13:05:07,101.91,3562,28285,3630622950,0,0,0
TF2203,20220218,20220218,130508000,13:05:08,101.91,3562,28285,3630622950,0,0,0
TF2203,20220218,20220218,130508500,13:05:08,101.91,3562,28285,3630622950,0,0,0
TF2203,20220218,20220218,130509000,13:05:09,101.91,3562,28285,3630622950,0,0,0
TF2203,20220218,20220218,130509500,13:05:09,101.91,3562,28285,3630622950,0,0,0
TF2203,20220218,20220218,130510000,13:05:10,101.91,3562,28285,3630622950,0,0,0
TF2203,20220218,20220218,130510500,13:05:10,101.91,3562,28285,3630622950,0,0,0
TF2203,20220218,20220218,130511000,13:05:11,101.91,3562,28285,3630622950,0,0,0
TF2203,20220218,20220218,130511500,13:05:11,101.91,3562,28285,3630622950,0,0,0
TF2203,20220218,20220218,130512000,13:05:12,101.91,3562,28285,3630622950,0,0,0
TF2203,20220218,20220218,130512500,13:05:13,101.91,3563,28285,3631642050,1,0,1019100
TF2203,20220218,20220218,130513000,13:05:13,101.91,3571,28285,3639794850,8,0,8152800
TF2203,20220218,20220218,130513500,13:05:13,101.91,3571,28285,3639794850,0,0,0
TF2203,20220218,20220218,130514000,13:05:14,101.91,3571,28285,3639794850,0,0,0
TF2203,20220218,20220218,130514500,13:05:14,101.91,3571,28285,3639794850,0,0,0
TF2203,20220218,20220218,130516000,13:05:16,101.91,3571,28285,3639794850,0,0,0
TF2203,20220218,20220218,130517000,13:05:17,101.91,3571,28285,3639794850,0,0,0
TF2203,20220218,20220218,130518000,13:05:18,101.91,3571,28285,3639794850,0,0,0
TF2203,20220218,20220218,130518500,13:05:18,101.91,3571,28285,3639794850,0,0,0
TF2203,20220218,20220218,130520000,13:05:20,101.91,3571,28285,3639794850,0,0,0
TF2203,20220218,20220218,130520500,13:05:20,101.91,3571,28285,3639794850,0,0,0
TF2203,20220218,20220218,130522000,13:05:22,101.91,3571,28285,3639794850,0,0,0
TF2203,20220218,20220218,130524000,13:05:24,101.91,3571,28285,3639794850,0,0,0
TF2203,20220218,20220218,130526000,13:05:26,101.91,3571,28285,3639794850,0,0,0
TF2203,20220218,20220218,130527500,13:05:27,101.91,3571,28285,3639794850,0,0,0
TF2203,20220218,20220218,130528000,13:05:28,101.91,3571,28285,3639794850,0,0,0
TF2203,20220218,20220218,130530000,13:05:30,101.91,3571,28285,3639794850,0,0,0
TF2203,20220218,20220218,130531000,13:05:31,101.91,3571,28285,3639794850,0,0,0
TF2203,20220218,20220218,130532000,13:05:32,101.91,3571,28285,3639794850,0,0,0
TF2203,20220218,20220218,130534000,13:05:34,101.91,3571,28285,3639794850,0,0,0
TF2203,20220218,20220218,130535000,13:05:35,101.91,3571,28285,3639794850,0,0,0
TF2203,20220218,20220218,130536000,13:05:36,101.91,3571,28285,3639794850,0,0,0
TF2203,20220218,20220218,130538000,13:05:38,101.91,3571,28285,3639794850,0,0,0
TF2203,20220218,20220218,130538500,13:05:38,101.91,3571,28285,3639794850,0,0,0
TF2203,20220218,20220218,130539000,13:05:39,101.91,3571,28285,3639794850,0,0,0
TF2203,20220218,20220218,130539500,13:05:39,101.91,3571,28285,3639794850,0,0,0
TF2203,20220218,20220218,130540000,13:05:40,101.91,3571,28285,3639794850,0,0,0
TF2203,20220218,20220218,130542000,13:05:42,101.91,3571,28285,3639794850,0,0,0
TF2203,20220218,20220218,130544000,13:05:44,101.91,3571,28285,3639794850,0,0,0
TF2203,20220218,20220218,130546000,13:05:46,101.91,3571,28285,3639794850,0,0,0
TF2203,20220218,20220218,130548000,13:05:48,101.91,3571,28285,3639794850,0,0,0
TF2203,20220218,20220218,130548500,13:05:48,101.905,3572,28286,3640813900,1,1,1019050
TF2203,20220218,20220218,130549000,13:05:49,101.905,3572,28286,3640813900,0,0,0
TF2203,20220218,20220218,130549500,13:05:49,101.905,3572,28286,3640813900,0,0,0
TF2203,20220218,20220218,130550000,13:05:50,101.905,3572,28286,3640813900,0,0,0
TF2203,20220218,20220218,130550500,13:05:50,101.905,3572,28286,3640813900,0,0,0
TF2203,20220218,20220218,130551000,13:05:51,101.905,3572,28286,3640813900,0,0,0
TF2203,20220218,20220218,130551500,13:05:51,101.905,3572,28286,3640813900,0,0,0
