bc2203,20220218,20220218,112003000,11:20:04,63650,1713,2448,544137900,1713,118,544137900
bc2203,20220218,20220218,112004500,11:20:09,63650,1713,2448,544137900,0,0,0
bc2203,20220218,20220218,112005000,11:20:10,63650,1713,2448,544137900,0,0,0
bc2203,20220218,20220218,112006000,11:20:10,63650,1713,2448,544137900,0,0,0
bc2203,20220218,20220218,112006500,11:20:10,63650,1713,2448,544137900,0,0,0
bc2203,20220218,20220218,112007000,11:20:10,63650,1713,2448,544137900,0,0,0
bc2203,20220218,20220218,112007500,11:20:10,63650,1713,2448,544137900,0,0,0
bc2203,20220218,20220218,112008000,11:20:10,63650,1713,2448,544137900,0,0,0
bc2203,20220218,20220218,112008500,11:20:10,63650,1713,2448,544137900,0,0,0
bc2203,20220218,20220218,112009000,11:20:10,63650,1713,2448,544137900,0,0,0
bc2203,20220218,20220218,112009500,11:20:10,63650,1713,2448,544137900,0,0,0
bc2203,20220218,20220218,112010000,11:20:10,63650,1713,2448,544137900,0,0,0
bc2203,20220218,20220218,112010500,11:20:10,63650,1713,2448,544137900,0,0,0
bc2203,20220218,20220218,112011000,11:20:11,63650,1713,2448,544137900,0,0,0
bc2203,20220218,20220218,112012500,11:20:12,63650,1713,2448,544137900,0,0,0
bc2203,20220218,20220218,112013000,11:20:13,63650,1713,2448,544137900,0,0,0
bc2203,20220218,20220218,112014500,11:20:14,63650,1713,2448,544137900,0,0,0
bc2203,20220218,20220218,112015500,11:20:16,63650,1713,2448,544137900,0,0,0
bc2203,20220218,20220218,112017500,11:20:17,63650,1713,2448,544137900,0,0,0
bc2203,20220218,20220218,112018000,11:20:18,63650,1713,2448,544137900,0,0,0
bc2203,20220218,20220218,112019000,11:20:19,63650,1713,2448,544137900,0,0,0
bc2203,20220218,20220218,112019500,11:20:20,63650,1713,2448,544137900,0,0,0
bc2203,20220218,20220218,112020000,11:20:20,63650,1713,2448,544137900,0,0,0
bc2203,20220218,20220218,112020500,11:20:20,63650,1713,2448,544137900,0,0,0
bc2203,20220218,20220218,112021000,11:20:21,63650,1713,2448,544137900,0,0,0
bc2203,20220218,20220218,112021500,11:20:21,63650,1713,2448,544137900,0,0,0
bc2203,20220218,20220218,112022000,11:20:22,63650,1713,2448,544137900,0,0,0
bc2203,20220218,20220218,112022500,11:20:23,63650,1713,2448,544137900,0,0,0
bc2203,20220218,20220218,112023000,11:20:23,63650,1713,2448,544137900,0,0,0
bc2203,20220218,20220218,112023500,11:20:23,63650,1713,2448,544137900,0,0,0
bc2203,20220218,20220218,112024000,11:20:24,63650,1713,2448,544137900,0,0,0
bc2203,20220218,20220218,112024500,11:20:24,63650,1713,2448,544137900,0,0,0
bc2203,20220218,20220218,112025000,11:20:25,63650,1713,2448,544137900,0,0,0
bc2203,20220218,20220218,112025500,11:20:25,63650,1713,2448,544137900,0,0,0
bc2203,20220218,20220218,112027000,11:20:27,63650,1713,2448,544137900,0,0,0
bc2203,20220218,20220218,112027500,11:20:28,63650,1713,2448,544137900,0,0,0
bc2203,20220218,20220218,112028000,11:20:28,63650,1713,2448,544137900,0,0,0
bc2203,20220218,20220218,112028500,11:20:28,63650,1713,2448,544137900,0,0,0
bc2203,20220218,20220218,112029000,11:20:29,63650,1713,2448,544137900,0,0,0
bc2203,20220218,20220218,112029500,11:20:30,63650,1713,2448,544137900,0,0,0
bc2203,20220218,20220218,112030000,11:20:31,63650,1713,2448,544137900,0,0,0
bc2203,20220218,20220218,112030500,11:20:31,63650,1713,2448,544137900,0,0,0
bc2203,20220218,20220218,112031000,11:20:31,63650,1713,2448,544137900,0,0,0
bc2203,20220218,20220218,112031500,11:20:32,63650,1713,2448,544137900,0,0,0
bc2203,20220218,20220218,112032500,11:20:32,63650,1713,2448,544137900,0,0,0
bc2203,20220218,20220218,112033000,11:20:33,63650,1713,2448,544137900,0,0,0
bc2203,20220218,20220218,112033500,11:20:33,63650,1713,2448,544137900,0,0,0
bc2203,20220218,20220218,112034000,11:20:34,63650,1713,2448,544137900,0,0,0
bc2203,20220218,20220218,112034500,11:20:34,63650,1713,2448,544137900,0,0,0
bc2203,20220218,20220218,112036500,11:20:37,63650,1713,2448,544137900,0,0,0
bc2203,20220218,20220218,112037000,11:20:37,63650,1713,2448,544137900,0,0,0
bc2203,20220218,20220218,112037500,11:20:38,63650,1713,2448,544137900,0,0,0
bc2203,20220218,20220218,112038000,11:20:38,63650,1713,2448,544137900,0,0,0
bc2203,20220218,20220218,112038500,11:20:38,63650,1713,2448,544137900,0,0,0
bc2203,20220218,20220218,112039000,11:20:39,63650,1713,2448,544137900,0,0,0
bc2203,20220218,20220218,112039500,11:20:40,63650,1713,2448,544137900,0,0,0
bc2203,20220218,20220218,112040000,11:20:40,63650,1713,2448,544137900,0,0,0
bc2203,20220218,20220218,112040500,11:20:41,63650,1713,2448,544137900,0,0,0
bc2203,20220218,20220218,112041000,11:20:41,63650,1713,2448,544137900,0,0,0
bc2203,20220218,20220218,112041500,11:20:41,63650,1713,2448,544137900,0,0,0
bc2203,20220218,20220218,112042500,11:20:42,63650,1713,2448,544137900,0,0,0
bc2203,20220218,20220218,112043000,11:20:43,63650,1713,2448,544137900,0,0,0
bc2203,20220218,20220218,112043500,11:20:44,63650,1713,2448,544137900,0,0,0
bc2203,20220218,20220218,112044000,11:20:44,63650,1713,2448,544137900,0,0,0
bc2203,20220218,20220218,112044500,11:20:44,63650,1713,2448,544137900,0,0,0
bc2203,20220218,20220218,112045000,11:20:45,63650,1713,2448,544137900,0,0,0
bc2203,20220218,20220218,112045500,11:20:46,63650,1713,2448,544137900,0,0,0
bc2203,20220218,20220218,112047000,11:20:47,63650,1713,2448,544137900,0,0,0
bc2203,20220218,20220218,112048500,11:20:49,63650,1713,2448,544137900,0,0,0
bc2203,20220218,20220218,112049000,11:20:50,63650,1713,2448,544137900,0,0,0
bc2203,20220218,20220218,112049500,11:20:50,63650,1713,2448,544137900,0,0,0
bc2203,20220218,20220218,112050500,11:20:51,63650,1713,2448,544137900,0,0,0
bc2203,20220218,20220218,112051000,11:20:51,63650,1713,2448,544137900,0,0,0
bc2203,20220218,20220218,112051500,11:20:51,63650,1713,2448,544137900,0,0,0
bc2203,20220218,20220218,112052500,11:20:53,63650,1713,2448,544137900,0,0,0
bc2203,20220218,20220218,112053000,11:20:53,63650,1713,2448,544137900,0,0,0
bc2203,20220218,20220218,112053500,11:20:53,63650,1713,2448,544137900,0,0,0
bc2203,20220218,20220218,112054000,11:20:54,63650,1713,2448,544137900,0,0,0
bc2203,20220218,20220218,112054500,11:20:55,63650,1713,2448,544137900,0,0,0
bc2203,20220218,20220218,112055000,11:20:55,63650,1713,2448,544137900,0,0,0
bc2203,20220218,20220218,112055500,11:20:56,63650,1713,2448,544137900,0,0,0
bc2203,20220218,20220218,112056000,11:20:56,63650,1713,2448,544137900,0,0,0
bc2203,20220218,20220218,112056500,11:20:56,63650,1713,2448,544137900,0,0,0
bc2203,20220218,20220218,112057000,11:20:58,63650,1713,2448,544137900,0,0,0
bc2203,20220218,20220218,112057500,11:20:58,63650,1713,2448,544137900,0,0,0
bc2203,20220218,20220218,112058000,11:20:58,63650,1713,2448,544137900,0,0,0
bc2203,20220218,20220218,112058500,11:20:59,63650,1713,2448,544137900,0,0,0
bc2203,20220218,20220218,112059000,11:20:59,63650,1713,2448,544137900,0,0,0
bc2203,20220218,20220218,112059500,11:21:00,63650,1713,2448,544137900,0,0,0
bc2203,20220218,20220218,112100000,11:21:00,63650,1713,2448,544137900,0,0,0
bc2203,20220218,20220218,112100500,11:21:01,63650,1713,2448,544137900,0,0,0
bc2203,20220218,20220218,112101500,11:21:02,63650,1713,2448,544137900,0,0,0
bc2203,20220218,20220218,112103000,11:21:03,63650,1713,2448,544137900,0,0,0
bc2203,20220218,20220218,112103500,11:21:04,63650,1713,2448,544137900,0,0,0
bc2203,20220218,20220218,112104000,11:21:04,63650,1713,2448,544137900,0,0,0
bc2203,20220218,20220218,112105000,11:21:05,63650,1713,2448,544137900,0,0,0
bc2203,20220218,20220218,112107500,11:21:10,63650,1713,2448,544137900,0,0,0
bc2203,20220218,20220218,112108000,11:21:10,63650,1713,2448,544137900,0,0,0
bc2203,20220218,20220218,112108500,11:21:10,63650,1713,2448,544137900,0,0,0
bc2203,20220218,20220218,112109500,11:21:10,63650,1713,2448,544137900,0,0,0
bc2203,20220218,20220218,112112500,11:21:12,63650,1713,2448,544137900,0,0,0
bc2203,20220218,20220218,112114000,11:21:14,63650,1713,2448,544137900,0,0,0
bc2203,20220218,20220218,112114500,11:21:14,63650,1713,2448,544137900,0,0,0
bc2203,20220218,20220218,112115000,11:21:15,63650,1713,2448,544137900,0,0,0
bc2203,20220218,20220218,112117000,11:21:17,63650,1713,2448,544137900,0,0,0
bc2203,20220218,20220218,112117500,11:21:18,63690,1714,2448,544456350,1,0,318450
bc2203,20220218,20220218,112118000,11:21:18,63690,1716,2447,545093250,2,-1,636900
bc2203,20220218,20220218,112118500,11:21:18,63690,1716,2447,545093250,0,0,0
bc2203,20220218,20220218,112119000,11:21:19,63690,1716,2447,545093250,0,0,0
bc2203,20220218,20220218,112119500,11:21:20,63690,1716,2447,545093250,0,0,0
bc2203,20220218,20220218,112120000,11:21:20,63690,1716,2447,545093250,0,0,0
bc2203,20220218,20220218,112120500,11:21:21,63690,1716,2447,545093250,0,0,0
bc2203,20220218,20220218,112121000,11:21:22,63700,1717,2447,545411750,1,0,318500
bc2203,20220218,20220218,112121500,11:21:22,63700,1717,2447,545411750,0,0,0
bc2203,20220218,20220218,112122000,11:21:22,63700,1717,2447,545411750,0,0,0
bc2203,20220218,20220218,112122500,11:21:22,63700,1717,2447,545411750,0,0,0
bc2203,20220218,20220218,112123000,11:21:23,63700,1717,2447,545411750,0,0,0
bc2203,20220218,20220218,112123500,11:21:23,63700,1717,2447,545411750,0,0,0
bc2203,20220218,20220218,112124000,11:21:24,63700,1717,2447,545411750,0,0,0
bc2203,20220218,20220218,112124500,11:21:25,63700,1717,2447,545411750,0,0,0
bc2203,20220218,20220218,112125000,11:21:33,63700,1717,2447,545411750,0,0,0
bc2203,20220218,20220218,112126000,11:23:33,63700,1717,2447,545411750,0,0,0
bc2203,20220218,20220218,112126500,11:23:33,63700,1717,2447,545411750,0,0,0
bc2203,20220218,20220218,112330500,11:23:33,63700,1717,2447,545411750,0,0,0
bc2203,20220218,20220218,112333500,11:23:33,63700,1717,2447,545411750,0,0,0
bc2203,20220218,20220218,112334000,11:23:34,63700,1717,2447,545411750,0,0,0
bc2203,20220218,20220218,112334500,11:23:34,63700,1717,2447,545411750,0,0,0
bc2203,20220218,20220218,112335000,11:23:35,63700,1717,2447,545411750,0,0,0
bc2203,20220218,20220218,112337000,11:23:38,63700,1717,2447,545411750,0,0,0
bc2203,20220218,20220218,112337500,11:23:38,63700,1717,2447,545411750,0,0,0
bc2203,20220218,20220218,112338000,11:23:38,63700,1717,2447,545411750,0,0,0
bc2203,20220218,20220218,112339500,11:23:39,63700,1717,2447,545411750,0,0,0
bc2203,20220218,20220218,112341500,11:23:42,63700,1717,2447,545411750,0,0,0
bc2203,20220218,20220218,112342500,11:23:42,63700,1717,2447,545411750,0,0,0
bc2203,20220218,20220218,112343000,11:23:43,63700,1717,2447,545411750,0,0,0
bc2203,20220218,20220218,112343500,11:23:43,63700,1717,2447,545411750,0,0,0
bc2203,20220218,20220218,112344000,11:23:45,63700,1717,2447,545411750,0,0,0
bc2203,20220218,20220218,112344500,11:23:48,63700,1717,2447,545411750,0,0,0
bc2203,20220218,20220218,112345000,11:23:48,63700,1717,2447,545411750,0,0,0
bc2203,20220218,20220218,112347000,11:23:48,63700,1717,2447,545411750,0,0,0
bc2203,20220218,20220218,112348500,11:23:49,63700,1717,2447,545411750,0,0,0
bc2203,20220218,20220218,112349000,11:23:49,63700,1717,2447,545411750,0,0,0
bc2203,20220218,20220218,112349500,11:23:50,63700,1717,2447,545411750,0,0,0
bc2203,20220218,20220218,112350000,11:23:50,63700,1717,2447,545411750,0,0,0
bc2203,20220218,20220218,112350500,11:23:50,63700,1717,2447,545411750,0,0,0
bc2203,20220218,20220218,112351000,11:23:51,63700,1717,2447,545411750,0,0,0
bc2203,20220218,20220218,112351500,11:23:51,63700,1717,2447,545411750,0,0,0
bc2203,20220218,20220218,112352000,11:23:52,63700,1717,2447,545411750,0,0,0
bc2203,20220218,20220218,112352500,11:23:52,63700,1717,2447,545411750,0,0,0
bc2203,20220218,20220218,112353500,11:23:53,63700,1717,2447,545411750,0,0,0
bc2203,20220218,20220218,112354000,11:23:54,63700,1717,2447,545411750,0,0,0
bc2203,20220218,20220218,112354500,11:23:55,63700,1717,2447,545411750,0,0,0
bc2203,20220218,20220218,112355000,11:23:55,63700,1717,2447,545411750,0,0,0
bc2203,20220218,20220218,112355500,11:23:55,63700,1717,2447,545411750,0,0,0
bc2203,20220218,20220218,112356000,11:23:56,63700,1717,2447,545411750,0,0,0
bc2203,20220218,20220218,112356500,11:23:56,63700,1717,2447,545411750,0,0,0
bc2203,20220218,20220218,112357000,11:23:57,63700,1717,2447,545411750,0,0,0
bc2203,20220218,20220218,112357500,11:23:57,63700,1717,2447,545411750,0,0,0
bc2203,20220218,20220218,112358000,11:23:58,63700,1717,2447,545411750,0,0,0
bc2203,20220218,20220218,112358500,11:23:58,63700,1717,2447,545411750,0,0,0
bc2203,20220218,20220218,112400500,11:24:00,63700,1717,2447,545411750,0,0,0
bc2203,20220218,20220218,112401000,11:24:01,63700,1717,2447,545411750,0,0,0
bc2203,20220218,20220218,112402000,11:24:02,63700,1717,2447,545411750,0,0,0
bc2203,20220218,20220218,112402500,11:24:02,63700,1717,2447,545411750,0,0,0
bc2203,20220218,20220218,112403000,11:24:03,63700,1717,2447,545411750,0,0,0
bc2203,20220218,20220218,112403500,11:24:03,63700,1717,2447,545411750,0,0,0
bc2203,20220218,20220218,112404000,11:24:04,63700,1717,2447,545411750,0,0,0
bc2203,20220218,20220218,112404500,11:24:04,63700,1717,2447,545411750,0,0,0
bc2203,20220218,20220218,112405000,11:24:05,63700,1717,2447,545411750,0,0,0
bc2203,20220218,20220218,112406500,11:24:06,63700,1717,2447,545411750,0,0,0
bc2203,20220218,20220218,112408000,11:24:08,63700,1717,2447,545411750,0,0,0
bc2203,20220218,20220218,112409000,11:24:09,63700,1717,2447,545411750,0,0,0
bc2203,20220218,20220218,112409500,11:24:11,63700,1717,2447,545411750,0,0,0
bc2203,20220218,20220218,112410000,11:24:12,63700,1717,2447,545411750,0,0,0
bc2203,20220218,20220218,112411000,11:24:12,63700,1717,2447,545411750,0,0,0
bc2203,20220218,20220218,112412500,11:24:12,63700,1717,2447,545411750,0,0,0
bc2203,20220218,20220218,112414000,11:24:14,63700,1717,2447,545411750,0,0,0
bc2203,20220218,20220218,112415500,11:24:15,63700,1717,2447,545411750,0,0,0
bc2203,20220218,20220218,112416000,11:24:16,63700,1717,2447,545411750,0,0,0
bc2203,20220218,20220218,112416500,11:24:17,63700,1717,2447,545411750,0,0,0
bc2203,20220218,20220218,112417500,11:24:18,63700,1717,2447,545411750,0,0,0
bc2203,20220218,20220218,112418500,11:24:19,63700,1717,2447,545411750,0,0,0
bc2203,20220218,20220218,112420000,11:24:20,63700,1717,2447,545411750,0,0,0
bc2203,20220218,20220218,112423000,11:24:23,63700,1717,2447,545411750,0,0,0
bc2203,20220218,20220218,112423500,11:24:23,63700,1717,2447,545411750,0,0,0
bc2203,20220218,20220218,112424000,11:24:24,63700,1717,2447,545411750,0,0,0
bc2203,20220218,20220218,112424500,11:24:24,63700,1717,2447,545411750,0,0,0
bc2203,20220218,20220218,112425000,11:24:25,63700,1717,2447,545411750,0,0,0
bc2203,20220218,20220218,112426000,11:24:26,63700,1717,2447,545411750,0,0,0
bc2203,20220218,20220218,112427500,11:24:28,63700,1717,2447,545411750,0,0,0
bc2203,20220218,20220218,112428500,11:24:28,63700,1717,2447,545411750,0,0,0
bc2203,20220218,20220218,112429000,11:24:29,63700,1717,2447,545411750,0,0,0
bc2203,20220218,20220218,112430000,11:24:30,63700,1717,2447,545411750,0,0,0
bc2203,20220218,20220218,112430500,11:24:30,63700,1717,2447,545411750,0,0,0
bc2203,20220218,20220218,112432000,11:24:32,63700,1717,2447,545411750,0,0,0
bc2203,20220218,20220218,112432500,11:24:32,63700,1717,2447,545411750,0,0,0
bc2203,20220218,20220218,112433500,11:24:33,63700,1717,2447,545411750,0,0,0
bc2203,20220218,20220218,112434500,11:24:34,63700,1717,2447,545411750,0,0,0
bc2203,20220218,20220218,112436500,11:24:36,63700,1717,2447,545411750,0,0,0
bc2203,20220218,20220218,112438000,11:24:39,63700,1717,2447,545411750,0,0,0
bc2203,20220218,20220218,112438500,11:24:39,63700,1717,2447,545411750,0,0,0
bc2203,20220218,20220218,112440000,11:24:40,63690,1719,2446,546048700,2,-1,636950
bc2203,20220218,20220218,112440500,11:24:40,63690,1719,2446,546048700,0,0,0
bc2203,20220218,20220218,112441000,11:24:41,63680,1720,2445,546367100,1,-1,318400
bc2203,20220218,20220218,112441500,11:24:41,63680,1720,2445,546367100,0,0,0
bc2203,20220218,20220218,112442000,11:24:42,63680,1720,2445,546367100,0,0,0
bc2203,20220218,20220218,112442500,11:24:42,63680,1720,2445,546367100,0,0,0
bc2203,20220218,20220218,112443000,11:24:43,63680,1720,2445,546367100,0,0,0
bc2203,20220218,20220218,112443500,11:24:43,63690,1721,2445,546685550,1,0,318450
bc2203,20220218,20220218,112444000,11:24:44,63690,1721,2445,546685550,0,0,0
bc2203,20220218,20220218,112444500,11:24:44,63690,1721,2445,546685550,0,0,0
bc2203,20220218,20220218,112445000,11:24:45,63690,1721,2445,546685550,0,0,0
bc2203,20220218,20220218,112445500,11:24:45,63690,1721,2445,546685550,0,0,0
bc2203,20220218,20220218,112446000,11:24:46,63690,1721,2445,546685550,0,0,0
bc2203,20220218,20220218,112446500,11:24:46,63690,1721,2445,546685550,0,0,0
bc2203,20220218,20220218,112447000,11:24:47,63690,1721,2445,546685550,0,0,0
bc2203,20220218,20220218,112447500,11:24:47,63690,1721,2445,546685550,0,0,0
bc2203,20220218,20220218,112448000,11:24:48,63690,1721,2445,546685550,0,0,0
bc2203,20220218,20220218,112448500,11:24:49,63690,1721,2445,546685550,0,0,0
bc2203,20220218,20220218,112449000,11:24:49,63690,1721,2445,546685550,0,0,0
bc2203,20220218,20220218,112450000,11:24:50,63690,1721,2445,546685550,0,0,0
bc2203,20220218,20220218,112451500,11:24:52,63690,1721,2445,546685550,0,0,0
bc2203,20220218,20220218,112452000,11:24:52,63690,1721,2445,546685550,0,0,0
bc2203,20220218,20220218,112452500,11:24:52,63690,1721,2445,546685550,0,0,0
bc2203,20220218,20220218,112453000,11:24:53,63690,1721,2445,546685550,0,0,0
bc2203,20220218,20220218,112453500,11:24:53,63690,1721,2445,546685550,0,0,0
bc2203,20220218,20220218,112454000,11:24:54,63690,1721,2445,546685550,0,0,0
bc2203,20220218,20220218,112454500,11:24:54,63690,1721,2445,546685550,0,0,0
bc2203,20220218,20220218,112455000,11:24:55,63690,1721,2445,546685550,0,0,0
bc2203,20220218,20220218,112456500,11:24:56,63690,1721,2445,546685550,0,0,0
bc2203,20220218,20220218,112457000,11:24:57,63690,1721,2445,546685550,0,0,0
bc2203,20220218,20220218,112458500,11:24:58,63690,1721,2445,546685550,0,0,0
bc2203,20220218,20220218,112459000,11:24:59,63690,1721,2445,546685550,0,0,0
bc2203,20220218,20220218,112459500,11:24:59,63690,1721,2445,546685550,0,0,0
bc2203,20220218,20220218,112500000,11:25:00,63690,1721,2445,546685550,0,0,0
bc2203,20220218,20220218,112501000,11:25:01,63690,1721,2445,546685550,0,0,0
bc2203,20220218,20220218,112501500,11:25:03,63690,1721,2445,546685550,0,0,0
bc2203,20220218,20220218,112504500,11:25:06,63690,1721,2445,546685550,0,0,0
bc2203,20220218,20220218,112505500,11:25:06,63690,1721,2445,546685550,0,0,0
bc2203,20220218,20220218,112506000,11:25:06,63690,1721,2445,546685550,0,0,0
bc2203,20220218,20220218,112508500,11:25:08,63690,1721,2445,546685550,0,0,0
bc2203,20220218,20220218,112510000,11:25:10,63690,1721,2445,546685550,0,0,0
bc2203,20220218,20220218,112511500,11:25:11,63690,1721,2445,546685550,0,0,0
bc2203,20220218,20220218,112513000,11:25:13,63690,1721,2445,546685550,0,0,0
bc2203,20220218,20220218,112513500,11:25:15,63690,1721,2445,546685550,0,0,0
bc2203,20220218,20220218,112514500,11:25:15,63690,1721,2445,546685550,0,0,0
bc2203,20220218,20220218,112517500,11:25:18,63690,1721,2445,546685550,0,0,0
bc2203,20220218,20220218,112518000,11:25:18,63690,1721,2445,546685550,0,0,0
bc2203,20220218,20220218,112519000,11:25:19,63690,1721,2445,546685550,0,0,0
bc2203,20220218,20220218,112520000,11:25:20,63690,1721,2445,546685550,0,0,0
bc2203,20220218,20220218,112520500,11:25:21,63690,1721,2445,546685550,0,0,0
bc2203,20220218,20220218,112521000,11:25:21,63690,1721,2445,546685550,0,0,0
bc2203,20220218,20220218,112521500,11:25:22,63690,1721,2445,546685550,0,0,0
bc2203,20220218,20220218,112522000,11:25:22,63690,1721,2445,546685550,0,0,0
bc2203,20220218,20220218,112522500,11:25:22,63690,1721,2445,546685550,0,0,0
bc2203,20220218,20220218,112523000,11:25:23,63690,1721,2445,546685550,0,0,0
bc2203,20220218,20220218,112523500,11:25:24,63690,1721,2445,546685550,0,0,0
bc2203,20220218,20220218,112524000,11:25:24,63690,1721,2445,546685550,0,0,0
bc2203,20220218,20220218,112524500,11:25:25,63690,1721,2445,546685550,0,0,0
bc2203,20220218,20220218,112525000,11:25:25,63690,1721,2445,546685550,0,0,0
bc2203,20220218,20220218,112525500,11:25:26,63690,1721,2445,546685550,0,0,0
bc2203,20220218,20220218,112526000,11:25:26,63690,1721,2445,546685550,0,0,0
bc2203,20220218,20220218,112526500,11:25:27,63690,1721,2445,546685550,0,0,0
bc2203,20220218,20220218,112527000,11:25:28,63690,1721,2445,546685550,0,0,0
bc2203,20220218,20220218,112527500,11:25:28,63690,1721,2445,546685550,0,0,0
bc2203,20220218,20220218,112528000,11:25:28,63690,1721,2445,546685550,0,0,0
bc2203,20220218,20220218,112528500,11:25:28,63690,1721,2445,546685550,0,0,0
bc2203,20220218,20220218,112529500,11:25:30,63690,1721,2445,546685550,0,0,0
bc2203,20220218,20220218,112530000,11:25:30,63690,1721,2445,546685550,0,0,0
bc2203,20220218,20220218,112530500,11:25:31,63690,1721,2445,546685550,0,0,0
bc2203,20220218,20220218,112531000,11:25:31,63690,1721,2445,546685550,0,0,0
bc2203,20220218,20220218,112531500,11:25:32,63690,1721,2445,546685550,0,0,0
bc2203,20220218,20220218,112532000,11:25:32,63690,1721,2445,546685550,0,0,0
bc2203,20220218,20220218,112534500,11:25:34,63690,1721,2445,546685550,0,0,0
bc2203,20220218,20220218,112535000,11:25:36,63690,1721,2445,546685550,0,0,0
bc2203,20220218,20220218,112535500,11:25:37,63690,1721,2445,546685550,0,0,0
bc2203,20220218,20220218,112536000,11:25:37,63690,1721,2445,546685550,0,0,0
bc2203,20220218,20220218,112536500,11:25:37,63690,1721,2445,546685550,0,0,0
bc2203,20220218,20220218,112537500,11:25:38,63690,1721,2445,546685550,0,0,0
bc2203,20220218,20220218,112539500,11:25:40,63690,1721,2445,546685550,0,0,0
bc2203,20220218,20220218,112541000,11:25:41,63690,1721,2445,546685550,0,0,0
bc2203,20220218,20220218,112541500,11:25:41,63690,1721,2445,546685550,0,0,0
bc2203,20220218,20220218,112544000,11:25:44,63690,1721,2445,546685550,0,0,0
bc2203,20220218,20220218,112545500,11:25:46,63690,1721,2445,546685550,0,0,0
bc2203,20220218,20220218,112546000,11:25:47,63690,1721,2445,546685550,0,0,0
bc2203,20220218,20220218,112548500,11:25:48,63690,1721,2445,546685550,0,0,0
bc2203,20220218,20220218,112549000,11:25:49,63690,1721,2445,546685550,0,0,0
bc2203,20220218,20220218,112550000,11:25:50,63690,1721,2445,546685550,0,0,0
bc2203,20220218,20220218,112551500,11:25:51,63690,1721,2445,546685550,0,0,0
bc2203,20220218,20220218,112552000,11:25:52,63690,1721,2445,546685550,0,0,0
bc2203,20220218,20220218,112553500,11:25:54,63690,1721,2445,546685550,0,0,0
bc2203,20220218,20220218,112554000,11:25:54,63690,1721,2445,546685550,0,0,0
bc2203,20220218,20220218,112554500,11:25:54,63690,1721,2445,546685550,0,0,0
bc2203,20220218,20220218,112555000,11:25:56,63690,1721,2445,546685550,0,0,0
bc2203,20220218,20220218,112556500,11:25:57,63690,1721,2445,546685550,0,0,0
bc2203,20220218,20220218,112557000,11:25:57,63690,1721,2445,546685550,0,0,0
bc2203,20220218,20220218,112557500,11:25:57,63690,1721,2445,546685550,0,0,0
bc2203,20220218,20220218,112559000,11:25:59,63690,1721,2445,546685550,0,0,0
bc2203,20220218,20220218,112600000,11:26:00,63690,1721,2445,546685550,0,0,0
bc2203,20220218,20220218,112600500,11:26:01,63690,1721,2445,546685550,0,0,0
bc2203,20220218,20220218,112602000,11:26:03,63690,1721,2445,546685550,0,0,0
bc2203,20220218,20220218,112602500,11:26:03,63690,1721,2445,546685550,0,0,0
bc2203,20220218,20220218,112603500,11:26:04,63690,1721,2445,546685550,0,0,0
bc2203,20220218,20220218,112606500,11:26:06,63690,1721,2445,546685550,0,0,0
bc2203,20220218,20220218,112607500,11:26:09,63690,1721,2445,546685550,0,0,0
bc2203,20220218,20220218,112609000,11:26:10,63690,1721,2445,546685550,0,0,0
bc2203,20220218,20220218,112611000,11:26:11,63690,1721,2445,546685550,0,0,0
bc2203,20220218,20220218,112612000,11:26:14,63690,1721,2445,546685550,0,0,0
bc2203,20220218,20220218,112612500,11:26:14,63690,1721,2445,546685550,0,0,0
bc2203,20220218,20220218,112615500,11:26:16,63690,1721,2445,546685550,0,0,0
bc2203,20220218,20220218,112616000,11:26:16,63690,1721,2445,546685550,0,0,0
bc2203,20220218,20220218,112617000,11:26:17,63690,1721,2445,546685550,0,0,0
bc2203,20220218,20220218,112619500,11:26:20,63690,1721,2445,546685550,0,0,0
bc2203,20220218,20220218,112620000,11:26:20,63690,1721,2445,546685550,0,0,0
bc2203,20220218,20220218,112621500,11:26:21,63690,1721,2445,546685550,0,0,0
bc2203,20220218,20220218,112622000,11:26:22,63690,1721,2445,546685550,0,0,0
bc2203,20220218,20220218,112624500,11:26:24,63690,1721,2445,546685550,0,0,0
bc2203,20220218,20220218,112626000,11:26:26,63690,1721,2445,546685550,0,0,0
bc2203,20220218,20220218,112629000,11:26:29,63690,1721,2445,546685550,0,0,0
bc2203,20220218,20220218,112629500,11:26:30,63690,1721,2445,546685550,0,0,0
bc2203,20220218,20220218,112630500,11:26:31,63690,1721,2445,546685550,0,0,0
bc2203,20220218,20220218,112631500,11:26:32,63690,1721,2445,546685550,0,0,0
bc2203,20220218,20220218,112633500,11:26:33,63690,1721,2445,546685550,0,0,0
bc2203,20220218,20220218,112634000,11:26:34,63690,1721,2445,546685550,0,0,0
bc2203,20220218,20220218,112635000,11:26:37,63690,1721,2445,546685550,0,0,0
bc2203,20220218,20220218,112635500,11:26:37,63690,1721,2445,546685550,0,0,0
bc2203,20220218,20220218,112636000,11:26:38,63690,1721,2445,546685550,0,0,0
bc2203,20220218,20220218,112637000,11:26:39,63690,1721,2445,546685550,0,0,0
bc2203,20220218,20220218,112637500,11:26:54,63690,1721,2445,546685550,0,0,0
bc2203,20220218,20220218,112638000,11:27:10,63690,1721,2445,546685550,0,0,0
bc2203,20220218,20220218,112638500,11:27:10,63690,1721,2445,546685550,0,0,0
bc2203,20220218,20220218,112653000,11:27:10,63690,1721,2445,546685550,0,0,0
bc2203,20220218,20220218,112710000,11:27:12,63690,1721,2445,546685550,0,0,0
bc2203,20220218,20220218,112710500,11:27:12,63690,1721,2445,546685550,0,0,0
bc2203,20220218,20220218,112712000,11:27:12,63690,1721,2445,546685550,0,0,0
bc2203,20220218,20220218,112712500,11:27:13,63690,1721,2445,546685550,0,0,0
bc2203,20220218,20220218,112713500,11:27:14,63690,1721,2445,546685550,0,0,0
bc2203,20220218,20220218,112714000,11:27:15,63690,1721,2445,546685550,0,0,0
bc2203,20220218,20220218,112715500,11:27:16,63690,1721,2445,546685550,0,0,0
bc2203,20220218,20220218,112717000,11:27:17,63690,1721,2445,546685550,0,0,0
bc2203,20220218,20220218,112718000,11:27:18,63690,1721,2445,546685550,0,0,0
bc2203,20220218,20220218,112720000,11:27:20,63690,1721,2445,546685550,0,0,0
bc2203,20220218,20220218,112720500,11:27:21,63690,1721,2445,546685550,0,0,0
bc2203,20220218,20220218,112721500,11:27:22,63690,1721,2445,546685550,0,0,0
bc2203,20220218,20220218,112724500,11:27:27,63690,1721,2445,546685550,0,0,0
bc2203,20220218,20220218,112726500,11:27:27,63690,1721,2445,546685550,0,0,0
bc2203,20220218,20220218,112727000,11:27:27,63690,1721,2445,546685550,0,0,0
bc2203,20220218,20220218,112727500,11:27:27,63690,1721,2445,546685550,0,0,0
bc2203,20220218,20220218,112728000,11:27:28,63690,1721,2445,546685550,0,0,0
bc2203,20220218,20220218,112729500,11:27:29,63690,1721,2445,546685550,0,0,0
bc2203,20220218,20220218,112730500,11:27:31,63690,1721,2445,546685550,0,0,0
bc2203,20220218,20220218,112731000,11:27:31,63690,1721,2445,546685550,0,0,0
bc2203,20220218,20220218,112735500,11:27:36,63690,1721,2445,546685550,0,0,0
bc2203,20220218,20220218,112736000,11:27:37,63690,1721,2445,546685550,0,0,0
bc2203,20220218,20220218,112736500,11:27:37,63690,1721,2445,546685550,0,0,0
bc2203,20220218,20220218,112737000,11:27:38,63690,1721,2445,546685550,0,0,0
bc2203,20220218,20220218,112737500,11:27:38,63690,1721,2445,546685550,0,0,0
bc2203,20220218,20220218,112738500,11:27:39,63690,1721,2445,546685550,0,0,0
bc2203,20220218,20220218,112740000,11:27:40,63690,1721,2445,546685550,0,0,0
bc2203,20220218,20220218,112741500,11:27:41,63690,1721,2445,546685550,0,0,0
bc2203,20220218,20220218,112742000,11:27:42,63690,1721,2445,546685550,0,0,0
bc2203,20220218,20220218,112743500,11:27:43,63690,1721,2445,546685550,0,0,0
bc2203,20220218,20220218,112744000,11:27:44,63690,1721,2445,546685550,0,0,0
bc2203,20220218,20220218,112744500,11:27:45,63690,1721,2445,546685550,0,0,0
bc2203,20220218,20220218,112745000,11:27:45,63690,1721,2445,546685550,0,0,0
bc2203,20220218,20220218,112754000,11:27:54,63690,1721,2445,546685550,0,0,0
bc2203,20220218,20220218,112755500,11:27:55,63690,1721,2445,546685550,0,0,0
bc2203,20220218,20220218,112757000,11:27:57,63690,1721,2445,546685550,0,0,0
bc2203,20220218,20220218,112757500,11:27:57,63690,1721,2445,546685550,0,0,0
bc2203,20220218,20220218,112758000,11:27:58,63690,1721,2445,546685550,0,0,0
bc2203,20220218,20220218,112758500,11:27:59,63690,1721,2445,546685550,0,0,0
bc2203,20220218,20220218,112759000,11:27:59,63690,1721,2445,546685550,0,0,0
bc2203,20220218,20220218,112759500,11:27:59,63690,1721,2445,546685550,0,0,0
bc2203,20220218,20220218,112800000,11:28:00,63690,1721,2445,546685550,0,0,0
bc2203,20220218,20220218,112800500,11:28:01,63690,1721,2445,546685550,0,0,0
bc2203,20220218,20220218,112801500,11:28:02,63690,1721,2445,546685550,0,0,0
bc2203,20220218,20220218,112802000,11:28:03,63690,1721,2445,546685550,0,0,0
bc2203,20220218,20220218,112802500,11:28:03,63690,1721,2445,546685550,0,0,0
bc2203,20220218,20220218,112803000,11:28:04,63690,1721,2445,546685550,0,0,0
bc2203,20220218,20220218,112803500,11:28:04,63690,1721,2445,546685550,0,0,0
bc2203,20220218,20220218,112804500,11:28:05,63690,1721,2445,546685550,0,0,0
bc2203,20220218,20220218,112805000,11:28:06,63690,1721,2445,546685550,0,0,0
bc2203,20220218,20220218,112807500,11:28:10,63690,1721,2445,546685550,0,0,0
bc2203,20220218,20220218,112819500,11:28:19,63690,1721,2445,546685550,0,0,0
bc2203,20220218,20220218,112822000,11:28:22,63690,1721,2445,546685550,0,0,0
bc2203,20220218,20220218,112822500,11:28:22,63690,1721,2445,546685550,0,0,0
bc2203,20220218,20220218,112823000,11:28:23,63690,1721,2445,546685550,0,0,0
bc2203,20220218,20220218,112823500,11:28:23,63690,1721,2445,546685550,0,0,0
bc2203,20220218,20220218,112824000,11:28:24,63690,1721,2445,546685550,0,0,0
bc2203,20220218,20220218,112826000,11:28:26,63690,1721,2445,546685550,0,0,0
bc2203,20220218,20220218,112826500,11:28:26,63690,1721,2445,546685550,0,0,0
bc2203,20220218,20220218,112827000,11:28:27,63690,1721,2445,546685550,0,0,0
bc2203,20220218,20220218,112828000,11:28:28,63690,1721,2445,546685550,0,0,0
bc2203,20220218,20220218,112828500,11:28:28,63690,1721,2445,546685550,0,0,0
bc2203,20220218,20220218,112829500,11:28:29,63690,1721,2445,546685550,0,0,0
bc2203,20220218,20220218,112830000,11:28:30,63690,1721,2445,546685550,0,0,0
bc2203,20220218,20220218,112830500,11:28:31,63690,1721,2445,546685550,0,0,0
bc2203,20220218,20220218,112831000,11:28:31,63690,1721,2445,546685550,0,0,0
bc2203,20220218,20220218,112831500,11:28:31,63690,1721,2445,546685550,0,0,0
bc2203,20220218,20220218,112832000,11:28:32,63690,1721,2445,546685550,0,0,0
bc2203,20220218,20220218,112832500,11:28:33,63690,1721,2445,546685550,0,0,0
bc2203,20220218,20220218,112833500,11:28:33,63690,1721,2445,546685550,0,0,0
bc2203,20220218,20220218,112834000,11:28:34,63690,1721,2445,546685550,0,0,0
bc2203,20220218,20220218,112834500,11:28:34,63690,1721,2445,546685550,0,0,0
bc2203,20220218,20220218,112835000,11:28:35,63690,1721,2445,546685550,0,0,0
bc2203,20220218,20220218,112835500,11:28:37,63690,1721,2445,546685550,0,0,0
bc2203,20220218,20220218,112836000,11:28:37,63690,1721,2445,546685550,0,0,0
bc2203,20220218,20220218,112836500,11:28:37,63690,1721,2445,546685550,0,0,0
bc2203,20220218,20220218,112837000,11:28:37,63690,1721,2445,546685550,0,0,0
bc2203,20220218,20220218,112839000,11:28:39,63690,1721,2445,546685550,0,0,0
bc2203,20220218,20220218,112839500,11:28:40,63690,1721,2445,546685550,0,0,0
bc2203,20220218,20220218,112841000,11:28:41,63690,1721,2445,546685550,0,0,0
bc2203,20220218,20220218,112842500,11:28:42,63690,1721,2445,546685550,0,0,0
bc2203,20220218,20220218,112843000,11:28:43,63690,1721,2445,546685550,0,0,0
bc2203,20220218,20220218,112844000,11:28:44,63690,1721,2445,546685550,0,0,0
bc2203,20220218,20220218,112844500,11:28:44,63690,1721,2445,546685550,0,0,0
bc2203,20220218,20220218,112846000,11:28:46,63690,1721,2445,546685550,0,0,0
bc2203,20220218,20220218,112849000,11:28:49,63690,1721,2445,546685550,0,0,0
bc2203,20220218,20220218,112850000,11:28:50,63690,1721,2445,546685550,0,0,0
bc2203,20220218,20220218,112851000,11:28:51,63690,1721,2445,546685550,0,0,0
bc2203,20220218,20220218,112851500,11:28:51,63690,1721,2445,546685550,0,0,0
bc2203,20220218,20220218,112858000,11:28:58,63690,1721,2445,546685550,0,0,0
bc2203,20220218,20220218,112858500,11:28:59,63690,1721,2445,546685550,0,0,0
bc2203,20220218,20220218,112859000,11:28:59,63690,1721,2445,546685550,0,0,0
bc2203,20220218,20220218,112859500,11:29:00,63690,1721,2445,546685550,0,0,0
bc2203,20220218,20220218,112900500,11:29:01,63690,1721,2445,546685550,0,0,0
bc2203,20220218,20220218,112901000,11:29:01,63690,1721,2445,546685550,0,0,0
bc2203,20220218,20220218,112901500,11:29:01,63690,1721,2445,546685550,0,0,0
bc2203,20220218,20220218,112902000,11:29:02,63690,1721,2445,546685550,0,0,0
bc2203,20220218,20220218,112902500,11:29:03,63690,1721,2445,546685550,0,0,0
bc2203,20220218,20220218,112903000,11:29:03,63690,1721,2445,546685550,0,0,0
bc2203,20220218,20220218,112903500,11:29:03,63690,1721,2445,546685550,0,0,0
bc2203,20220218,20220218,112904000,11:29:04,63690,1721,2445,546685550,0,0,0
bc2203,20220218,20220218,112905000,11:29:05,63690,1721,2445,546685550,0,0,0
bc2203,20220218,20220218,112905500,11:29:06,63690,1721,2445,546685550,0,0,0
bc2203,20220218,20220218,112906000,11:29:06,63690,1721,2445,546685550,0,0,0
bc2203,20220218,20220218,112906500,11:29:06,63690,1721,2445,546685550,0,0,0
bc2203,20220218,20220218,112907000,11:29:07,63690,1721,2445,546685550,0,0,0
bc2203,20220218,20220218,112912000,11:29:12,63690,1721,2445,546685550,0,0,0
bc2203,20220218,20220218,112912500,11:29:12,63690,1721,2445,546685550,0,0,0
bc2203,20220218,20220218,112913000,11:29:13,63690,1721,2445,546685550,0,0,0
bc2203,20220218,20220218,112915500,11:29:16,63690,1721,2445,546685550,0,0,0
bc2203,20220218,20220218,112916000,11:29:16,63690,1721,2445,546685550,0,0,0
bc2203,20220218,20220218,112916500,11:29:16,63690,1721,2445,546685550,0,0,0
bc2203,20220218,20220218,112922000,11:29:24,63690,1721,2445,546685550,0,0,0
bc2203,20220218,20220218,112922500,11:29:24,63690,1721,2445,546685550,0,0,0
bc2203,20220218,20220218,112923000,11:29:24,63690,1721,2445,546685550,0,0,0
bc2203,20220218,20220218,112924000,11:29:24,63690,1721,2445,546685550,0,0,0
bc2203,20220218,20220218,112924500,11:29:24,63690,1721,2445,546685550,0,0,0
bc2203,20220218,20220218,112925000,11:29:25,63690,1721,2445,546685550,0,0,0
bc2203,20220218,20220218,112925500,11:29:25,63690,1721,2445,546685550,0,0,0
bc2203,20220218,20220218,112929000,11:29:29,63690,1721,2445,546685550,0,0,0
bc2203,20220218,20220218,112929500,11:29:29,63690,1721,2445,546685550,0,0,0
bc2203,20220218,20220218,112930000,11:29:30,63690,1721,2445,546685550,0,0,0
bc2203,20220218,20220218,112930500,11:29:31,63690,1721,2445,546685550,0,0,0
bc2203,20220218,20220218,112931500,11:29:32,63690,1721,2445,546685550,0,0,0
bc2203,20220218,20220218,112932000,11:29:32,63690,1721,2445,546685550,0,0,0
bc2203,20220218,20220218,112932500,11:29:36,63690,1721,2445,546685550,0,0,0
bc2203,20220218,20220218,112933000,11:29:37,63690,1721,2445,546685550,0,0,0
bc2203,20220218,20220218,112933500,11:29:37,63690,1721,2445,546685550,0,0,0
bc2203,20220218,20220218,112940500,11:29:40,63690,1721,2445,546685550,0,0,0
bc2203,20220218,20220218,112941000,11:29:41,63690,1721,2445,546685550,0,0,0
bc2203,20220218,20220218,112942000,11:29:42,63690,1721,2445,546685550,0,0,0
bc2203,20220218,20220218,112947500,11:29:48,63690,1721,2445,546685550,0,0,0
bc2203,20220218,20220218,112948000,11:29:48,63690,1721,2445,546685550,0,0,0
bc2203,20220218,20220218,112949000,11:29:50,63690,1721,2445,546685550,0,0,0
bc2203,20220218,20220218,112949500,11:29:50,63690,1721,2445,546685550,0,0,0
bc2203,20220218,20220218,112950000,11:29:51,63690,1721,2445,546685550,0,0,0
bc2203,20220218,20220218,112950500,11:29:51,63690,1721,2445,546685550,0,0,0
bc2203,20220218,20220218,112956500,11:30:00,63690,1721,2445,546685550,0,0,0
bc2203,20220218,20220218,112959500,11:30:02,63690,1721,2445,546685550,0,0,0
bc2203,20220218,20220218,113000000,11:30:03,63690,1721,2445,546685550,0,0,0
bc2203,20220218,20220218,113000500,11:30:03,63690,1721,2445,546685550,0,0,0
bc2203,20220218,20220218,113001500,11:30:03,63690,1721,2445,546685550,0,0,0
bc2203,20220218,20220218,133002000,13:30:08,63690,1721,2445,546685550,0,0,0
bc2203,20220218,20220218,133002500,13:30:08,63690,1721,2445,546685550,0,0,0
bc2203,20220218,20220218,133008500,13:30:10,63690,1721,2445,546685550,0,0,0
bc2203,20220218,20220218,133009000,13:30:10,63690,1721,2445,546685550,0,0,0
bc2203,20220218,20220218,133012000,13:30:13,63690,1721,2445,546685550,0,0,0
bc2203,20220218,20220218,133013500,13:30:14,63690,1721,2445,546685550,0,0,0
bc2203,20220218,20220218,133014000,13:30:15,63690,1721,2445,546685550,0,0,0
bc2203,20220218,20220218,133014500,13:30:17,63690,1721,2445,546685550,0,0,0
bc2203,20220218,20220218,133015000,13:30:17,63690,1721,2445,546685550,0,0,0
bc2203,20220218,20220218,133016000,13:30:18,63690,1721,2445,546685550,0,0,0
bc2203,20220218,20220218,133017500,13:30:18,63690,1721,2445,546685550,0,0,0
bc2203,20220218,20220218,133018000,13:30:19,63690,1721,2445,546685550,0,0,0
bc2203,20220218,20220218,133018500,13:30:20,63690,1721,2445,546685550,0,0,0
bc2203,20220218,20220218,133019000,13:30:20,63690,1721,2445,546685550,0,0,0
bc2203,20220218,20220218,133036000,13:30:40,63690,1721,2445,546685550,0,0,0
bc2203,20220218,20220218,133042500,13:30:44,63690,1721,2445,546685550,0,0,0
bc2203,20220218,20220218,133043000,13:30:44,63690,1721,2445,546685550,0,0,0
bc2203,20220218,20220218,133043500,13:30:45,63690,1721,2445,546685550,0,0,0
bc2203,20220218,20220218,133047500,13:30:48,63690,1721,2445,546685550,0,0,0
bc2203,20220218,20220218,133048000,13:30:48,63690,1721,2445,546685550,0,0,0
bc2203,20220218,20220218,133048500,13:30:49,63690,1721,2445,546685550,0,0,0
bc2203,20220218,20220218,133051500,13:30:52,63690,1721,2445,546685550,0,0,0
bc2203,20220218,20220218,133052000,13:30:53,63690,1721,2445,546685550,0,0,0
bc2203,20220218,20220218,133052500,13:30:53,63690,1721,2445,546685550,0,0,0
bc2203,20220218,20220218,133056000,13:30:57,63690,1721,2445,546685550,0,0,0
bc2203,20220218,20220218,133056500,13:30:57,63690,1721,2445,546685550,0,0,0
bc2203,20220218,20220218,133059000,13:30:59,63690,1721,2445,546685550,0,0,0
bc2203,20220218,20220218,133059500,13:30:59,63690,1721,2445,546685550,0,0,0
bc2203,20220218,20220218,133101000,13:31:01,63690,1721,2445,546685550,0,0,0
bc2203,20220218,20220218,133101500,13:31:01,63690,1721,2445,546685550,0,0,0
bc2203,20220218,20220218,133102500,13:31:02,63690,1721,2445,546685550,0,0,0
bc2203,20220218,20220218,133107500,13:31:09,63690,1721,2445,546685550,0,0,0
bc2203,20220218,20220218,133108000,13:31:09,63690,1721,2445,546685550,0,0,0
bc2203,20220218,20220218,133110500,13:31:11,63690,1721,2445,546685550,0,0,0
bc2203,20220218,20220218,133111000,13:31:11,63690,1721,2445,546685550,0,0,0
bc2203,20220218,20220218,133111500,13:31:12,63690,1721,2445,546685550,0,0,0
bc2203,20220218,20220218,133112000,13:31:12,63690,1721,2445,546685550,0,0,0
bc2203,20220218,20220218,133112500,13:31:13,63690,1721,2445,546685550,0,0,0
bc2203,20220218,20220218,133114500,13:31:15,63690,1721,2445,546685550,0,0,0
bc2203,20220218,20220218,133115000,13:31:15,63690,1721,2445,546685550,0,0,0
bc2203,20220218,20220218,133115500,13:31:15,63690,1721,2445,546685550,0,0,0
bc2203,20220218,20220218,133159500,13:32:00,63690,1721,2445,546685550,0,0,0
bc2203,20220218,20220218,133200000,13:32:00,63690,1721,2445,546685550,0,0,0
bc2203,20220218,20220218,133200500,13:32:01,63690,1721,2445,546685550,0,0,0
bc2203,20220218,20220218,133201000,13:32:01,63690,1721,2445,546685550,0,0,0
bc2203,20220218,20220218,133201500,13:32:01,63690,1721,2445,546685550,0,0,0
bc2203,20220218,20220218,133202000,13:32:03,63690,1721,2445,546685550,0,0,0
bc2203,20220218,20220218,133203500,13:32:05,63690,1721,2445,546685550,0,0,0
bc2203,20220218,20220218,133205500,13:32:06,63690,1721,2445,546685550,0,0,0
bc2203,20220218,20220218,133206000,13:32:06,63690,1721,2445,546685550,0,0,0
bc2203,20220218,20220218,133206500,13:32:07,63690,1721,2445,546685550,0,0,0
bc2203,20220218,20220218,133207000,13:32:07,63690,1721,2445,546685550,0,0,0
bc2203,20220218,20220218,133207500,13:32:07,63690,1721,2445,546685550,0,0,0
bc2203,20220218,20220218,133208000,13:32:08,63560,1736,2442,551452850,15,-3,4767300
bc2203,20220218,20220218,133208500,13:32:10,63560,1742,2442,553359650,6,0,1906800
bc2203,20220218,20220218,133209000,13:32:10,63570,1743,2442,553677500,1,0,317850
bc2203,20220218,20220218,133209500,13:32:10,63570,1745,2443,554313150,2,1,635650
bc2203,20220218,20220218,133210000,13:32:10,63570,1745,2443,554313150,0,0,0
bc2203,20220218,20220218,133210500,13:32:13,63540,1746,2443,554630850,1,0,317700
bc2203,20220218,20220218,133211000,13:32:14,63540,1748,2442,555266250,2,-1,635400
bc2203,20220218,20220218,133213000,13:32:15,63540,1754,2438,557172500,6,-4,1906250
bc2203,20220218,20220218,133213500,13:32:15,63540,1754,2438,557172500,0,0,0
bc2203,20220218,20220218,133214000,13:32:15,63550,1756,2437,557807950,2,-1,635450
bc2203,20220218,20220218,133214500,13:32:16,63550,1757,2437,558125700,1,0,317750
bc2203,20220218,20220218,133215000,13:32:16,63550,1757,2437,558125700,0,0,0
bc2203,20220218,20220218,133215500,13:32:16,63570,1758,2437,558443550,1,0,317850
bc2203,20220218,20220218,133216000,13:32:17,63560,1759,2437,558761350,1,0,317800
bc2203,20220218,20220218,133216500,13:32:17,63560,1759,2437,558761350,0,0,0
bc2203,20220218,20220218,133217000,13:32:17,63570,1760,2437,559079200,1,0,317850
bc2203,20220218,20220218,133217500,13:32:18,63580,1761,2437,559397100,1,0,317900
bc2203,20220218,20220218,133218000,13:32:18,63580,1761,2437,559397100,0,0,0
bc2203,20220218,20220218,133220000,13:32:20,63580,1761,2437,559397100,0,0,0
bc2203,20220218,20220218,133221000,13:32:21,63580,1761,2437,559397100,0,0,0
bc2203,20220218,20220218,133221500,13:32:22,63580,1761,2437,559397100,0,0,0
bc2203,20220218,20220218,133223000,13:32:24,63580,1761,2437,559397100,0,0,0
bc2203,20220218,20220218,133223500,13:32:24,63580,1761,2437,559397100,0,0,0
bc2203,20220218,20220218,133224000,13:32:24,63580,1761,2437,559397100,0,0,0
bc2203,20220218,20220218,133224500,13:32:25,63580,1761,2437,559397100,0,0,0
bc2203,20220218,20220218,133225000,13:32:25,63580,1761,2437,559397100,0,0,0
bc2203,20220218,20220218,133227500,13:32:27,63580,1761,2437,559397100,0,0,0
bc2203,20220218,20220218,133229500,13:32:34,63580,1761,2437,559397100,0,0,0
bc2203,20220218,20220218,133232000,13:32:35,63580,1761,2437,559397100,0,0,0
bc2203,20220218,20220218,133237500,13:32:37,63580,1761,2437,559397100,0,0,0
bc2203,20220218,20220218,133245000,13:32:45,63580,1761,2437,559397100,0,0,0
bc2203,20220218,20220218,133246500,13:32:47,63580,1761,2437,559397100,0,0,0
bc2203,20220218,20220218,133247000,13:32:47,63560,1762,2437,559714900,1,0,317800
bc2203,20220218,20220218,133247500,13:32:48,63560,1762,2437,559714900,0,0,0
bc2203,20220218,20220218,133248000,13:32:48,63560,1762,2437,559714900,0,0,0
bc2203,20220218,20220218,133248500,13:32:49,63560,1762,2437,559714900,0,0,0
bc2203,20220218,20220218,133249000,13:32:49,63560,1762,2437,559714900,0,0,0
bc2203,20220218,20220218,133250000,13:32:50,63560,1762,2437,559714900,0,0,0
bc2203,20220218,20220218,133250500,13:32:52,63560,1762,2437,559714900,0,0,0
bc2203,20220218,20220218,133251000,13:32:53,63560,1762,2437,559714900,0,0,0
bc2203,20220218,20220218,133251500,13:32:53,63560,1762,2437,559714900,0,0,0
bc2203,20220218,20220218,133252500,13:32:53,63560,1762,2437,559714900,0,0,0
bc2203,20220218,20220218,133253000,13:32:53,63560,1762,2437,559714900,0,0,0
bc2203,20220218,20220218,133255000,13:32:55,63560,1762,2437,559714900,0,0,0
bc2203,20220218,20220218,133255500,13:32:55,63560,1762,2437,559714900,0,0,0
bc2203,20220218,20220218,133257000,13:32:59,63560,1762,2437,559714900,0,0,0
bc2203,20220218,20220218,133259000,13:33:01,63560,1762,2437,559714900,0,0,0
bc2203,20220218,20220218,133300000,13:33:01,63560,1762,2437,559714900,0,0,0
bc2203,20220218,20220218,133300500,13:33:01,63560,1762,2437,559714900,0,0,0
bc2203,20220218,20220218,133303500,13:33:04,63560,1762,2437,559714900,0,0,0
bc2203,20220218,20220218,133304500,13:33:05,63560,1762,2437,559714900,0,0,0
bc2203,20220218,20220218,133305000,13:33:05,63560,1762,2437,559714900,0,0,0
bc2203,20220218,20220218,133306500,13:33:06,63560,1762,2437,559714900,0,0,0
bc2203,20220218,20220218,133308500,13:33:09,63560,1762,2437,559714900,0,0,0
bc2203,20220218,20220218,133309000,13:33:09,63560,1762,2437,559714900,0,0,0
bc2203,20220218,20220218,133309500,13:33:10,63560,1762,2437,559714900,0,0,0
bc2203,20220218,20220218,133310000,13:33:11,63560,1762,2437,559714900,0,0,0
bc2203,20220218,20220218,133310500,13:33:12,63560,1762,2437,559714900,0,0,0
bc2203,20220218,20220218,133311000,13:33:13,63560,1762,2437,559714900,0,0,0
bc2203,20220218,20220218,133311500,13:33:14,63560,1762,2437,559714900,0,0,0
bc2203,20220218,20220218,133313500,13:33:15,63560,1762,2437,559714900,0,0,0
bc2203,20220218,20220218,133314000,13:33:15,63560,1762,2437,559714900,0,0,0
bc2203,20220218,20220218,133314500,13:33:17,63560,1762,2437,559714900,0,0,0
bc2203,20220218,20220218,133315000,13:33:18,63560,1762,2437,559714900,0,0,0
bc2203,20220218,20220218,133315500,13:33:18,63560,1762,2437,559714900,0,0,0
bc2203,20220218,20220218,133317000,13:33:18,63560,1762,2437,559714900,0,0,0
bc2203,20220218,20220218,133317500,13:33:19,63560,1762,2437,559714900,0,0,0
bc2203,20220218,20220218,133318000,13:33:19,63560,1762,2437,559714900,0,0,0
bc2203,20220218,20220218,133318500,13:33:19,63560,1762,2437,559714900,0,0,0
bc2203,20220218,20220218,133319000,13:33:20,63560,1762,2437,559714900,0,0,0
bc2203,20220218,20220218,133319500,13:33:21,63560,1762,2437,559714900,0,0,0
bc2203,20220218,20220218,133320000,13:33:21,63560,1762,2437,559714900,0,0,0
bc2203,20220218,20220218,133321000,13:33:22,63560,1762,2437,559714900,0,0,0
bc2203,20220218,20220218,133322000,13:33:22,63560,1762,2437,559714900,0,0,0
bc2203,20220218,20220218,133323000,13:33:23,63560,1762,2437,559714900,0,0,0
bc2203,20220218,20220218,133323500,13:33:24,63560,1762,2437,559714900,0,0,0
bc2203,20220218,20220218,133324000,13:33:24,63560,1762,2437,559714900,0,0,0
bc2203,20220218,20220218,133325000,13:33:26,63560,1762,2437,559714900,0,0,0
bc2203,20220218,20220218,133325500,13:33:27,63560,1762,2437,559714900,0,0,0
bc2203,20220218,20220218,133326000,13:33:27,63560,1762,2437,559714900,0,0,0
bc2203,20220218,20220218,133326500,13:33:29,63560,1762,2437,559714900,0,0,0
bc2203,20220218,20220218,133327000,13:33:29,63560,1762,2437,559714900,0,0,0
bc2203,20220218,20220218,133328500,13:33:30,63560,1762,2437,559714900,0,0,0
bc2203,20220218,20220218,133329000,13:33:30,63560,1762,2437,559714900,0,0,0
bc2203,20220218,20220218,133330000,13:33:30,63560,1762,2437,559714900,0,0,0
bc2203,20220218,20220218,133330500,13:33:31,63560,1762,2437,559714900,0,0,0
bc2203,20220218,20220218,133331000,13:33:32,63560,1762,2437,559714900,0,0,0
bc2203,20220218,20220218,133331500,13:33:32,63560,1762,2437,559714900,0,0,0
bc2203,20220218,20220218,133334500,13:33:34,63560,1762,2437,559714900,0,0,0
bc2203,20220218,20220218,133336000,13:33:36,63560,1762,2437,559714900,0,0,0
bc2203,20220218,20220218,133337500,13:33:37,63560,1762,2437,559714900,0,0,0
bc2203,20220218,20220218,133339000,13:33:39,63560,1762,2437,559714900,0,0,0
bc2203,20220218,20220218,133340500,13:33:41,63560,1762,2437,559714900,0,0,0
bc2203,20220218,20220218,133341000,13:33:41,63560,1762,2437,559714900,0,0,0
bc2203,20220218,20220218,133342000,13:33:42,63560,1762,2437,559714900,0,0,0
bc2203,20220218,20220218,133342500,13:33:42,63560,1762,2437,559714900,0,0,0
bc2203,20220218,20220218,133343000,13:33:43,63560,1762,2437,559714900,0,0,0
bc2203,20220218,20220218,133343500,13:33:44,63560,1762,2437,559714900,0,0,0
bc2203,20220218,20220218,133344000,13:33:44,63560,1762,2437,559714900,0,0,0
bc2203,20220218,20220218,133344500,13:33:45,63560,1762,2437,559714900,0,0,0
bc2203,20220218,20220218,133345000,13:33:45,63560,1762,2437,559714900,0,0,0
bc2203,20220218,20220218,133345500,13:33:47,63560,1762,2437,559714900,0,0,0
bc2203,20220218,20220218,133346000,13:33:47,63560,1762,2437,559714900,0,0,0
bc2203,20220218,20220218,133347000,13:33:48,63560,1762,2437,559714900,0,0,0
bc2203,20220218,20220218,133348000,13:33:49,63560,1762,2437,559714900,0,0,0
bc2203,20220218,20220218,133349000,13:33:50,63560,1762,2437,559714900,0,0,0
bc2203,20220218,20220218,133349500,13:33:50,63560,1762,2437,559714900,0,0,0
bc2203,20220218,20220218,133355500,13:33:56,63560,1762,2437,559714900,0,0,0
bc2203,20220218,20220218,133356000,13:33:56,63560,1762,2437,559714900,0,0,0
bc2203,20220218,20220218,133356500,13:33:57,63560,1762,2437,559714900,0,0,0
bc2203,20220218,20220218,133357000,13:33:57,63560,1762,2437,559714900,0,0,0
bc2203,20220218,20220218,133357500,13:33:58,63560,1762,2437,559714900,0,0,0
bc2203,20220218,20220218,133358000,13:33:58,63560,1762,2437,559714900,0,0,0
bc2203,20220218,20220218,133358500,13:33:58,63560,1762,2437,559714900,0,0,0
bc2203,20220218,20220218,133359500,13:33:59,63560,1762,2437,559714900,0,0,0
bc2203,20220218,20220218,133400000,13:34:00,63560,1762,2437,559714900,0,0,0
bc2203,20220218,20220218,133401500,13:34:02,63560,1762,2437,559714900,0,0,0
bc2203,20220218,20220218,133403000,13:34:10,63560,1762,2437,559714900,0,0,0
bc2203,20220218,20220218,133410000,13:34:12,63560,1762,2437,559714900,0,0,0
bc2203,20220218,20220218,133411500,13:34:12,63560,1762,2437,559714900,0,0,0
bc2203,20220218,20220218,133412000,13:34:12,63560,1762,2437,559714900,0,0,0
bc2203,20220218,20220218,133412500,13:34:13,63560,1762,2437,559714900,0,0,0
bc2203,20220218,20220218,133413000,13:34:13,63560,1762,2437,559714900,0,0,0
bc2203,20220218,20220218,133413500,13:34:14,63560,1762,2437,559714900,0,0,0
bc2203,20220218,20220218,133414000,13:34:14,63560,1762,2437,559714900,0,0,0
bc2203,20220218,20220218,133414500,13:34:15,63560,1762,2437,559714900,0,0,0
bc2203,20220218,20220218,133415000,13:34:15,63560,1762,2437,559714900,0,0,0
bc2203,20220218,20220218,133415500,13:34:16,63560,1762,2437,559714900,0,0,0
bc2203,20220218,20220218,133416000,13:34:16,63560,1762,2437,559714900,0,0,0
bc2203,20220218,20220218,133416500,13:34:16,63560,1762,2437,559714900,0,0,0
bc2203,20220218,20220218,133417000,13:34:17,63560,1762,2437,559714900,0,0,0
bc2203,20220218,20220218,133417500,13:34:17,63560,1762,2437,559714900,0,0,0
bc2203,20220218,20220218,133418000,13:34:18,63560,1762,2437,559714900,0,0,0
bc2203,20220218,20220218,133418500,13:34:19,63560,1762,2437,559714900,0,0,0
bc2203,20220218,20220218,133419000,13:34:19,63560,1762,2437,559714900,0,0,0
bc2203,20220218,20220218,133419500,13:34:20,63560,1762,2437,559714900,0,0,0
bc2203,20220218,20220218,133420000,13:34:20,63560,1762,2437,559714900,0,0,0
bc2203,20220218,20220218,133420500,13:34:21,63560,1762,2437,559714900,0,0,0
bc2203,20220218,20220218,133421000,13:34:23,63560,1762,2437,559714900,0,0,0
bc2203,20220218,20220218,133423000,13:34:24,63560,1762,2437,559714900,0,0,0
bc2203,20220218,20220218,133423500,13:34:24,63560,1762,2437,559714900,0,0,0
bc2203,20220218,20220218,133424000,13:34:24,63560,1762,2437,559714900,0,0,0
bc2203,20220218,20220218,133424500,13:34:24,63560,1762,2437,559714900,0,0,0
bc2203,20220218,20220218,133425000,13:34:25,63560,1762,2437,559714900,0,0,0
bc2203,20220218,20220218,133425500,13:34:25,63560,1762,2437,559714900,0,0,0
bc2203,20220218,20220218,133426000,13:34:26,63560,1762,2437,559714900,0,0,0
bc2203,20220218,20220218,133426500,13:34:26,63560,1762,2437,559714900,0,0,0
bc2203,20220218,20220218,133427000,13:34:27,63560,1762,2437,559714900,0,0,0
bc2203,20220218,20220218,133427500,13:34:27,63560,1762,2437,559714900,0,0,0
bc2203,20220218,20220218,133428000,13:34:28,63560,1762,2437,559714900,0,0,0
bc2203,20220218,20220218,133428500,13:34:28,63560,1762,2437,559714900,0,0,0
bc2203,20220218,20220218,133429000,13:34:29,63560,1762,2437,559714900,0,0,0
bc2203,20220218,20220218,133430500,13:34:30,63560,1762,2437,559714900,0,0,0
bc2203,20220218,20220218,133431000,13:34:31,63560,1762,2437,559714900,0,0,0
bc2203,20220218,20220218,133431500,13:34:31,63560,1762,2437,559714900,0,0,0
bc2203,20220218,20220218,133432000,13:34:32,63560,1762,2437,559714900,0,0,0
bc2203,20220218,20220218,133433000,13:34:33,63560,1762,2437,559714900,0,0,0
bc2203,20220218,20220218,133433500,13:34:34,63560,1762,2437,559714900,0,0,0
bc2203,20220218,20220218,133434000,13:34:34,63560,1762,2437,559714900,0,0,0
bc2203,20220218,20220218,133434500,13:34:35,63530,1770,2435,562256250,8,-2,2541350
bc2203,20220218,20220218,133435000,13:34:35,63530,1773,2436,563209200,3,1,952950
bc2203,20220218,20220218,133435500,13:34:36,63530,1774,2436,563526850,1,0,317650
bc2203,20220218,20220218,133436000,13:34:36,63530,1774,2436,563526850,0,0,0
bc2203,20220218,20220218,133436500,13:34:36,63530,1774,2436,563526850,0,0,0
bc2203,20220218,20220218,133437000,13:34:37,63530,1774,2436,563526850,0,0,0
bc2203,20220218,20220218,133437500,13:34:38,63530,1774,2436,563526850,0,0,0
bc2203,20220218,20220218,133438000,13:34:38,63530,1774,2436,563526850,0,0,0
bc2203,20220218,20220218,133438500,13:34:38,63530,1774,2436,563526850,0,0,0
bc2203,20220218,20220218,133439000,13:34:39,63530,1774,2436,563526850,0,0,0
bc2203,20220218,20220218,133439500,13:34:39,63530,1774,2436,563526850,0,0,0
bc2203,20220218,20220218,133440000,13:34:40,63530,1774,2436,563526850,0,0,0
bc2203,20220218,20220218,133440500,13:34:41,63530,1774,2436,563526850,0,0,0
bc2203,20220218,20220218,133441000,13:34:41,63530,1774,2436,563526850,0,0,0
bc2203,20220218,20220218,133441500,13:34:42,63530,1774,2436,563526850,0,0,0
bc2203,20220218,20220218,133442500,13:34:44,63530,1774,2436,563526850,0,0,0
bc2203,20220218,20220218,133443000,13:34:45,63530,1774,2436,563526850,0,0,0
bc2203,20220218,20220218,133443500,13:34:45,63530,1774,2436,563526850,0,0,0
bc2203,20220218,20220218,133444000,13:34:45,63530,1774,2436,563526850,0,0,0
bc2203,20220218,20220218,133445000,13:34:46,63530,1774,2436,563526850,0,0,0
bc2203,20220218,20220218,133445500,13:34:46,63530,1774,2436,563526850,0,0,0
bc2203,20220218,20220218,133446000,13:34:46,63530,1774,2436,563526850,0,0,0
bc2203,20220218,20220218,133446500,13:34:47,63530,1774,2436,563526850,0,0,0
bc2203,20220218,20220218,133447000,13:34:47,63530,1774,2436,563526850,0,0,0
bc2203,20220218,20220218,133447500,13:34:47,63530,1774,2436,563526850,0,0,0
bc2203,20220218,20220218,133448000,13:34:48,63530,1774,2436,563526850,0,0,0
bc2203,20220218,20220218,133448500,13:34:49,63530,1774,2436,563526850,0,0,0
bc2203,20220218,20220218,133449000,13:34:49,63530,1774,2436,563526850,0,0,0
bc2203,20220218,20220218,133449500,13:34:49,63530,1774,2436,563526850,0,0,0
bc2203,20220218,20220218,133450000,13:34:50,63530,1774,2436,563526850,0,0,0
bc2203,20220218,20220218,133450500,13:34:51,63530,1774,2436,563526850,0,0,0
bc2203,20220218,20220218,133451000,13:34:51,63530,1774,2436,563526850,0,0,0
bc2203,20220218,20220218,133451500,13:34:51,63530,1774,2436,563526850,0,0,0
bc2203,20220218,20220218,133452000,13:34:52,63530,1774,2436,563526850,0,0,0
bc2203,20220218,20220218,133452500,13:34:53,63530,1774,2436,563526850,0,0,0
bc2203,20220218,20220218,133453000,13:34:53,63530,1774,2436,563526850,0,0,0
bc2203,20220218,20220218,133453500,13:34:55,63530,1774,2436,563526850,0,0,0
bc2203,20220218,20220218,133454000,13:34:56,63530,1774,2436,563526850,0,0,0
bc2203,20220218,20220218,133454500,13:34:56,63530,1774,2436,563526850,0,0,0
bc2203,20220218,20220218,133455000,13:34:56,63530,1774,2436,563526850,0,0,0
bc2203,20220218,20220218,133455500,13:34:56,63530,1774,2436,563526850,0,0,0
bc2203,20220218,20220218,133456500,13:34:57,63530,1774,2436,563526850,0,0,0
bc2203,20220218,20220218,133459000,13:34:59,63530,1774,2436,563526850,0,0,0
bc2203,20220218,20220218,133501500,13:35:04,63530,1774,2436,563526850,0,0,0
bc2203,20220218,20220218,133504500,13:35:10,63530,1774,2436,563526850,0,0,0
bc2203,20220218,20220218,133505000,13:35:10,63530,1774,2436,563526850,0,0,0
bc2203,20220218,20220218,133510000,13:35:10,63530,1774,2436,563526850,0,0,0
bc2203,20220218,20220218,133510500,13:35:11,63530,1774,2436,563526850,0,0,0
bc2203,20220218,20220218,133511500,13:35:11,63540,1776,2434,564162250,2,-2,635400
bc2203,20220218,20220218,133512000,13:35:12,63540,1776,2434,564162250,0,0,0
bc2203,20220218,20220218,133512500,13:35:13,63540,1777,2434,564479950,1,0,317700
bc2203,20220218,20220218,133513000,13:35:13,63540,1777,2434,564479950,0,0,0
bc2203,20220218,20220218,133513500,13:35:14,63540,1777,2434,564479950,0,0,0
bc2203,20220218,20220218,133514000,13:35:14,63540,1777,2434,564479950,0,0,0
bc2203,20220218,20220218,133514500,13:35:14,63540,1777,2434,564479950,0,0,0
bc2203,20220218,20220218,133515000,13:35:15,63540,1777,2434,564479950,0,0,0
bc2203,20220218,20220218,133515500,13:35:16,63540,1777,2434,564479950,0,0,0
bc2203,20220218,20220218,133516000,13:35:16,63540,1777,2434,564479950,0,0,0
bc2203,20220218,20220218,133517500,13:35:18,63540,1777,2434,564479950,0,0,0
bc2203,20220218,20220218,133518000,13:35:18,63540,1777,2434,564479950,0,0,0
bc2203,20220218,20220218,133518500,13:35:19,63540,1777,2434,564479950,0,0,0
bc2203,20220218,20220218,133519000,13:35:19,63540,1777,2434,564479950,0,0,0
bc2203,20220218,20220218,133520000,13:35:20,63540,1777,2434,564479950,0,0,0
bc2203,20220218,20220218,133520500,13:35:20,63540,1777,2434,564479950,0,0,0
bc2203,20220218,20220218,133521000,13:35:21,63540,1777,2434,564479950,0,0,0
bc2203,20220218,20220218,133521500,13:35:22,63540,1777,2434,564479950,0,0,0
bc2203,20220218,20220218,133522000,13:35:22,63540,1777,2434,564479950,0,0,0
bc2203,20220218,20220218,133522500,13:35:23,63540,1777,2434,564479950,0,0,0
bc2203,20220218,20220218,133523000,13:35:23,63540,1777,2434,564479950,0,0,0
bc2203,20220218,20220218,133523500,13:35:23,63540,1777,2434,564479950,0,0,0
bc2203,20220218,20220218,133524000,13:35:25,63540,1777,2434,564479950,0,0,0
bc2203,20220218,20220218,133524500,13:35:25,63540,1777,2434,564479950,0,0,0
bc2203,20220218,20220218,133525000,13:35:25,63570,1781,2435,565751350,4,1,1271400
bc2203,20220218,20220218,133525500,13:35:26,63570,1781,2435,565751350,0,0,0
bc2203,20220218,20220218,133526000,13:35:26,63570,1781,2435,565751350,0,0,0
bc2203,20220218,20220218,133526500,13:35:27,63570,1781,2435,565751350,0,0,0
bc2203,20220218,20220218,133527000,13:35:27,63570,1781,2435,565751350,0,0,0
bc2203,20220218,20220218,133527500,13:35:31,63570,1781,2435,565751350,0,0,0
bc2203,20220218,20220218,133528000,13:35:31,63590,1786,2435,567341050,5,0,1589700
bc2203,20220218,20220218,133528500,13:35:32,63590,1786,2435,567341050,0,0,0
bc2203,20220218,20220218,133531000,13:35:33,63590,1786,2435,567341050,0,0,0
bc2203,20220218,20220218,133531500,13:35:37,63590,1786,2435,567341050,0,0,0
bc2203,20220218,20220218,133532000,13:35:41,63590,1786,2435,567341050,0,0,0
bc2203,20220218,20220218,133540000,13:35:43,63590,1786,2435,567341050,0,0,0
bc2203,20220218,20220218,133542500,13:35:44,63580,1788,2435,567976900,2,0,635850
bc2203,20220218,20220218,133543500,13:35:44,63580,1788,2435,567976900,0,0,0
bc2203,20220218,20220218,133544000,13:35:45,63580,1788,2435,567976900,0,0,0
bc2203,20220218,20220218,133544500,13:35:45,63580,1788,2435,567976900,0,0,0
bc2203,20220218,20220218,133545000,13:35:46,63580,1788,2435,567976900,0,0,0
bc2203,20220218,20220218,133545500,13:35:46,63580,1788,2435,567976900,0,0,0
bc2203,20220218,20220218,133546000,13:35:46,63580,1788,2435,567976900,0,0,0
bc2203,20220218,20220218,133546500,13:35:46,63580,1788,2435,567976900,0,0,0
bc2203,20220218,20220218,133548000,13:35:48,63580,1788,2435,567976900,0,0,0
bc2203,20220218,20220218,133549000,13:35:49,63580,1788,2435,567976900,0,0,0
bc2203,20220218,20220218,133549500,13:35:49,63580,1788,2435,567976900,0,0,0
bc2203,20220218,20220218,133550000,13:35:50,63580,1788,2435,567976900,0,0,0
bc2203,20220218,20220218,133550500,13:35:50,63580,1788,2435,567976900,0,0,0
bc2203,20220218,20220218,133551000,13:35:51,63580,1788,2435,567976900,0,0,0
bc2203,20220218,20220218,133551500,13:35:51,63580,1788,2435,567976900,0,0,0
bc2203,20220218,20220218,133552000,13:35:52,63580,1788,2435,567976900,0,0,0
bc2203,20220218,20220218,133552500,13:35:52,63580,1788,2435,567976900,0,0,0
bc2203,20220218,20220218,133553000,13:35:53,63580,1788,2435,567976900,0,0,0
bc2203,20220218,20220218,133553500,13:35:55,63580,1788,2435,567976900,0,0,0
bc2203,20220218,20220218,133554000,13:35:55,63580,1788,2435,567976900,0,0,0
bc2203,20220218,20220218,133554500,13:35:55,63580,1788,2435,567976900,0,0,0
bc2203,20220218,20220218,133555000,13:35:56,63580,1788,2435,567976900,0,0,0
bc2203,20220218,20220218,133555500,13:35:56,63580,1788,2435,567976900,0,0,0
bc2203,20220218,20220218,133556000,13:35:56,63580,1788,2435,567976900,0,0,0
bc2203,20220218,20220218,133556500,13:35:56,63580,1788,2435,567976900,0,0,0
bc2203,20220218,20220218,133557000,13:35:59,63580,1788,2435,567976900,0,0,0
bc2203,20220218,20220218,133557500,13:35:59,63580,1788,2435,567976900,0,0,0
bc2203,20220218,20220218,133558000,13:36:01,63580,1788,2435,567976900,0,0,0
bc2203,20220218,20220218,133559500,13:36:03,63580,1788,2435,567976900,0,0,0
bc2203,20220218,20220218,133600000,13:36:03,63580,1788,2435,567976900,0,0,0
bc2203,20220218,20220218,133601500,13:36:03,63580,1788,2435,567976900,0,0,0
bc2203,20220218,20220218,133602500,13:36:03,63580,1788,2435,567976900,0,0,0
bc2203,20220218,20220218,133603000,13:36:05,63580,1788,2435,567976900,0,0,0
bc2203,20220218,20220218,133603500,13:36:05,63580,1788,2435,567976900,0,0,0
bc2203,20220218,20220218,133604000,13:36:05,63580,1788,2435,567976900,0,0,0
bc2203,20220218,20220218,133605000,13:36:06,63580,1788,2435,567976900,0,0,0
bc2203,20220218,20220218,133605500,13:36:07,63580,1788,2435,567976900,0,0,0
bc2203,20220218,20220218,133606000,13:36:07,63580,1788,2435,567976900,0,0,0
bc2203,20220218,20220218,133606500,13:36:07,63580,1788,2435,567976900,0,0,0
bc2203,20220218,20220218,133609500,13:36:10,63580,1788,2435,567976900,0,0,0
bc2203,20220218,20220218,133610000,13:36:10,63580,1788,2435,567976900,0,0,0
bc2203,20220218,20220218,133610500,13:36:11,63580,1788,2435,567976900,0,0,0
bc2203,20220218,20220218,133611000,13:36:11,63580,1788,2435,567976900,0,0,0
bc2203,20220218,20220218,133611500,13:36:12,63580,1788,2435,567976900,0,0,0
bc2203,20220218,20220218,133612500,13:36:12,63580,1788,2435,567976900,0,0,0
bc2203,20220218,20220218,133615000,13:36:15,63580,1788,2435,567976900,0,0,0
bc2203,20220218,20220218,133616500,13:36:17,63580,1788,2435,567976900,0,0,0
bc2203,20220218,20220218,133617000,13:36:18,63580,1788,2435,567976900,0,0,0
bc2203,20220218,20220218,133619500,13:36:20,63580,1788,2435,567976900,0,0,0
bc2203,20220218,20220218,133620000,13:36:20,63580,1788,2435,567976900,0,0,0
bc2203,20220218,20220218,133620500,13:36:20,63580,1788,2435,567976900,0,0,0
bc2203,20220218,20220218,133624000,13:36:24,63580,1788,2435,567976900,0,0,0
bc2203,20220218,20220218,133627500,13:36:28,63580,1788,2435,567976900,0,0,0
bc2203,20220218,20220218,133628500,13:36:29,63580,1788,2435,567976900,0,0,0
bc2203,20220218,20220218,133629000,13:36:29,63580,1788,2435,567976900,0,0,0
bc2203,20220218,20220218,133629500,13:36:30,63580,1788,2435,567976900,0,0,0
bc2203,20220218,20220218,133630000,13:36:30,63580,1788,2435,567976900,0,0,0
bc2203,20220218,20220218,133630500,13:36:31,63580,1788,2435,567976900,0,0,0
bc2203,20220218,20220218,133631000,13:36:31,63580,1788,2435,567976900,0,0,0
bc2203,20220218,20220218,133632000,13:36:32,63580,1788,2435,567976900,0,0,0
bc2203,20220218,20220218,133632500,13:36:33,63580,1788,2435,567976900,0,0,0
bc2203,20220218,20220218,133633000,13:36:33,63580,1788,2435,567976900,0,0,0
bc2203,20220218,20220218,133634500,13:36:35,63580,1788,2435,567976900,0,0,0
bc2203,20220218,20220218,133635500,13:36:36,63580,1788,2435,567976900,0,0,0
bc2203,20220218,20220218,133636000,13:36:36,63580,1788,2435,567976900,0,0,0
bc2203,20220218,20220218,133637500,13:36:38,63580,1788,2435,567976900,0,0,0
bc2203,20220218,20220218,133638000,13:36:38,63580,1788,2435,567976900,0,0,0
bc2203,20220218,20220218,133638500,13:36:39,63580,1788,2435,567976900,0,0,0
bc2203,20220218,20220218,133639000,13:36:39,63580,1788,2435,567976900,0,0,0
bc2203,20220218,20220218,133639500,13:36:39,63580,1788,2435,567976900,0,0,0
bc2203,20220218,20220218,133640000,13:36:40,63580,1788,2435,567976900,0,0,0
bc2203,20220218,20220218,133640500,13:36:40,63580,1788,2435,567976900,0,0,0
bc2203,20220218,20220218,133641000,13:36:41,63580,1788,2435,567976900,0,0,0
bc2203,20220218,20220218,133641500,13:36:41,63580,1788,2435,567976900,0,0,0
bc2203,20220218,20220218,133642000,13:36:42,63580,1788,2435,567976900,0,0,0
bc2203,20220218,20220218,133642500,13:36:43,63580,1788,2435,567976900,0,0,0
bc2203,20220218,20220218,133643000,13:36:43,63580,1788,2435,567976900,0,0,0
bc2203,20220218,20220218,133643500,13:36:44,63580,1788,2435,567976900,0,0,0
bc2203,20220218,20220218,133648000,13:36:48,63580,1788,2435,567976900,0,0,0
bc2203,20220218,20220218,133648500,13:36:48,63580,1788,2435,567976900,0,0,0
bc2203,20220218,20220218,133649000,13:36:49,63580,1788,2435,567976900,0,0,0
bc2203,20220218,20220218,133652500,13:36:53,63580,1788,2435,567976900,0,0,0
bc2203,20220218,20220218,133653000,13:36:53,63580,1788,2435,567976900,0,0,0
bc2203,20220218,20220218,133653500,13:36:54,63580,1788,2435,567976900,0,0,0
bc2203,20220218,20220218,133654000,13:36:54,63580,1788,2435,567976900,0,0,0
bc2203,20220218,20220218,133654500,13:36:54,63580,1788,2435,567976900,0,0,0
bc2203,20220218,20220218,133657500,13:36:58,63580,1788,2435,567976900,0,0,0
bc2203,20220218,20220218,133700000,13:37:00,63580,1788,2435,567976900,0,0,0
bc2203,20220218,20220218,133701500,13:37:02,63580,1788,2435,567976900,0,0,0
bc2203,20220218,20220218,133702000,13:37:02,63580,1788,2435,567976900,0,0,0
bc2203,20220218,20220218,133702500,13:37:03,63580,1788,2435,567976900,0,0,0
bc2203,20220218,20220218,133703000,13:37:03,63580,1788,2435,567976900,0,0,0
bc2203,20220218,20220218,133706500,13:37:08,63580,1788,2435,567976900,0,0,0
bc2203,20220218,20220218,133709000,13:37:09,63580,1788,2435,567976900,0,0,0
bc2203,20220218,20220218,133709500,13:37:10,63580,1788,2435,567976900,0,0,0
bc2203,20220218,20220218,133710500,13:37:11,63580,1788,2435,567976900,0,0,0
bc2203,20220218,20220218,133711000,13:37:12,63580,1788,2435,567976900,0,0,0
bc2203,20220218,20220218,133711500,13:37:13,63580,1788,2435,567976900,0,0,0
bc2203,20220218,20220218,133712000,13:37:13,63580,1788,2435,567976900,0,0,0
bc2203,20220218,20220218,133714000,13:37:14,63580,1788,2435,567976900,0,0,0
bc2203,20220218,20220218,133715000,13:37:15,63580,1788,2435,567976900,0,0,0
bc2203,20220218,20220218,133715500,13:37:16,63580,1788,2435,567976900,0,0,0
bc2203,20220218,20220218,133716000,13:37:16,63580,1788,2435,567976900,0,0,0
bc2203,20220218,20220218,133716500,13:37:16,63580,1788,2435,567976900,0,0,0
bc2203,20220218,20220218,133717500,13:37:18,63580,1788,2435,567976900,0,0,0
bc2203,20220218,20220218,133718000,13:37:18,63580,1788,2435,567976900,0,0,0
bc2203,20220218,20220218,133718500,13:37:19,63580,1788,2435,567976900,0,0,0
bc2203,20220218,20220218,133719000,13:37:19,63580,1788,2435,567976900,0,0,0
bc2203,20220218,20220218,133719500,13:37:19,63580,1788,2435,567976900,0,0,0
bc2203,20220218,20220218,133720000,13:37:21,63580,1788,2435,567976900,0,0,0
bc2203,20220218,20220218,133721000,13:37:21,63580,1788,2435,567976900,0,0,0
bc2203,20220218,20220218,133722500,13:37:23,63580,1788,2435,567976900,0,0,0
bc2203,20220218,20220218,133724500,13:37:25,63580,1788,2435,567976900,0,0,0
bc2203,20220218,20220218,133725000,13:37:25,63580,1788,2435,567976900,0,0,0
bc2203,20220218,20220218,133725500,13:37:26,63580,1788,2435,567976900,0,0,0
bc2203,20220218,20220218,133726000,13:37:26,63580,1788,2435,567976900,0,0,0
bc2203,20220218,20220218,133726500,13:37:27,63580,1788,2435,567976900,0,0,0
bc2203,20220218,20220218,133728500,13:37:28,63580,1788,2435,567976900,0,0,0
bc2203,20220218,20220218,133729000,13:37:29,63580,1788,2435,567976900,0,0,0
bc2203,20220218,20220218,133730000,13:37:30,63580,1788,2435,567976900,0,0,0
bc2203,20220218,20220218,133731500,13:37:31,63580,1788,2435,567976900,0,0,0
bc2203,20220218,20220218,133733000,13:37:33,63580,1788,2435,567976900,0,0,0
bc2203,20220218,20220218,133733500,13:37:33,63580,1788,2435,567976900,0,0,0
bc2203,20220218,20220218,133734000,13:37:34,63580,1788,2435,567976900,0,0,0
bc2203,20220218,20220218,133734500,13:37:34,63580,1788,2435,567976900,0,0,0
bc2203,20220218,20220218,133735500,13:37:36,63580,1788,2435,567976900,0,0,0
bc2203,20220218,20220218,133736000,13:37:36,63580,1788,2435,567976900,0,0,0
bc2203,20220218,20220218,133738000,13:37:38,63580,1788,2435,567976900,0,0,0
bc2203,20220218,20220218,133742500,13:37:42,63580,1788,2435,567976900,0,0,0
bc2203,20220218,20220218,133743000,13:37:43,63580,1788,2435,567976900,0,0,0
bc2203,20220218,20220218,133743500,13:37:44,63580,1788,2435,567976900,0,0,0
bc2203,20220218,20220218,133744000,13:37:45,63580,1788,2435,567976900,0,0,0
bc2203,20220218,20220218,133744500,13:37:45,63580,1788,2435,567976900,0,0,0
bc2203,20220218,20220218,133745500,13:37:45,63580,1788,2435,567976900,0,0,0
bc2203,20220218,20220218,133746000,13:37:46,63580,1788,2435,567976900,0,0,0
bc2203,20220218,20220218,133746500,13:37:47,63580,1788,2435,567976900,0,0,0
bc2203,20220218,20220218,133747000,13:37:47,63580,1788,2435,567976900,0,0,0
bc2203,20220218,20220218,133747500,13:37:48,63580,1788,2435,567976900,0,0,0
bc2203,20220218,20220218,133748000,13:37:48,63580,1788,2435,567976900,0,0,0
bc2203,20220218,20220218,133748500,13:37:48,63580,1788,2435,567976900,0,0,0
bc2203,20220218,20220218,133749500,13:37:49,63580,1788,2435,567976900,0,0,0
bc2203,20220218,20220218,133750000,13:37:50,63580,1788,2435,567976900,0,0,0
bc2203,20220218,20220218,133750500,13:37:51,63580,1788,2435,567976900,0,0,0
bc2203,20220218,20220218,133751000,13:37:51,63580,1788,2435,567976900,0,0,0
bc2203,20220218,20220218,133752500,13:37:54,63580,1788,2435,567976900,0,0,0
bc2203,20220218,20220218,133753000,13:37:54,63580,1788,2435,567976900,0,0,0
bc2203,20220218,20220218,133753500,13:37:55,63580,1788,2435,567976900,0,0,0
bc2203,20220218,20220218,133754000,13:37:55,63580,1788,2435,567976900,0,0,0
bc2203,20220218,20220218,133754500,13:37:55,63580,1788,2435,567976900,0,0,0
bc2203,20220218,20220218,133755000,13:37:55,63580,1788,2435,567976900,0,0,0
bc2203,20220218,20220218,133758500,13:37:59,63580,1788,2435,567976900,0,0,0
bc2203,20220218,20220218,133801000,13:38:02,63580,1788,2435,567976900,0,0,0
bc2203,20220218,20220218,133802500,13:38:05,63580,1788,2435,567976900,0,0,0
bc2203,20220218,20220218,133803000,13:38:06,63580,1788,2435,567976900,0,0,0
bc2203,20220218,20220218,133803500,13:38:06,63580,1788,2435,567976900,0,0,0
bc2203,20220218,20220218,133804000,13:38:06,63580,1788,2435,567976900,0,0,0
bc2203,20220218,20220218,133806000,13:38:08,63580,1788,2435,567976900,0,0,0
bc2203,20220218,20220218,133806500,13:38:09,63580,1788,2435,567976900,0,0,0
bc2203,20220218,20220218,133807000,13:38:09,63580,1788,2435,567976900,0,0,0
bc2203,20220218,20220218,133808500,13:38:09,63580,1788,2435,567976900,0,0,0
bc2203,20220218,20220218,133812000,13:38:14,63580,1788,2435,567976900,0,0,0
bc2203,20220218,20220218,133812500,13:38:14,63580,1788,2435,567976900,0,0,0
bc2203,20220218,20220218,133813500,13:38:15,63580,1788,2435,567976900,0,0,0
bc2203,20220218,20220218,133814000,13:38:17,63580,1788,2435,567976900,0,0,0
bc2203,20220218,20220218,133814500,13:38:17,63580,1788,2435,567976900,0,0,0
bc2203,20220218,20220218,133815000,13:38:17,63580,1788,2435,567976900,0,0,0
bc2203,20220218,20220218,133815500,13:38:17,63580,1788,2435,567976900,0,0,0
bc2203,20220218,20220218,133816500,13:38:18,63580,1788,2435,567976900,0,0,0
bc2203,20220218,20220218,133817500,13:38:18,63580,1788,2435,567976900,0,0,0
bc2203,20220218,20220218,133818000,13:38:18,63580,1788,2435,567976900,0,0,0
bc2203,20220218,20220218,133818500,13:38:19,63580,1788,2435,567976900,0,0,0
bc2203,20220218,20220218,133819000,13:38:19,63580,1788,2435,567976900,0,0,0
bc2203,20220218,20220218,133821000,13:38:22,63580,1788,2435,567976900,0,0,0
bc2203,20220218,20220218,133822000,13:38:23,63580,1788,2435,567976900,0,0,0
bc2203,20220218,20220218,133823500,13:38:24,63580,1788,2435,567976900,0,0,0
bc2203,20220218,20220218,133824000,13:38:24,63580,1788,2435,567976900,0,0,0
bc2203,20220218,20220218,133825500,13:38:41,63580,1788,2435,567976900,0,0,0
bc2203,20220218,20220218,133840500,13:38:42,63580,1788,2435,567976900,0,0,0
bc2203,20220218,20220218,133844000,13:38:44,63580,1788,2435,567976900,0,0,0
bc2203,20220218,20220218,133845000,13:38:45,63580,1788,2435,567976900,0,0,0
bc2203,20220218,20220218,133845500,13:38:45,63580,1788,2435,567976900,0,0,0
bc2203,20220218,20220218,133846000,13:38:46,63580,1788,2435,567976900,0,0,0
bc2203,20220218,20220218,133847000,13:38:47,63580,1788,2435,567976900,0,0,0
bc2203,20220218,20220218,133851000,13:38:51,63580,1788,2435,567976900,0,0,0
bc2203,20220218,20220218,133858000,13:38:58,63580,1788,2435,567976900,0,0,0
bc2203,20220218,20220218,133906500,13:39:06,63580,1788,2435,567976900,0,0,0
bc2203,20220218,20220218,133912000,13:39:12,63580,1788,2435,567976900,0,0,0
bc2203,20220218,20220218,133913500,13:39:13,63580,1788,2435,567976900,0,0,0
bc2203,20220218,20220218,133914000,13:39:15,63580,1788,2435,567976900,0,0,0
bc2203,20220218,20220218,133914500,13:39:16,63580,1788,2435,567976900,0,0,0
bc2203,20220218,20220218,133916000,13:39:19,63580,1788,2435,567976900,0,0,0
bc2203,20220218,20220218,133918000,13:39:19,63580,1788,2435,567976900,0,0,0
bc2203,20220218,20220218,133919000,13:39:19,63580,1788,2435,567976900,0,0,0
bc2203,20220218,20220218,133920000,13:39:20,63580,1788,2435,567976900,0,0,0
bc2203,20220218,20220218,133921500,13:39:21,63580,1788,2435,567976900,0,0,0
bc2203,20220218,20220218,133922500,13:39:23,63580,1788,2435,567976900,0,0,0
bc2203,20220218,20220218,133924000,13:39:24,63580,1788,2435,567976900,0,0,0
bc2203,20220218,20220218,133924500,13:39:24,63580,1788,2435,567976900,0,0,0
bc2203,20220218,20220218,133925000,13:39:25,63580,1788,2435,567976900,0,0,0
bc2203,20220218,20220218,133927000,13:39:27,63580,1788,2435,567976900,0,0,0
bc2203,20220218,20220218,133928000,13:39:28,63580,1788,2435,567976900,0,0,0
bc2203,20220218,20220218,133929000,13:39:29,63580,1788,2435,567976900,0,0,0
bc2203,20220218,20220218,133931000,13:39:31,63580,1788,2435,567976900,0,0,0
bc2203,20220218,20220218,133932500,13:39:33,63580,1788,2435,567976900,0,0,0
bc2203,20220218,20220218,133933500,13:39:33,63580,1788,2435,567976900,0,0,0
bc2203,20220218,20220218,133935000,13:39:35,63580,1788,2435,567976900,0,0,0
bc2203,20220218,20220218,133936000,13:39:36,63580,1788,2435,567976900,0,0,0
bc2203,20220218,20220218,133937000,13:39:37,63580,1788,2435,567976900,0,0,0
bc2203,20220218,20220218,133938000,13:39:38,63580,1788,2435,567976900,0,0,0
bc2203,20220218,20220218,133939500,13:39:39,63580,1788,2435,567976900,0,0,0
bc2203,20220218,20220218,133940500,13:39:41,63580,1788,2435,567976900,0,0,0
bc2203,20220218,20220218,133941000,13:39:41,63580,1788,2435,567976900,0,0,0
bc2203,20220218,20220218,133943500,13:39:43,63580,1788,2435,567976900,0,0,0
bc2203,20220218,20220218,133944500,13:39:45,63580,1788,2435,567976900,0,0,0
bc2203,20220218,20220218,133945000,13:39:45,63580,1788,2435,567976900,0,0,0
bc2203,20220218,20220218,133945500,13:39:46,63580,1788,2435,567976900,0,0,0
bc2203,20220218,20220218,133946000,13:39:47,63580,1788,2435,567976900,0,0,0
bc2203,20220218,20220218,133946500,13:39:47,63580,1788,2435,567976900,0,0,0
bc2203,20220218,20220218,133948500,13:39:48,63580,1788,2435,567976900,0,0,0
bc2203,20220218,20220218,133950000,13:39:50,63580,1788,2435,567976900,0,0,0
bc2203,20220218,20220218,133953000,13:39:54,63580,1788,2435,567976900,0,0,0
bc2203,20220218,20220218,133953500,13:39:54,63580,1788,2435,567976900,0,0,0
bc2203,20220218,20220218,133954000,13:39:54,63580,1788,2435,567976900,0,0,0
bc2203,20220218,20220218,133956000,13:39:56,63580,1788,2435,567976900,0,0,0
bc2203,20220218,20220218,133956500,13:39:57,63580,1788,2435,567976900,0,0,0
bc2203,20220218,20220218,133957500,13:40:12,63580,1788,2435,567976900,0,0,0
bc2203,20220218,20220218,133958000,13:40:13,63580,1788,2435,567976900,0,0,0
bc2203,20220218,20220218,134011000,13:40:13,63580,1788,2435,567976900,0,0,0
bc2203,20220218,20220218,134014500,13:40:15,63580,1788,2435,567976900,0,0,0
bc2203,20220218,20220218,134015000,13:40:16,63580,1788,2435,567976900,0,0,0
bc2203,20220218,20220218,134015500,13:40:16,63580,1788,2435,567976900,0,0,0
bc2203,20220218,20220218,134018500,13:40:19,63580,1788,2435,567976900,0,0,0
bc2203,20220218,20220218,134019000,13:40:19,63580,1788,2435,567976900,0,0,0
bc2203,20220218,20220218,134019500,13:40:20,63580,1788,2435,567976900,0,0,0
bc2203,20220218,20220218,134020000,13:40:20,63580,1788,2435,567976900,0,0,0
bc2203,20220218,20220218,134021500,13:40:22,63580,1788,2435,567976900,0,0,0
bc2203,20220218,20220218,134022000,13:40:22,63580,1788,2435,567976900,0,0,0
bc2203,20220218,20220218,134022500,13:40:22,63580,1788,2435,567976900,0,0,0
bc2203,20220218,20220218,134023000,13:40:23,63580,1788,2435,567976900,0,0,0
bc2203,20220218,20220218,134023500,13:40:23,63580,1788,2435,567976900,0,0,0
bc2203,20220218,20220218,134024000,13:40:24,63580,1788,2435,567976900,0,0,0
bc2203,20220218,20220218,134024500,13:40:25,63580,1788,2435,567976900,0,0,0
bc2203,20220218,20220218,134025000,13:40:25,63580,1788,2435,567976900,0,0,0
bc2203,20220218,20220218,134025500,13:40:26,63580,1788,2435,567976900,0,0,0
bc2203,20220218,20220218,134026000,13:40:26,63580,1788,2435,567976900,0,0,0
bc2203,20220218,20220218,134026500,13:40:27,63580,1788,2435,567976900,0,0,0
bc2203,20220218,20220218,134027000,13:40:27,63580,1788,2435,567976900,0,0,0
bc2203,20220218,20220218,134027500,13:40:27,63580,1788,2435,567976900,0,0,0
bc2203,20220218,20220218,134028000,13:40:28,63580,1788,2435,567976900,0,0,0
bc2203,20220218,20220218,134028500,13:40:29,63580,1788,2435,567976900,0,0,0
bc2203,20220218,20220218,134029000,13:40:30,63580,1788,2435,567976900,0,0,0
bc2203,20220218,20220218,134029500,13:40:30,63580,1788,2435,567976900,0,0,0
bc2203,20220218,20220218,134030500,13:40:30,63580,1788,2435,567976900,0,0,0
bc2203,20220218,20220218,134031000,13:40:31,63580,1788,2435,567976900,0,0,0
bc2203,20220218,20220218,134031500,13:40:32,63580,1788,2435,567976900,0,0,0
bc2203,20220218,20220218,134032000,13:40:32,63580,1788,2435,567976900,0,0,0
bc2203,20220218,20220218,134032500,13:40:32,63580,1788,2435,567976900,0,0,0
bc2203,20220218,20220218,134033000,13:40:33,63580,1788,2435,567976900,0,0,0
bc2203,20220218,20220218,134034000,13:40:34,63580,1788,2435,567976900,0,0,0
bc2203,20220218,20220218,134034500,13:40:35,63580,1788,2435,567976900,0,0,0
bc2203,20220218,20220218,134035000,13:40:35,63580,1788,2435,567976900,0,0,0
bc2203,20220218,20220218,134035500,13:40:36,63580,1788,2435,567976900,0,0,0
bc2203,20220218,20220218,134036000,13:40:36,63580,1788,2435,567976900,0,0,0
bc2203,20220218,20220218,134037000,13:40:37,63580,1788,2435,567976900,0,0,0
bc2203,20220218,20220218,134037500,13:40:38,63580,1788,2435,567976900,0,0,0
bc2203,20220218,20220218,134038000,13:40:38,63580,1788,2435,567976900,0,0,0
bc2203,20220218,20220218,134038500,13:40:38,63580,1788,2435,567976900,0,0,0
bc2203,20220218,20220218,134039000,13:40:39,63580,1788,2435,567976900,0,0,0
bc2203,20220218,20220218,134039500,13:40:40,63580,1788,2435,567976900,0,0,0
bc2203,20220218,20220218,134040000,13:40:41,63580,1788,2435,567976900,0,0,0
bc2203,20220218,20220218,134040500,13:40:41,63580,1788,2435,567976900,0,0,0
bc2203,20220218,20220218,134041000,13:40:42,63580,1788,2435,567976900,0,0,0
bc2203,20220218,20220218,134041500,13:40:42,63580,1788,2435,567976900,0,0,0
bc2203,20220218,20220218,134042000,13:40:42,63580,1788,2435,567976900,0,0,0
bc2203,20220218,20220218,134042500,13:40:43,63580,1788,2435,567976900,0,0,0
bc2203,20220218,20220218,134043000,13:40:43,63580,1788,2435,567976900,0,0,0
bc2203,20220218,20220218,134045000,13:40:45,63580,1788,2435,567976900,0,0,0
bc2203,20220218,20220218,134045500,13:40:45,63580,1788,2435,567976900,0,0,0
bc2203,20220218,20220218,134046000,13:40:46,63580,1788,2435,567976900,0,0,0
bc2203,20220218,20220218,134046500,13:40:46,63580,1788,2435,567976900,0,0,0
bc2203,20220218,20220218,134047000,13:40:47,63580,1788,2435,567976900,0,0,0
bc2203,20220218,20220218,134048000,13:40:48,63580,1788,2435,567976900,0,0,0
bc2203,20220218,20220218,134048500,13:40:48,63580,1788,2435,567976900,0,0,0
bc2203,20220218,20220218,134049000,13:40:49,63580,1788,2435,567976900,0,0,0
bc2203,20220218,20220218,134049500,13:40:49,63580,1788,2435,567976900,0,0,0
bc2203,20220218,20220218,134050000,13:40:50,63580,1788,2435,567976900,0,0,0
bc2203,20220218,20220218,134051000,13:40:51,63580,1788,2435,567976900,0,0,0
bc2203,20220218,20220218,134051500,13:40:55,63580,1788,2435,567976900,0,0,0
bc2203,20220218,20220218,134054500,13:40:55,63580,1788,2435,567976900,0,0,0
bc2203,20220218,20220218,134057000,13:40:58,63580,1788,2435,567976900,0,0,0
bc2203,20220218,20220218,134057500,13:40:58,63580,1788,2435,567976900,0,0,0
bc2203,20220218,20220218,134058000,13:40:58,63580,1788,2435,567976900,0,0,0
bc2203,20220218,20220218,134058500,13:40:59,63580,1788,2435,567976900,0,0,0
bc2203,20220218,20220218,134059000,13:40:59,63580,1788,2435,567976900,0,0,0
bc2203,20220218,20220218,134059500,13:41:00,63580,1788,2435,567976900,0,0,0
bc2203,20220218,20220218,134102000,13:41:02,63580,1788,2435,567976900,0,0,0
bc2203,20220218,20220218,134105000,13:41:06,63580,1788,2435,567976900,0,0,0
bc2203,20220218,20220218,134105500,13:41:06,63580,1788,2435,567976900,0,0,0
bc2203,20220218,20220218,134106000,13:41:06,63580,1788,2435,567976900,0,0,0
bc2203,20220218,20220218,134106500,13:41:07,63620,1791,2435,568931000,3,0,954100
bc2203,20220218,20220218,134107000,13:41:07,63620,1791,2435,568931000,0,0,0
bc2203,20220218,20220218,134107500,13:41:09,63620,1791,2435,568931000,0,0,0
bc2203,20220218,20220218,134108000,13:41:09,63620,1791,2435,568931000,0,0,0
bc2203,20220218,20220218,134109000,13:41:10,63620,1791,2435,568931000,0,0,0
bc2203,20220218,20220218,134109500,13:41:10,63620,1791,2435,568931000,0,0,0
bc2203,20220218,20220218,134110000,13:41:10,63620,1791,2435,568931000,0,0,0
bc2203,20220218,20220218,134110500,13:41:10,63620,1791,2435,568931000,0,0,0
bc2203,20220218,20220218,134111000,13:41:11,63620,1791,2435,568931000,0,0,0
bc2203,20220218,20220218,134111500,13:41:12,63620,1791,2435,568931000,0,0,0
bc2203,20220218,20220218,134112000,13:41:12,63620,1791,2435,568931000,0,0,0
bc2203,20220218,20220218,134112500,13:41:12,63620,1791,2435,568931000,0,0,0
bc2203,20220218,20220218,134113000,13:41:13,63620,1791,2435,568931000,0,0,0
bc2203,20220218,20220218,134113500,13:41:13,63620,1791,2435,568931000,0,0,0
bc2203,20220218,20220218,134114000,13:41:14,63620,1791,2435,568931000,0,0,0
bc2203,20220218,20220218,134114500,13:41:16,63620,1791,2435,568931000,0,0,0
bc2203,20220218,20220218,134115000,13:41:16,63620,1791,2435,568931000,0,0,0
bc2203,20220218,20220218,134115500,13:41:16,63620,1791,2435,568931000,0,0,0
bc2203,20220218,20220218,134117000,13:41:17,63620,1791,2435,568931000,0,0,0
bc2203,20220218,20220218,134117500,13:41:18,63620,1791,2435,568931000,0,0,0
bc2203,20220218,20220218,134118000,13:41:19,63620,1791,2435,568931000,0,0,0
bc2203,20220218,20220218,134118500,13:41:19,63620,1791,2435,568931000,0,0,0
bc2203,20220218,20220218,134119000,13:41:19,63620,1791,2435,568931000,0,0,0
bc2203,20220218,20220218,134119500,13:41:19,63620,1791,2435,568931000,0,0,0
bc2203,20220218,20220218,134120000,13:41:20,63620,1791,2435,568931000,0,0,0
bc2203,20220218,20220218,134120500,13:41:23,63620,1791,2435,568931000,0,0,0
bc2203,20220218,20220218,134121000,13:41:23,63620,1791,2435,568931000,0,0,0
bc2203,20220218,20220218,134121500,13:41:24,63620,1791,2435,568931000,0,0,0
bc2203,20220218,20220218,134123000,13:41:24,63620,1791,2435,568931000,0,0,0
bc2203,20220218,20220218,134123500,13:41:24,63620,1791,2435,568931000,0,0,0
bc2203,20220218,20220218,134124000,13:41:24,63620,1791,2435,568931000,0,0,0
bc2203,20220218,20220218,134124500,13:41:26,63620,1791,2435,568931000,0,0,0
bc2203,20220218,20220218,134125000,13:41:26,63620,1791,2435,568931000,0,0,0
bc2203,20220218,20220218,134125500,13:41:27,63620,1791,2435,568931000,0,0,0
bc2203,20220218,20220218,134126000,13:41:27,63620,1791,2435,568931000,0,0,0
bc2203,20220218,20220218,134126500,13:41:27,63620,1791,2435,568931000,0,0,0
bc2203,20220218,20220218,134127000,13:41:27,63620,1791,2435,568931000,0,0,0
bc2203,20220218,20220218,134127500,13:41:28,63620,1791,2435,568931000,0,0,0
bc2203,20220218,20220218,134128000,13:41:28,63620,1791,2435,568931000,0,0,0
bc2203,20220218,20220218,134132000,13:41:32,63620,1791,2435,568931000,0,0,0
bc2203,20220218,20220218,134132500,13:41:33,63620,1791,2435,568931000,0,0,0
bc2203,20220218,20220218,134133000,13:41:33,63620,1791,2435,568931000,0,0,0
bc2203,20220218,20220218,134133500,13:41:34,63620,1791,2435,568931000,0,0,0
bc2203,20220218,20220218,134134000,13:41:34,63620,1791,2435,568931000,0,0,0
bc2203,20220218,20220218,134134500,13:41:34,63620,1791,2435,568931000,0,0,0
bc2203,20220218,20220218,134135000,13:41:35,63620,1791,2435,568931000,0,0,0
bc2203,20220218,20220218,134135500,13:41:35,63620,1791,2435,568931000,0,0,0
bc2203,20220218,20220218,134136000,13:41:39,63620,1791,2435,568931000,0,0,0
bc2203,20220218,20220218,134136500,13:41:39,63620,1791,2435,568931000,0,0,0
bc2203,20220218,20220218,134137000,13:41:40,63620,1791,2435,568931000,0,0,0
bc2203,20220218,20220218,134139500,13:41:42,63620,1791,2435,568931000,0,0,0
bc2203,20220218,20220218,134140000,13:41:42,63620,1791,2435,568931000,0,0,0
bc2203,20220218,20220218,134140500,13:41:42,63620,1791,2435,568931000,0,0,0
bc2203,20220218,20220218,134141000,13:41:42,63620,1791,2435,568931000,0,0,0
bc2203,20220218,20220218,134142000,13:41:42,63620,1791,2435,568931000,0,0,0
bc2203,20220218,20220218,134142500,13:41:42,63620,1791,2435,568931000,0,0,0
bc2203,20220218,20220218,134143000,13:41:43,63620,1791,2435,568931000,0,0,0
bc2203,20220218,20220218,134143500,13:41:44,63620,1791,2435,568931000,0,0,0
bc2203,20220218,20220218,134144000,13:41:44,63620,1791,2435,568931000,0,0,0
bc2203,20220218,20220218,134144500,13:41:45,63620,1791,2435,568931000,0,0,0
bc2203,20220218,20220218,134145000,13:41:45,63620,1791,2435,568931000,0,0,0
bc2203,20220218,20220218,134145500,13:41:45,63620,1791,2435,568931000,0,0,0
bc2203,20220218,20220218,134147000,13:41:47,63620,1791,2435,568931000,0,0,0
bc2203,20220218,20220218,134147500,13:41:48,63620,1791,2435,568931000,0,0,0
bc2203,20220218,20220218,134148000,13:41:48,63620,1791,2435,568931000,0,0,0
bc2203,20220218,20220218,134151500,13:41:52,63620,1791,2435,568931000,0,0,0
bc2203,20220218,20220218,134152500,13:41:52,63620,1791,2435,568931000,0,0,0
bc2203,20220218,20220218,134153000,13:41:53,63620,1791,2435,568931000,0,0,0
bc2203,20220218,20220218,134202000,13:42:10,63620,1791,2435,568931000,0,0,0
bc2203,20220218,20220218,134206000,13:42:12,63620,1791,2435,568931000,0,0,0
bc2203,20220218,20220218,134210500,13:42:12,63620,1791,2435,568931000,0,0,0
bc2203,20220218,20220218,134211000,13:42:12,63620,1791,2435,568931000,0,0,0
bc2203,20220218,20220218,134213500,13:42:14,63620,1791,2435,568931000,0,0,0
bc2203,20220218,20220218,134214000,13:42:14,63620,1791,2435,568931000,0,0,0
bc2203,20220218,20220218,134214500,13:42:15,63620,1791,2435,568931000,0,0,0
bc2203,20220218,20220218,134215000,13:42:15,63620,1791,2435,568931000,0,0,0
bc2203,20220218,20220218,134215500,13:42:16,63620,1791,2435,568931000,0,0,0
bc2203,20220218,20220218,134216000,13:42:16,63620,1791,2435,568931000,0,0,0
bc2203,20220218,20220218,134216500,13:42:17,63620,1791,2435,568931000,0,0,0
bc2203,20220218,20220218,134217500,13:42:19,63620,1791,2435,568931000,0,0,0
bc2203,20220218,20220218,134218000,13:42:20,63620,1791,2435,568931000,0,0,0
bc2203,20220218,20220218,134218500,13:42:20,63620,1791,2435,568931000,0,0,0
bc2203,20220218,20220218,134219500,13:42:20,63620,1791,2435,568931000,0,0,0
bc2203,20220218,20220218,134220000,13:42:21,63620,1791,2435,568931000,0,0,0
bc2203,20220218,20220218,134220500,13:42:21,63620,1791,2435,568931000,0,0,0
bc2203,20220218,20220218,134221000,13:42:21,63620,1791,2435,568931000,0,0,0
bc2203,20220218,20220218,134222000,13:42:22,63620,1791,2435,568931000,0,0,0
bc2203,20220218,20220218,134222500,13:42:22,63620,1791,2435,568931000,0,0,0
bc2203,20220218,20220218,134223000,13:42:23,63620,1791,2435,568931000,0,0,0
bc2203,20220218,20220218,134223500,13:42:24,63620,1791,2435,568931000,0,0,0
bc2203,20220218,20220218,134224000,13:42:24,63620,1791,2435,568931000,0,0,0
bc2203,20220218,20220218,134224500,13:42:25,63620,1791,2435,568931000,0,0,0
bc2203,20220218,20220218,134225000,13:42:25,63620,1791,2435,568931000,0,0,0
bc2203,20220218,20220218,134225500,13:42:25,63620,1791,2435,568931000,0,0,0
bc2203,20220218,20220218,134226000,13:42:27,63620,1791,2435,568931000,0,0,0
bc2203,20220218,20220218,134226500,13:42:27,63620,1791,2435,568931000,0,0,0
bc2203,20220218,20220218,134227000,13:42:28,63620,1791,2435,568931000,0,0,0
bc2203,20220218,20220218,134227500,13:42:28,63620,1791,2435,568931000,0,0,0
bc2203,20220218,20220218,134235000,13:42:35,63620,1791,2435,568931000,0,0,0
bc2203,20220218,20220218,134244000,13:42:44,63620,1791,2435,568931000,0,0,0
bc2203,20220218,20220218,134246500,13:42:46,63620,1791,2435,568931000,0,0,0
bc2203,20220218,20220218,134249000,13:42:49,63620,1791,2435,568931000,0,0,0
bc2203,20220218,20220218,134255000,13:42:55,63620,1791,2435,568931000,0,0,0
bc2203,20220218,20220218,134255500,13:42:55,63620,1791,2435,568931000,0,0,0
bc2203,20220218,20220218,134256000,13:42:56,63620,1791,2435,568931000,0,0,0
bc2203,20220218,20220218,134256500,13:42:57,63620,1791,2435,568931000,0,0,0
bc2203,20220218,20220218,134257000,13:42:59,63620,1791,2435,568931000,0,0,0
bc2203,20220218,20220218,134259000,13:42:59,63620,1791,2435,568931000,0,0,0
bc2203,20220218,20220218,134301500,13:43:02,63620,1791,2435,568931000,0,0,0
bc2203,20220218,20220218,134303000,13:43:05,63620,1791,2435,568931000,0,0,0
bc2203,20220218,20220218,134304000,13:43:11,63620,1791,2435,568931000,0,0,0
bc2203,20220218,20220218,134308500,13:43:12,63620,1791,2435,568931000,0,0,0
bc2203,20220218,20220218,134312500,13:43:14,63620,1791,2435,568931000,0,0,0
bc2203,20220218,20220218,134314000,13:43:14,63620,1791,2435,568931000,0,0,0
bc2203,20220218,20220218,134314500,13:43:15,63620,1791,2435,568931000,0,0,0
bc2203,20220218,20220218,134315000,13:43:15,63620,1791,2435,568931000,0,0,0
bc2203,20220218,20220218,134315500,13:43:15,63620,1791,2435,568931000,0,0,0
bc2203,20220218,20220218,134318500,13:43:18,63620,1791,2435,568931000,0,0,0
bc2203,20220218,20220218,134323000,13:43:23,63620,1791,2435,568931000,0,0,0
bc2203,20220218,20220218,134323500,13:43:24,63620,1791,2435,568931000,0,0,0
bc2203,20220218,20220218,134325000,13:43:25,63620,1791,2435,568931000,0,0,0
bc2203,20220218,20220218,134325500,13:43:25,63620,1791,2435,568931000,0,0,0
bc2203,20220218,20220218,134326000,13:43:26,63620,1791,2435,568931000,0,0,0
bc2203,20220218,20220218,134326500,13:43:26,63620,1791,2435,568931000,0,0,0
bc2203,20220218,20220218,134327000,13:43:27,63620,1791,2435,568931000,0,0,0
bc2203,20220218,20220218,134327500,13:43:27,63620,1791,2435,568931000,0,0,0
bc2203,20220218,20220218,134328000,13:43:29,63620,1791,2435,568931000,0,0,0
bc2203,20220218,20220218,134328500,13:43:29,63620,1791,2435,568931000,0,0,0
bc2203,20220218,20220218,134329000,13:43:29,63620,1791,2435,568931000,0,0,0
bc2203,20220218,20220218,134329500,13:43:29,63620,1791,2435,568931000,0,0,0
bc2203,20220218,20220218,134332500,13:43:32,63620,1791,2435,568931000,0,0,0
bc2203,20220218,20220218,134333000,13:43:33,63620,1791,2435,568931000,0,0,0
bc2203,20220218,20220218,134335000,13:43:35,63620,1791,2435,568931000,0,0,0
bc2203,20220218,20220218,134337500,13:43:37,63620,1791,2435,568931000,0,0,0
bc2203,20220218,20220218,134338000,13:43:38,63620,1791,2435,568931000,0,0,0
bc2203,20220218,20220218,134354500,13:44:04,63620,1791,2435,568931000,0,0,0
bc2203,20220218,20220218,134355000,13:44:04,63620,1791,2435,568931000,0,0,0
bc2203,20220218,20220218,134357000,13:44:04,63620,1791,2435,568931000,0,0,0
bc2203,20220218,20220218,134403000,13:44:04,63620,1791,2435,568931000,0,0,0
bc2203,20220218,20220218,134404500,13:44:05,63620,1791,2435,568931000,0,0,0
bc2203,20220218,20220218,134406500,13:44:06,63620,1791,2435,568931000,0,0,0
bc2203,20220218,20220218,134407000,13:44:07,63620,1791,2435,568931000,0,0,0
bc2203,20220218,20220218,134407500,13:44:08,63620,1791,2435,568931000,0,0,0
bc2203,20220218,20220218,134408000,13:44:08,63620,1791,2435,568931000,0,0,0
bc2203,20220218,20220218,134408500,13:44:09,63620,1791,2435,568931000,0,0,0
bc2203,20220218,20220218,134409000,13:44:09,63620,1791,2435,568931000,0,0,0
bc2203,20220218,20220218,134417000,13:44:17,63620,1791,2435,568931000,0,0,0
bc2203,20220218,20220218,134417500,13:44:18,63620,1791,2435,568931000,0,0,0
bc2203,20220218,20220218,134418000,13:44:18,63620,1791,2435,568931000,0,0,0
bc2203,20220218,20220218,134420500,13:44:23,63620,1791,2435,568931000,0,0,0
bc2203,20220218,20220218,134421000,13:44:23,63620,1791,2435,568931000,0,0,0
bc2203,20220218,20220218,134423000,13:44:23,63620,1791,2435,568931000,0,0,0
bc2203,20220218,20220218,134423500,13:44:23,63620,1791,2435,568931000,0,0,0
bc2203,20220218,20220218,134424000,13:44:24,63620,1791,2435,568931000,0,0,0
bc2203,20220218,20220218,134424500,13:44:24,63620,1791,2435,568931000,0,0,0
bc2203,20220218,20220218,134425000,13:44:25,63620,1791,2435,568931000,0,0,0
bc2203,20220218,20220218,134425500,13:44:25,63620,1791,2435,568931000,0,0,0
bc2203,20220218,20220218,134426000,13:44:26,63620,1791,2435,568931000,0,0,0
bc2203,20220218,20220218,134426500,13:44:26,63620,1791,2435,568931000,0,0,0
bc2203,20220218,20220218,134427000,13:44:27,63620,1791,2435,568931000,0,0,0
bc2203,20220218,20220218,134427500,13:44:27,63620,1791,2435,568931000,0,0,0
bc2203,20220218,20220218,134428000,13:44:29,63620,1791,2435,568931000,0,0,0
bc2203,20220218,20220218,134430000,13:44:37,63620,1791,2435,568931000,0,0,0
bc2203,20220218,20220218,134436500,13:44:37,63620,1791,2435,568931000,0,0,0
bc2203,20220218,20220218,134438500,13:44:38,63620,1791,2435,568931000,0,0,0
bc2203,20220218,20220218,134440500,13:44:40,63620,1791,2435,568931000,0,0,0
bc2203,20220218,20220218,134442000,13:44:42,63620,1791,2435,568931000,0,0,0
bc2203,20220218,20220218,134442500,13:44:42,63620,1791,2435,568931000,0,0,0
bc2203,20220218,20220218,134443000,13:44:43,63620,1791,2435,568931000,0,0,0
bc2203,20220218,20220218,134443500,13:44:44,63620,1791,2435,568931000,0,0,0
bc2203,20220218,20220218,134445000,13:44:45,63620,1791,2435,568931000,0,0,0
bc2203,20220218,20220218,134449500,13:44:50,63620,1791,2435,568931000,0,0,0
bc2203,20220218,20220218,134450000,13:44:50,63620,1791,2435,568931000,0,0,0
bc2203,20220218,20220218,134451000,13:44:51,63620,1791,2435,568931000,0,0,0
bc2203,20220218,20220218,134454000,13:44:54,63620,1791,2435,568931000,0,0,0
bc2203,20220218,20220218,134454500,13:44:55,63620,1791,2435,568931000,0,0,0
bc2203,20220218,20220218,134455000,13:44:55,63620,1791,2435,568931000,0,0,0
bc2203,20220218,20220218,134456000,13:44:56,63620,1791,2435,568931000,0,0,0
bc2203,20220218,20220218,134458500,13:44:59,63620,1791,2435,568931000,0,0,0
bc2203,20220218,20220218,134459000,13:44:59,63620,1791,2435,568931000,0,0,0
bc2203,20220218,20220218,134500500,13:45:01,63620,1791,2435,568931000,0,0,0
bc2203,20220218,20220218,134502500,13:45:02,63620,1791,2435,568931000,0,0,0
bc2203,20220218,20220218,134503000,13:45:03,63620,1791,2435,568931000,0,0,0
bc2203,20220218,20220218,134503500,13:45:04,63620,1791,2435,568931000,0,0,0
bc2203,20220218,20220218,134504000,13:45:08,63620,1791,2435,568931000,0,0,0
bc2203,20220218,20220218,134504500,13:45:08,63620,1791,2435,568931000,0,0,0
bc2203,20220218,20220218,134507500,13:45:09,63620,1791,2435,568931000,0,0,0
bc2203,20220218,20220218,134509000,13:45:10,63620,1791,2435,568931000,0,0,0
bc2203,20220218,20220218,134512000,13:45:12,63620,1791,2435,568931000,0,0,0
bc2203,20220218,20220218,134512500,13:45:13,63620,1791,2435,568931000,0,0,0
bc2203,20220218,20220218,134514000,13:45:15,63620,1791,2435,568931000,0,0,0
bc2203,20220218,20220218,134516500,13:45:17,63620,1791,2435,568931000,0,0,0
bc2203,20220218,20220218,134520500,13:45:23,63620,1791,2435,568931000,0,0,0
bc2203,20220218,20220218,134521000,13:45:23,63620,1791,2435,568931000,0,0,0
bc2203,20220218,20220218,134525000,13:45:26,63650,1802,2440,572431350,11,5,3500350
bc2203,20220218,20220218,134525500,13:45:27,63650,1806,2438,573704350,4,-2,1273000
bc2203,20220218,20220218,134526000,13:45:27,63650,1806,2438,573704350,0,0,0
bc2203,20220218,20220218,134526500,13:45:28,63650,1806,2438,573704350,0,0,0
bc2203,20220218,20220218,134527000,13:45:30,63650,1806,2438,573704350,0,0,0
bc2203,20220218,20220218,134527500,13:45:30,63650,1806,2438,573704350,0,0,0
bc2203,20220218,20220218,134528000,13:45:30,63650,1806,2438,573704350,0,0,0
bc2203,20220218,20220218,134529000,13:45:30,63650,1806,2438,573704350,0,0,0
bc2203,20220218,20220218,134530500,13:45:30,63650,1806,2438,573704350,0,0,0
bc2203,20220218,20220218,134531000,13:45:31,63650,1806,2438,573704350,0,0,0
bc2203,20220218,20220218,134532000,13:45:32,63650,1806,2438,573704350,0,0,0
bc2203,20220218,20220218,134534000,13:45:35,63650,1806,2438,573704350,0,0,0
bc2203,20220218,20220218,134534500,13:45:35,63650,1806,2438,573704350,0,0,0
bc2203,20220218,20220218,134535000,13:45:35,63650,1806,2438,573704350,0,0,0
bc2203,20220218,20220218,134535500,13:45:35,63650,1806,2438,573704350,0,0,0
bc2203,20220218,20220218,134536000,13:45:36,63650,1806,2438,573704350,0,0,0
bc2203,20220218,20220218,134536500,13:45:37,63650,1806,2438,573704350,0,0,0
bc2203,20220218,20220218,134541000,13:45:41,63650,1806,2438,573704350,0,0,0
bc2203,20220218,20220218,134541500,13:45:45,63650,1806,2438,573704350,0,0,0
bc2203,20220218,20220218,134543500,13:45:46,63650,1806,2438,573704350,0,0,0
bc2203,20220218,20220218,134545500,13:45:46,63650,1806,2438,573704350,0,0,0
bc2203,20220218,20220218,134547000,13:45:47,63650,1806,2438,573704350,0,0,0
bc2203,20220218,20220218,134547500,13:45:47,63650,1806,2438,573704350,0,0,0
bc2203,20220218,20220218,134548500,13:45:48,63650,1806,2438,573704350,0,0,0
bc2203,20220218,20220218,134549000,13:45:49,63650,1806,2438,573704350,0,0,0
bc2203,20220218,20220218,134550000,13:45:53,63650,1806,2438,573704350,0,0,0
bc2203,20220218,20220218,134551000,13:45:54,63650,1807,2437,574022600,1,-1,318250
bc2203,20220218,20220218,134553500,13:45:54,63650,1807,2437,574022600,0,0,0
bc2203,20220218,20220218,134554500,13:45:55,63650,1807,2437,574022600,0,0,0
bc2203,20220218,20220218,134555500,13:45:56,63650,1807,2437,574022600,0,0,0
bc2203,20220218,20220218,134556000,13:46:00,63640,1808,2436,574340800,1,-1,318200
bc2203,20220218,20220218,134556500,13:46:00,63640,1809,2436,574659000,1,0,318200
bc2203,20220218,20220218,134557000,13:46:00,63640,1809,2436,574659000,0,0,0
bc2203,20220218,20220218,134600000,13:46:01,63640,1809,2436,574659000,0,0,0
bc2203,20220218,20220218,134603000,13:46:04,63640,1809,2436,574659000,0,0,0
bc2203,20220218,20220218,134603500,13:46:04,63640,1809,2436,574659000,0,0,0
bc2203,20220218,20220218,134604000,13:46:05,63640,1809,2436,574659000,0,0,0
bc2203,20220218,20220218,134604500,13:46:05,63640,1809,2436,574659000,0,0,0
bc2203,20220218,20220218,134608000,13:46:08,63640,1809,2436,574659000,0,0,0
bc2203,20220218,20220218,134610500,13:46:11,63640,1809,2436,574659000,0,0,0
bc2203,20220218,20220218,134611000,13:46:11,63640,1809,2436,574659000,0,0,0
bc2203,20220218,20220218,134611500,13:46:11,63640,1809,2436,574659000,0,0,0
bc2203,20220218,20220218,134612000,13:46:13,63640,1809,2436,574659000,0,0,0
bc2203,20220218,20220218,134612500,13:46:13,63640,1809,2436,574659000,0,0,0
bc2203,20220218,20220218,134613000,13:46:13,63640,1809,2436,574659000,0,0,0
bc2203,20220218,20220218,134613500,13:46:14,63640,1809,2436,574659000,0,0,0
bc2203,20220218,20220218,134614000,13:46:14,63640,1809,2436,574659000,0,0,0
bc2203,20220218,20220218,134614500,13:46:15,63640,1809,2436,574659000,0,0,0
bc2203,20220218,20220218,134615000,13:46:15,63640,1809,2436,574659000,0,0,0
bc2203,20220218,20220218,134615500,13:46:16,63640,1809,2436,574659000,0,0,0
