bc2206,20220218,20220218,112003000,11:20:09,63780,178,147,56604400,178,5,56604400
bc2206,20220218,20220218,112004500,11:20:09,63780,178,147,56604400,0,0,0
bc2206,20220218,20220218,112005000,11:20:10,63780,178,147,56604400,0,0,0
bc2206,20220218,20220218,112006000,11:20:10,63780,178,147,56604400,0,0,0
bc2206,20220218,20220218,112006500,11:20:10,63780,178,147,56604400,0,0,0
bc2206,20220218,20220218,112007000,11:20:10,63780,178,147,56604400,0,0,0
bc2206,20220218,20220218,112008000,11:20:10,63780,178,147,56604400,0,0,0
bc2206,20220218,20220218,112009000,11:20:10,63780,178,147,56604400,0,0,0
bc2206,20220218,20220218,112009500,11:20:10,63780,178,147,56604400,0,0,0
bc2206,20220218,20220218,112010500,11:20:10,63780,178,147,56604400,0,0,0
bc2206,20220218,20220218,112011000,11:20:11,63780,178,147,56604400,0,0,0
bc2206,20220218,20220218,112013000,11:20:13,63780,178,147,56604400,0,0,0
bc2206,20220218,20220218,112017500,11:20:17,63780,178,147,56604400,0,0,0
bc2206,20220218,20220218,112018000,11:20:18,63780,178,147,56604400,0,0,0
bc2206,20220218,20220218,112018500,11:20:18,63780,178,147,56604400,0,0,0
bc2206,20220218,20220218,112019500,11:20:20,63780,178,147,56604400,0,0,0
bc2206,20220218,20220218,112021000,11:20:21,63780,178,147,56604400,0,0,0
bc2206,20220218,20220218,112022500,11:20:23,63780,178,147,56604400,0,0,0
bc2206,20220218,20220218,112025500,11:20:26,63780,178,147,56604400,0,0,0
bc2206,20220218,20220218,112026500,11:20:26,63780,178,147,56604400,0,0,0
bc2206,20220218,20220218,112027000,11:20:27,63780,178,147,56604400,0,0,0
bc2206,20220218,20220218,112027500,11:20:28,63780,178,147,56604400,0,0,0
bc2206,20220218,20220218,112028500,11:20:28,63780,178,147,56604400,0,0,0
bc2206,20220218,20220218,112030000,11:20:31,63780,178,147,56604400,0,0,0
bc2206,20220218,20220218,112031500,11:20:32,63780,178,147,56604400,0,0,0
bc2206,20220218,20220218,112033000,11:20:33,63780,178,147,56604400,0,0,0
bc2206,20220218,20220218,112033500,11:20:33,63780,178,147,56604400,0,0,0
bc2206,20220218,20220218,112034000,11:20:34,63780,178,147,56604400,0,0,0
bc2206,20220218,20220218,112034500,11:20:34,63780,178,147,56604400,0,0,0
bc2206,20220218,20220218,112036500,11:20:37,63780,178,147,56604400,0,0,0
bc2206,20220218,20220218,112037000,11:20:37,63780,178,147,56604400,0,0,0
bc2206,20220218,20220218,112038000,11:20:38,63780,178,147,56604400,0,0,0
bc2206,20220218,20220218,112038500,11:20:38,63780,178,147,56604400,0,0,0
bc2206,20220218,20220218,112040000,11:20:40,63780,178,147,56604400,0,0,0
bc2206,20220218,20220218,112040500,11:20:41,63780,178,147,56604400,0,0,0
bc2206,20220218,20220218,112041000,11:20:41,63780,178,147,56604400,0,0,0
bc2206,20220218,20220218,112041500,11:20:41,63780,178,147,56604400,0,0,0
bc2206,20220218,20220218,112042500,11:20:42,63780,178,147,56604400,0,0,0
bc2206,20220218,20220218,112043000,11:20:43,63780,178,147,56604400,0,0,0
bc2206,20220218,20220218,112043500,11:20:44,63780,178,147,56604400,0,0,0
bc2206,20220218,20220218,112044000,11:20:44,63780,178,147,56604400,0,0,0
bc2206,20220218,20220218,112044500,11:20:45,63780,178,147,56604400,0,0,0
bc2206,20220218,20220218,112048500,11:20:50,63780,178,147,56604400,0,0,0
bc2206,20220218,20220218,112049000,11:20:50,63780,178,147,56604400,0,0,0
bc2206,20220218,20220218,112050000,11:20:51,63780,178,147,56604400,0,0,0
bc2206,20220218,20220218,112051500,11:20:51,63780,178,147,56604400,0,0,0
bc2206,20220218,20220218,112053000,11:20:53,63780,178,147,56604400,0,0,0
bc2206,20220218,20220218,112055000,11:20:55,63780,178,147,56604400,0,0,0
bc2206,20220218,20220218,112056500,11:20:56,63780,178,147,56604400,0,0,0
bc2206,20220218,20220218,112057000,11:20:58,63780,178,147,56604400,0,0,0
bc2206,20220218,20220218,112057500,11:20:58,63780,178,147,56604400,0,0,0
bc2206,20220218,20220218,112058000,11:20:59,63780,178,147,56604400,0,0,0
bc2206,20220218,20220218,112101500,11:21:02,63780,178,147,56604400,0,0,0
bc2206,20220218,20220218,112103000,11:21:03,63780,178,147,56604400,0,0,0
bc2206,20220218,20220218,112104500,11:21:05,63780,178,147,56604400,0,0,0
bc2206,20220218,20220218,112105500,11:21:07,63780,178,147,56604400,0,0,0
bc2206,20220218,20220218,112106000,11:21:07,63780,178,147,56604400,0,0,0
bc2206,20220218,20220218,112107500,11:21:10,63780,178,147,56604400,0,0,0
bc2206,20220218,20220218,112110000,11:21:10,63780,178,147,56604400,0,0,0
bc2206,20220218,20220218,112111500,11:21:12,63780,178,147,56604400,0,0,0
bc2206,20220218,20220218,112112500,11:21:13,63780,178,147,56604400,0,0,0
bc2206,20220218,20220218,112113500,11:21:13,63780,178,147,56604400,0,0,0
bc2206,20220218,20220218,112117000,11:21:17,63780,178,147,56604400,0,0,0
bc2206,20220218,20220218,112117500,11:21:18,63780,178,147,56604400,0,0,0
bc2206,20220218,20220218,112118000,11:21:18,63830,179,146,56923550,1,-1,319150
bc2206,20220218,20220218,112118500,11:21:18,63840,183,146,58200250,4,0,1276700
bc2206,20220218,20220218,112119000,11:21:19,63840,183,146,58200250,0,0,0
bc2206,20220218,20220218,112119500,11:21:20,63840,184,145,58519450,1,-1,319200
bc2206,20220218,20220218,112120000,11:21:21,63840,184,145,58519450,0,0,0
bc2206,20220218,20220218,112120500,11:21:22,63840,184,145,58519450,0,0,0
bc2206,20220218,20220218,112121000,11:21:22,63840,184,145,58519450,0,0,0
bc2206,20220218,20220218,112121500,11:21:22,63840,184,145,58519450,0,0,0
bc2206,20220218,20220218,112122000,11:21:22,63840,184,145,58519450,0,0,0
bc2206,20220218,20220218,112122500,11:21:22,63840,184,145,58519450,0,0,0
bc2206,20220218,20220218,112123000,11:21:23,63840,184,145,58519450,0,0,0
bc2206,20220218,20220218,112124000,11:21:24,63840,184,145,58519450,0,0,0
bc2206,20220218,20220218,112124500,11:21:25,63840,184,145,58519450,0,0,0
bc2206,20220218,20220218,112125500,11:23:32,63840,184,145,58519450,0,0,0
bc2206,20220218,20220218,112126000,11:23:33,63840,184,145,58519450,0,0,0
bc2206,20220218,20220218,112330000,11:23:33,63840,184,145,58519450,0,0,0
bc2206,20220218,20220218,112335000,11:23:35,63840,184,145,58519450,0,0,0
bc2206,20220218,20220218,112335500,11:23:35,63840,184,145,58519450,0,0,0
bc2206,20220218,20220218,112337000,11:23:38,63840,184,145,58519450,0,0,0
bc2206,20220218,20220218,112337500,11:23:38,63840,184,145,58519450,0,0,0
bc2206,20220218,20220218,112338500,11:23:38,63840,184,145,58519450,0,0,0
bc2206,20220218,20220218,112341500,11:23:42,63840,184,145,58519450,0,0,0
bc2206,20220218,20220218,112343000,11:23:43,63840,184,145,58519450,0,0,0
bc2206,20220218,20220218,112343500,11:23:43,63840,184,145,58519450,0,0,0
bc2206,20220218,20220218,112344000,11:23:45,63840,184,145,58519450,0,0,0
bc2206,20220218,20220218,112344500,11:23:48,63840,184,145,58519450,0,0,0
bc2206,20220218,20220218,112345000,11:23:48,63840,184,145,58519450,0,0,0
bc2206,20220218,20220218,112348500,11:23:49,63840,184,145,58519450,0,0,0
bc2206,20220218,20220218,112349000,11:23:49,63840,184,145,58519450,0,0,0
bc2206,20220218,20220218,112349500,11:23:50,63840,184,145,58519450,0,0,0
bc2206,20220218,20220218,112350000,11:23:50,63840,184,145,58519450,0,0,0
bc2206,20220218,20220218,112350500,11:23:50,63840,184,145,58519450,0,0,0
bc2206,20220218,20220218,112351000,11:23:51,63840,184,145,58519450,0,0,0
bc2206,20220218,20220218,112352000,11:23:52,63840,184,145,58519450,0,0,0
bc2206,20220218,20220218,112353000,11:23:53,63840,184,145,58519450,0,0,0
bc2206,20220218,20220218,112353500,11:23:53,63840,184,145,58519450,0,0,0
bc2206,20220218,20220218,112355500,11:23:55,63840,184,145,58519450,0,0,0
bc2206,20220218,20220218,112356000,11:23:56,63840,184,145,58519450,0,0,0
bc2206,20220218,20220218,112357000,11:23:57,63840,184,145,58519450,0,0,0
bc2206,20220218,20220218,112357500,11:23:57,63840,184,145,58519450,0,0,0
bc2206,20220218,20220218,112358000,11:23:58,63840,184,145,58519450,0,0,0
bc2206,20220218,20220218,112359000,11:23:59,63840,184,145,58519450,0,0,0
bc2206,20220218,20220218,112400500,11:24:00,63840,184,145,58519450,0,0,0
bc2206,20220218,20220218,112401500,11:24:01,63840,184,145,58519450,0,0,0
bc2206,20220218,20220218,112402000,11:24:02,63840,184,145,58519450,0,0,0
bc2206,20220218,20220218,112403500,11:24:04,63840,184,145,58519450,0,0,0
bc2206,20220218,20220218,112405000,11:24:05,63840,184,145,58519450,0,0,0
bc2206,20220218,20220218,112406500,11:24:06,63840,184,145,58519450,0,0,0
bc2206,20220218,20220218,112408000,11:24:08,63840,184,145,58519450,0,0,0
bc2206,20220218,20220218,112408500,11:24:08,63840,184,145,58519450,0,0,0
bc2206,20220218,20220218,112409500,11:24:11,63840,184,145,58519450,0,0,0
bc2206,20220218,20220218,112411000,11:24:12,63840,184,145,58519450,0,0,0
bc2206,20220218,20220218,112412000,11:24:12,63840,184,145,58519450,0,0,0
bc2206,20220218,20220218,112412500,11:24:13,63840,184,145,58519450,0,0,0
bc2206,20220218,20220218,112414000,11:24:14,63840,184,145,58519450,0,0,0
bc2206,20220218,20220218,112414500,11:24:15,63840,184,145,58519450,0,0,0
bc2206,20220218,20220218,112415000,11:24:15,63840,184,145,58519450,0,0,0
bc2206,20220218,20220218,112415500,11:24:15,63840,184,145,58519450,0,0,0
bc2206,20220218,20220218,112416000,11:24:16,63840,184,145,58519450,0,0,0
bc2206,20220218,20220218,112416500,11:24:17,63840,184,145,58519450,0,0,0
bc2206,20220218,20220218,112417500,11:24:18,63840,184,145,58519450,0,0,0
bc2206,20220218,20220218,112418000,11:24:18,63840,184,145,58519450,0,0,0
bc2206,20220218,20220218,112422500,11:24:23,63840,184,145,58519450,0,0,0
bc2206,20220218,20220218,112423500,11:24:23,63840,184,145,58519450,0,0,0
bc2206,20220218,20220218,112424000,11:24:24,63840,184,145,58519450,0,0,0
bc2206,20220218,20220218,112424500,11:24:24,63840,184,145,58519450,0,0,0
bc2206,20220218,20220218,112425000,11:24:25,63840,184,145,58519450,0,0,0
bc2206,20220218,20220218,112426500,11:24:26,63840,184,145,58519450,0,0,0
bc2206,20220218,20220218,112427000,11:24:27,63840,184,145,58519450,0,0,0
bc2206,20220218,20220218,112428500,11:24:28,63840,184,145,58519450,0,0,0
bc2206,20220218,20220218,112430000,11:24:30,63840,184,145,58519450,0,0,0
bc2206,20220218,20220218,112430500,11:24:30,63840,184,145,58519450,0,0,0
bc2206,20220218,20220218,112432000,11:24:32,63840,184,145,58519450,0,0,0
bc2206,20220218,20220218,112438000,11:24:39,63840,184,145,58519450,0,0,0
bc2206,20220218,20220218,112438500,11:24:40,63840,184,145,58519450,0,0,0
bc2206,20220218,20220218,112439000,11:24:40,63840,184,145,58519450,0,0,0
bc2206,20220218,20220218,112440000,11:24:40,63830,185,144,58838600,1,-1,319150
bc2206,20220218,20220218,112440500,11:24:40,63830,185,144,58838600,0,0,0
bc2206,20220218,20220218,112441000,11:24:41,63830,193,145,61391750,8,1,2553150
bc2206,20220218,20220218,112441500,11:24:41,63820,194,144,61710850,1,-1,319100
bc2206,20220218,20220218,112442000,11:24:42,63820,194,144,61710850,0,0,0
bc2206,20220218,20220218,112442500,11:24:42,63820,194,144,61710850,0,0,0
bc2206,20220218,20220218,112443000,11:24:43,63820,194,144,61710850,0,0,0
bc2206,20220218,20220218,112443500,11:24:43,63820,194,144,61710850,0,0,0
bc2206,20220218,20220218,112444000,11:24:44,63820,194,144,61710850,0,0,0
bc2206,20220218,20220218,112444500,11:24:44,63820,194,144,61710850,0,0,0
bc2206,20220218,20220218,112445000,11:24:45,63820,194,144,61710850,0,0,0
bc2206,20220218,20220218,112445500,11:24:45,63820,194,144,61710850,0,0,0
bc2206,20220218,20220218,112446000,11:24:46,63820,194,144,61710850,0,0,0
bc2206,20220218,20220218,112446500,11:24:46,63820,194,144,61710850,0,0,0
bc2206,20220218,20220218,112447000,11:24:47,63820,194,144,61710850,0,0,0
bc2206,20220218,20220218,112447500,11:24:47,63820,194,144,61710850,0,0,0
bc2206,20220218,20220218,112448000,11:24:48,63820,194,144,61710850,0,0,0
bc2206,20220218,20220218,112448500,11:24:49,63820,194,144,61710850,0,0,0
bc2206,20220218,20220218,112449000,11:24:49,63820,194,144,61710850,0,0,0
bc2206,20220218,20220218,112449500,11:24:49,63820,194,144,61710850,0,0,0
bc2206,20220218,20220218,112450500,11:24:50,63820,194,144,61710850,0,0,0
bc2206,20220218,20220218,112451500,11:24:52,63820,194,144,61710850,0,0,0
bc2206,20220218,20220218,112452000,11:24:52,63820,194,144,61710850,0,0,0
bc2206,20220218,20220218,112452500,11:24:52,63820,194,144,61710850,0,0,0
bc2206,20220218,20220218,112453000,11:24:53,63820,194,144,61710850,0,0,0
bc2206,20220218,20220218,112453500,11:24:53,63820,194,144,61710850,0,0,0
bc2206,20220218,20220218,112454000,11:24:54,63820,194,144,61710850,0,0,0
bc2206,20220218,20220218,112454500,11:24:54,63820,194,144,61710850,0,0,0
bc2206,20220218,20220218,112457000,11:24:57,63820,194,144,61710850,0,0,0
bc2206,20220218,20220218,112457500,11:24:57,63820,194,144,61710850,0,0,0
bc2206,20220218,20220218,112458000,11:24:58,63810,195,144,62029900,1,0,319050
bc2206,20220218,20220218,112458500,11:24:58,63810,195,144,62029900,0,0,0
bc2206,20220218,20220218,112459000,11:24:59,63810,195,144,62029900,0,0,0
bc2206,20220218,20220218,112459500,11:24:59,63810,195,144,62029900,0,0,0
bc2206,20220218,20220218,112500000,11:25:00,63810,195,144,62029900,0,0,0
bc2206,20220218,20220218,112500500,11:25:01,63810,195,144,62029900,0,0,0
bc2206,20220218,20220218,112501500,11:25:04,63810,195,144,62029900,0,0,0
bc2206,20220218,20220218,112502000,11:25:05,63810,195,144,62029900,0,0,0
bc2206,20220218,20220218,112504500,11:25:06,63810,195,144,62029900,0,0,0
bc2206,20220218,20220218,112505500,11:25:06,63810,195,144,62029900,0,0,0
bc2206,20220218,20220218,112506000,11:25:07,63810,195,144,62029900,0,0,0
bc2206,20220218,20220218,112506500,11:25:07,63810,195,144,62029900,0,0,0
bc2206,20220218,20220218,112507000,11:25:07,63810,195,144,62029900,0,0,0
bc2206,20220218,20220218,112510000,11:25:10,63810,195,144,62029900,0,0,0
bc2206,20220218,20220218,112511500,11:25:11,63810,195,144,62029900,0,0,0
bc2206,20220218,20220218,112513000,11:25:13,63810,195,144,62029900,0,0,0
bc2206,20220218,20220218,112514000,11:25:15,63810,195,144,62029900,0,0,0
bc2206,20220218,20220218,112514500,11:25:15,63810,195,144,62029900,0,0,0
bc2206,20220218,20220218,112515000,11:25:16,63810,195,144,62029900,0,0,0
bc2206,20220218,20220218,112518000,11:25:18,63810,195,144,62029900,0,0,0
bc2206,20220218,20220218,112520000,11:25:21,63810,195,144,62029900,0,0,0
bc2206,20220218,20220218,112520500,11:25:21,63810,195,144,62029900,0,0,0
bc2206,20220218,20220218,112521000,11:25:21,63810,195,144,62029900,0,0,0
bc2206,20220218,20220218,112521500,11:25:22,63810,195,144,62029900,0,0,0
bc2206,20220218,20220218,112522000,11:25:22,63810,195,144,62029900,0,0,0
bc2206,20220218,20220218,112523000,11:25:23,63810,195,144,62029900,0,0,0
bc2206,20220218,20220218,112523500,11:25:24,63810,195,144,62029900,0,0,0
bc2206,20220218,20220218,112524000,11:25:25,63810,195,144,62029900,0,0,0
bc2206,20220218,20220218,112525500,11:25:26,63810,195,144,62029900,0,0,0
bc2206,20220218,20220218,112528000,11:25:28,63810,195,144,62029900,0,0,0
bc2206,20220218,20220218,112529500,11:25:30,63810,195,144,62029900,0,0,0
bc2206,20220218,20220218,112530000,11:25:30,63810,195,144,62029900,0,0,0
bc2206,20220218,20220218,112530500,11:25:31,63810,195,144,62029900,0,0,0
bc2206,20220218,20220218,112531000,11:25:31,63810,195,144,62029900,0,0,0
bc2206,20220218,20220218,112532000,11:25:32,63810,195,144,62029900,0,0,0
bc2206,20220218,20220218,112534500,11:25:36,63810,195,144,62029900,0,0,0
bc2206,20220218,20220218,112535000,11:25:36,63810,195,144,62029900,0,0,0
bc2206,20220218,20220218,112536000,11:25:37,63810,195,144,62029900,0,0,0
bc2206,20220218,20220218,112536500,11:25:37,63810,195,144,62029900,0,0,0
bc2206,20220218,20220218,112537500,11:25:38,63810,195,144,62029900,0,0,0
bc2206,20220218,20220218,112538000,11:25:38,63810,195,144,62029900,0,0,0
bc2206,20220218,20220218,112538500,11:25:39,63810,195,144,62029900,0,0,0
bc2206,20220218,20220218,112545500,11:25:46,63810,195,144,62029900,0,0,0
bc2206,20220218,20220218,112546000,11:25:47,63810,195,144,62029900,0,0,0
bc2206,20220218,20220218,112553500,11:25:54,63810,195,144,62029900,0,0,0
bc2206,20220218,20220218,112554000,11:25:54,63810,195,144,62029900,0,0,0
bc2206,20220218,20220218,112554500,11:25:55,63810,195,144,62029900,0,0,0
bc2206,20220218,20220218,112555000,11:25:56,63810,195,144,62029900,0,0,0
bc2206,20220218,20220218,112556500,11:25:57,63810,195,144,62029900,0,0,0
bc2206,20220218,20220218,112559000,11:26:00,63810,195,144,62029900,0,0,0
bc2206,20220218,20220218,112600500,11:26:01,63810,195,144,62029900,0,0,0
bc2206,20220218,20220218,112601500,11:26:02,63810,195,144,62029900,0,0,0
bc2206,20220218,20220218,112602000,11:26:03,63810,195,144,62029900,0,0,0
bc2206,20220218,20220218,112605500,11:26:06,63810,195,144,62029900,0,0,0
bc2206,20220218,20220218,112607500,11:26:09,63810,195,144,62029900,0,0,0
bc2206,20220218,20220218,112609500,11:26:10,63810,195,144,62029900,0,0,0
bc2206,20220218,20220218,112610000,11:26:10,63810,195,144,62029900,0,0,0
bc2206,20220218,20220218,112610500,11:26:11,63810,195,144,62029900,0,0,0
bc2206,20220218,20220218,112612000,11:26:14,63810,195,144,62029900,0,0,0
bc2206,20220218,20220218,112617500,11:26:17,63810,195,144,62029900,0,0,0
bc2206,20220218,20220218,112619500,11:26:20,63810,195,144,62029900,0,0,0
bc2206,20220218,20220218,112623000,11:26:23,63810,195,144,62029900,0,0,0
bc2206,20220218,20220218,112625500,11:26:26,63810,195,144,62029900,0,0,0
bc2206,20220218,20220218,112626000,11:26:26,63810,195,144,62029900,0,0,0
bc2206,20220218,20220218,112626500,11:26:26,63810,195,144,62029900,0,0,0
bc2206,20220218,20220218,112629000,11:26:30,63810,195,144,62029900,0,0,0
bc2206,20220218,20220218,112631500,11:26:32,63810,195,144,62029900,0,0,0
bc2206,20220218,20220218,112633500,11:26:34,63810,195,144,62029900,0,0,0
bc2206,20220218,20220218,112635000,11:26:37,63810,195,144,62029900,0,0,0
bc2206,20220218,20220218,112635500,11:26:37,63810,195,144,62029900,0,0,0
bc2206,20220218,20220218,112636000,11:26:38,63810,195,144,62029900,0,0,0
bc2206,20220218,20220218,112637000,11:26:39,63810,195,144,62029900,0,0,0
bc2206,20220218,20220218,112637500,11:27:10,63810,195,144,62029900,0,0,0
bc2206,20220218,20220218,112638000,11:27:10,63810,195,144,62029900,0,0,0
bc2206,20220218,20220218,112649500,11:27:10,63810,195,144,62029900,0,0,0
bc2206,20220218,20220218,112707000,11:27:12,63810,195,144,62029900,0,0,0
bc2206,20220218,20220218,112710500,11:27:12,63810,195,144,62029900,0,0,0
bc2206,20220218,20220218,112712000,11:27:12,63810,195,144,62029900,0,0,0
bc2206,20220218,20220218,112713000,11:27:13,63810,195,144,62029900,0,0,0
bc2206,20220218,20220218,112713500,11:27:14,63810,195,144,62029900,0,0,0
bc2206,20220218,20220218,112715000,11:27:15,63810,195,144,62029900,0,0,0
bc2206,20220218,20220218,112715500,11:27:16,63810,195,144,62029900,0,0,0
bc2206,20220218,20220218,112716000,11:27:17,63810,195,144,62029900,0,0,0
bc2206,20220218,20220218,112718000,11:27:18,63810,195,144,62029900,0,0,0
bc2206,20220218,20220218,112720500,11:27:21,63810,195,144,62029900,0,0,0
bc2206,20220218,20220218,112723000,11:27:26,63810,195,144,62029900,0,0,0
bc2206,20220218,20220218,112726000,11:27:27,63810,195,144,62029900,0,0,0
bc2206,20220218,20220218,112727000,11:27:27,63810,195,144,62029900,0,0,0
bc2206,20220218,20220218,112727500,11:27:27,63810,195,144,62029900,0,0,0
bc2206,20220218,20220218,112728000,11:27:28,63810,195,144,62029900,0,0,0
bc2206,20220218,20220218,112728500,11:27:28,63810,195,144,62029900,0,0,0
bc2206,20220218,20220218,112729500,11:27:30,63810,195,144,62029900,0,0,0
bc2206,20220218,20220218,112731000,11:27:32,63810,195,144,62029900,0,0,0
bc2206,20220218,20220218,112735500,11:27:36,63810,195,144,62029900,0,0,0
bc2206,20220218,20220218,112736500,11:27:38,63810,195,144,62029900,0,0,0
bc2206,20220218,20220218,112737000,11:27:38,63810,195,144,62029900,0,0,0
bc2206,20220218,20220218,112737500,11:27:38,63810,195,144,62029900,0,0,0
bc2206,20220218,20220218,112738500,11:27:39,63810,195,144,62029900,0,0,0
bc2206,20220218,20220218,112739000,11:27:39,63810,195,144,62029900,0,0,0
bc2206,20220218,20220218,112740000,11:27:40,63810,195,144,62029900,0,0,0
bc2206,20220218,20220218,112741500,11:27:42,63810,195,144,62029900,0,0,0
bc2206,20220218,20220218,112743500,11:27:43,63810,195,144,62029900,0,0,0
bc2206,20220218,20220218,112744000,11:27:44,63810,195,144,62029900,0,0,0
bc2206,20220218,20220218,112744500,11:27:45,63810,195,144,62029900,0,0,0
bc2206,20220218,20220218,112745000,11:27:45,63810,195,144,62029900,0,0,0
bc2206,20220218,20220218,112745500,11:27:46,63810,195,144,62029900,0,0,0
bc2206,20220218,20220218,112754000,11:27:54,63810,195,144,62029900,0,0,0
bc2206,20220218,20220218,112755500,11:27:55,63810,195,144,62029900,0,0,0
bc2206,20220218,20220218,112757000,11:27:57,63810,195,144,62029900,0,0,0
bc2206,20220218,20220218,112758000,11:27:58,63810,195,144,62029900,0,0,0
bc2206,20220218,20220218,112758500,11:27:59,63810,195,144,62029900,0,0,0
bc2206,20220218,20220218,112801000,11:28:01,63810,195,144,62029900,0,0,0
bc2206,20220218,20220218,112802500,11:28:03,63810,195,144,62029900,0,0,0
bc2206,20220218,20220218,112804000,11:28:04,63810,195,144,62029900,0,0,0
bc2206,20220218,20220218,112807500,11:28:10,63810,195,144,62029900,0,0,0
bc2206,20220218,20220218,112819000,11:28:19,63810,195,144,62029900,0,0,0
bc2206,20220218,20220218,112819500,11:28:20,63810,195,144,62029900,0,0,0
bc2206,20220218,20220218,112822500,11:28:22,63810,195,144,62029900,0,0,0
bc2206,20220218,20220218,112824000,11:28:24,63810,195,144,62029900,0,0,0
bc2206,20220218,20220218,112826500,11:28:27,63810,195,144,62029900,0,0,0
bc2206,20220218,20220218,112828000,11:28:28,63810,195,144,62029900,0,0,0
bc2206,20220218,20220218,112829500,11:28:29,63810,195,144,62029900,0,0,0
bc2206,20220218,20220218,112831000,11:28:31,63810,195,144,62029900,0,0,0
bc2206,20220218,20220218,112832500,11:28:33,63810,195,144,62029900,0,0,0
bc2206,20220218,20220218,112834500,11:28:34,63810,195,144,62029900,0,0,0
bc2206,20220218,20220218,112835000,11:28:35,63810,195,144,62029900,0,0,0
bc2206,20220218,20220218,112836000,11:28:37,63810,195,144,62029900,0,0,0
bc2206,20220218,20220218,112839500,11:28:40,63810,195,144,62029900,0,0,0
bc2206,20220218,20220218,112841000,11:28:41,63810,195,144,62029900,0,0,0
bc2206,20220218,20220218,112843000,11:28:43,63810,195,144,62029900,0,0,0
bc2206,20220218,20220218,112844500,11:28:44,63810,195,144,62029900,0,0,0
bc2206,20220218,20220218,112845500,11:28:46,63810,195,144,62029900,0,0,0
bc2206,20220218,20220218,112846000,11:28:46,63810,195,144,62029900,0,0,0
bc2206,20220218,20220218,112849000,11:28:49,63810,195,144,62029900,0,0,0
bc2206,20220218,20220218,112850000,11:28:50,63810,195,144,62029900,0,0,0
bc2206,20220218,20220218,112851500,11:28:51,63810,195,144,62029900,0,0,0
bc2206,20220218,20220218,112858000,11:28:59,63810,195,144,62029900,0,0,0
bc2206,20220218,20220218,112900500,11:29:01,63810,195,144,62029900,0,0,0
bc2206,20220218,20220218,112901000,11:29:01,63810,195,144,62029900,0,0,0
bc2206,20220218,20220218,112901500,11:29:01,63810,195,144,62029900,0,0,0
bc2206,20220218,20220218,112902000,11:29:02,63810,195,144,62029900,0,0,0
bc2206,20220218,20220218,112902500,11:29:03,63810,195,144,62029900,0,0,0
bc2206,20220218,20220218,112903500,11:29:04,63810,195,144,62029900,0,0,0
bc2206,20220218,20220218,112904000,11:29:04,63810,195,144,62029900,0,0,0
bc2206,20220218,20220218,112912000,11:29:12,63810,195,144,62029900,0,0,0
bc2206,20220218,20220218,112912500,11:29:12,63810,195,144,62029900,0,0,0
bc2206,20220218,20220218,112913000,11:29:13,63810,195,144,62029900,0,0,0
bc2206,20220218,20220218,112914000,11:29:14,63810,195,144,62029900,0,0,0
bc2206,20220218,20220218,112914500,11:29:15,63810,195,144,62029900,0,0,0
bc2206,20220218,20220218,112915000,11:29:15,63810,195,144,62029900,0,0,0
bc2206,20220218,20220218,112915500,11:29:16,63810,195,144,62029900,0,0,0
bc2206,20220218,20220218,112916000,11:29:16,63810,195,144,62029900,0,0,0
bc2206,20220218,20220218,112916500,11:29:20,63810,195,144,62029900,0,0,0
bc2206,20220218,20220218,112917000,11:29:20,63810,195,144,62029900,0,0,0
bc2206,20220218,20220218,112917500,11:29:21,63810,195,144,62029900,0,0,0
bc2206,20220218,20220218,112920500,11:29:21,63810,195,144,62029900,0,0,0
bc2206,20220218,20220218,112922500,11:29:24,63810,195,144,62029900,0,0,0
bc2206,20220218,20220218,112923000,11:29:24,63810,195,144,62029900,0,0,0
bc2206,20220218,20220218,112924000,11:29:24,63810,195,144,62029900,0,0,0
bc2206,20220218,20220218,112924500,11:29:24,63810,195,144,62029900,0,0,0
bc2206,20220218,20220218,112925000,11:29:25,63810,195,144,62029900,0,0,0
bc2206,20220218,20220218,112925500,11:29:25,63810,195,144,62029900,0,0,0
bc2206,20220218,20220218,112926000,11:29:26,63810,195,144,62029900,0,0,0
bc2206,20220218,20220218,112929000,11:29:29,63810,195,144,62029900,0,0,0
bc2206,20220218,20220218,112929500,11:29:29,63790,198,144,62986550,3,0,956650
bc2206,20220218,20220218,112930000,11:29:30,63790,198,144,62986550,0,0,0
bc2206,20220218,20220218,112930500,11:29:31,63790,198,144,62986550,0,0,0
bc2206,20220218,20220218,112931000,11:29:32,63790,198,144,62986550,0,0,0
bc2206,20220218,20220218,112931500,11:29:32,63790,198,144,62986550,0,0,0
bc2206,20220218,20220218,112932000,11:29:32,63790,198,144,62986550,0,0,0
bc2206,20220218,20220218,112932500,11:29:37,63790,198,144,62986550,0,0,0
bc2206,20220218,20220218,112933000,11:29:37,63790,198,144,62986550,0,0,0
bc2206,20220218,20220218,112936500,11:29:38,63790,198,144,62986550,0,0,0
bc2206,20220218,20220218,112937000,11:29:38,63790,198,144,62986550,0,0,0
bc2206,20220218,20220218,112942000,11:29:42,63790,198,144,62986550,0,0,0
bc2206,20220218,20220218,112942500,11:29:44,63790,198,144,62986550,0,0,0
bc2206,20220218,20220218,112943000,11:29:45,63790,198,144,62986550,0,0,0
bc2206,20220218,20220218,112948500,11:29:50,63790,198,144,62986550,0,0,0
bc2206,20220218,20220218,112949000,11:29:50,63790,198,144,62986550,0,0,0
bc2206,20220218,20220218,112949500,11:29:50,63790,198,144,62986550,0,0,0
bc2206,20220218,20220218,112950500,11:29:51,63790,198,144,62986550,0,0,0
bc2206,20220218,20220218,112956000,11:30:00,63790,198,144,62986550,0,0,0
bc2206,20220218,20220218,112956500,11:30:00,63790,198,144,62986550,0,0,0
bc2206,20220218,20220218,112958500,11:30:02,63790,198,144,62986550,0,0,0
bc2206,20220218,20220218,113001500,11:30:03,63790,198,144,62986550,0,0,0
bc2206,20220218,20220218,133002000,13:30:08,63790,198,144,62986550,0,0,0
bc2206,20220218,20220218,133002500,13:30:10,63790,198,144,62986550,0,0,0
bc2206,20220218,20220218,133008000,13:30:10,63790,198,144,62986550,0,0,0
bc2206,20220218,20220218,133008500,13:30:10,63790,198,144,62986550,0,0,0
bc2206,20220218,20220218,133009500,13:30:10,63790,198,144,62986550,0,0,0
bc2206,20220218,20220218,133010000,13:30:11,63790,198,144,62986550,0,0,0
bc2206,20220218,20220218,133010500,13:30:12,63790,198,144,62986550,0,0,0
bc2206,20220218,20220218,133011000,13:30:13,63790,198,144,62986550,0,0,0
bc2206,20220218,20220218,133012500,13:30:13,63790,198,144,62986550,0,0,0
bc2206,20220218,20220218,133013000,13:30:13,63790,198,144,62986550,0,0,0
bc2206,20220218,20220218,133013500,13:30:14,63790,198,144,62986550,0,0,0
bc2206,20220218,20220218,133014000,13:30:16,63790,198,144,62986550,0,0,0
bc2206,20220218,20220218,133014500,13:30:17,63790,198,144,62986550,0,0,0
bc2206,20220218,20220218,133015000,13:30:18,63790,198,144,62986550,0,0,0
bc2206,20220218,20220218,133016500,13:30:18,63790,198,144,62986550,0,0,0
bc2206,20220218,20220218,133017000,13:30:18,63790,198,144,62986550,0,0,0
bc2206,20220218,20220218,133017500,13:30:18,63790,198,144,62986550,0,0,0
bc2206,20220218,20220218,133018000,13:30:19,63790,198,144,62986550,0,0,0
bc2206,20220218,20220218,133018500,13:30:20,63790,198,144,62986550,0,0,0
bc2206,20220218,20220218,133019000,13:30:20,63790,198,144,62986550,0,0,0
bc2206,20220218,20220218,133019500,13:30:20,63790,198,144,62986550,0,0,0
bc2206,20220218,20220218,133020000,13:30:21,63790,198,144,62986550,0,0,0
bc2206,20220218,20220218,133020500,13:30:21,63790,198,144,62986550,0,0,0
bc2206,20220218,20220218,133021000,13:30:21,63790,198,144,62986550,0,0,0
bc2206,20220218,20220218,133021500,13:30:22,63790,198,144,62986550,0,0,0
bc2206,20220218,20220218,133022000,13:30:38,63790,198,144,62986550,0,0,0
bc2206,20220218,20220218,133022500,13:30:38,63790,198,144,62986550,0,0,0
bc2206,20220218,20220218,133023000,13:30:38,63790,198,144,62986550,0,0,0
bc2206,20220218,20220218,133036500,13:30:40,63790,198,144,62986550,0,0,0
bc2206,20220218,20220218,133052000,13:30:53,63790,198,144,62986550,0,0,0
bc2206,20220218,20220218,133052500,13:30:53,63790,198,144,62986550,0,0,0
bc2206,20220218,20220218,133053000,13:30:54,63790,198,144,62986550,0,0,0
bc2206,20220218,20220218,133059500,13:30:59,63790,198,144,62986550,0,0,0
bc2206,20220218,20220218,133100000,13:31:00,63790,198,144,62986550,0,0,0
bc2206,20220218,20220218,133100500,13:31:00,63790,198,144,62986550,0,0,0
bc2206,20220218,20220218,133103000,13:31:03,63790,198,144,62986550,0,0,0
bc2206,20220218,20220218,133103500,13:31:05,63790,198,144,62986550,0,0,0
bc2206,20220218,20220218,133104000,13:31:06,63790,198,144,62986550,0,0,0
bc2206,20220218,20220218,133104500,13:31:07,63790,198,144,62986550,0,0,0
bc2206,20220218,20220218,133105500,13:31:08,63790,198,144,62986550,0,0,0
bc2206,20220218,20220218,133107000,13:31:08,63790,198,144,62986550,0,0,0
bc2206,20220218,20220218,133107500,13:31:09,63790,198,144,62986550,0,0,0
bc2206,20220218,20220218,133110500,13:31:11,63790,198,144,62986550,0,0,0
bc2206,20220218,20220218,133111000,13:31:11,63790,198,144,62986550,0,0,0
bc2206,20220218,20220218,133111500,13:31:12,63790,198,144,62986550,0,0,0
bc2206,20220218,20220218,133112000,13:31:12,63790,198,144,62986550,0,0,0
bc2206,20220218,20220218,133112500,13:31:13,63790,198,144,62986550,0,0,0
bc2206,20220218,20220218,133113000,13:31:13,63790,198,144,62986550,0,0,0
bc2206,20220218,20220218,133113500,13:31:15,63790,198,144,62986550,0,0,0
bc2206,20220218,20220218,133115000,13:31:15,63790,198,144,62986550,0,0,0
bc2206,20220218,20220218,133115500,13:31:16,63790,198,144,62986550,0,0,0
bc2206,20220218,20220218,133116000,13:31:16,63790,198,144,62986550,0,0,0
bc2206,20220218,20220218,133119500,13:31:20,63790,198,144,62986550,0,0,0
bc2206,20220218,20220218,133120000,13:31:20,63790,198,144,62986550,0,0,0
bc2206,20220218,20220218,133123500,13:31:25,63790,198,144,62986550,0,0,0
bc2206,20220218,20220218,133124500,13:31:25,63790,198,144,62986550,0,0,0
bc2206,20220218,20220218,133138000,13:31:38,63790,198,144,62986550,0,0,0
bc2206,20220218,20220218,133158000,13:31:58,63790,198,144,62986550,0,0,0
bc2206,20220218,20220218,133158500,13:31:58,63790,198,144,62986550,0,0,0
bc2206,20220218,20220218,133159500,13:32:00,63790,198,144,62986550,0,0,0
bc2206,20220218,20220218,133200000,13:32:00,63790,198,144,62986550,0,0,0
bc2206,20220218,20220218,133200500,13:32:01,63790,198,144,62986550,0,0,0
bc2206,20220218,20220218,133201000,13:32:01,63790,198,144,62986550,0,0,0
bc2206,20220218,20220218,133201500,13:32:01,63790,198,144,62986550,0,0,0
bc2206,20220218,20220218,133202000,13:32:03,63790,198,144,62986550,0,0,0
bc2206,20220218,20220218,133202500,13:32:04,63790,198,144,62986550,0,0,0
bc2206,20220218,20220218,133203500,13:32:05,63790,198,144,62986550,0,0,0
bc2206,20220218,20220218,133204000,13:32:05,63790,198,144,62986550,0,0,0
bc2206,20220218,20220218,133206500,13:32:07,63790,198,144,62986550,0,0,0
bc2206,20220218,20220218,133207000,13:32:07,63790,198,144,62986550,0,0,0
bc2206,20220218,20220218,133207500,13:32:07,63790,198,144,62986550,0,0,0
bc2206,20220218,20220218,133208000,13:32:09,63790,198,144,62986550,0,0,0
bc2206,20220218,20220218,133208500,13:32:10,63790,198,144,62986550,0,0,0
bc2206,20220218,20220218,133209000,13:32:10,63790,198,144,62986550,0,0,0
bc2206,20220218,20220218,133209500,13:32:10,63790,198,144,62986550,0,0,0
bc2206,20220218,20220218,133210000,13:32:10,63790,198,144,62986550,0,0,0
bc2206,20220218,20220218,133211000,13:32:14,63710,199,143,63305100,1,-1,318550
bc2206,20220218,20220218,133213000,13:32:15,63710,199,143,63305100,0,0,0
bc2206,20220218,20220218,133213500,13:32:15,63710,199,143,63305100,0,0,0
bc2206,20220218,20220218,133214000,13:32:15,63710,199,143,63305100,0,0,0
bc2206,20220218,20220218,133215000,13:32:16,63710,201,144,63942200,2,1,637100
bc2206,20220218,20220218,133215500,13:32:17,63710,201,144,63942200,0,0,0
bc2206,20220218,20220218,133216000,13:32:17,63720,202,143,64260800,1,-1,318600
bc2206,20220218,20220218,133216500,13:32:17,63720,202,143,64260800,0,0,0
bc2206,20220218,20220218,133217000,13:32:18,63720,202,143,64260800,0,0,0
bc2206,20220218,20220218,133217500,13:32:18,63720,202,143,64260800,0,0,0
bc2206,20220218,20220218,133218000,13:32:18,63720,202,143,64260800,0,0,0
bc2206,20220218,20220218,133218500,13:32:19,63720,202,143,64260800,0,0,0
bc2206,20220218,20220218,133219000,13:32:20,63720,202,143,64260800,0,0,0
bc2206,20220218,20220218,133219500,13:32:20,63720,202,143,64260800,0,0,0
bc2206,20220218,20220218,133220000,13:32:20,63720,202,143,64260800,0,0,0
bc2206,20220218,20220218,133220500,13:32:21,63720,202,143,64260800,0,0,0
bc2206,20220218,20220218,133221000,13:32:21,63720,202,143,64260800,0,0,0
bc2206,20220218,20220218,133221500,13:32:22,63720,202,143,64260800,0,0,0
bc2206,20220218,20220218,133222000,13:32:22,63720,202,143,64260800,0,0,0
bc2206,20220218,20220218,133224000,13:32:24,63720,202,143,64260800,0,0,0
bc2206,20220218,20220218,133224500,13:32:25,63720,202,143,64260800,0,0,0
bc2206,20220218,20220218,133232000,13:32:35,63720,202,143,64260800,0,0,0
bc2206,20220218,20220218,133239000,13:32:39,63720,202,143,64260800,0,0,0
bc2206,20220218,20220218,133247000,13:32:47,63720,202,143,64260800,0,0,0
bc2206,20220218,20220218,133247500,13:32:48,63720,202,143,64260800,0,0,0
bc2206,20220218,20220218,133248500,13:32:49,63720,202,143,64260800,0,0,0
bc2206,20220218,20220218,133255000,13:32:55,63720,202,143,64260800,0,0,0
bc2206,20220218,20220218,133303000,13:33:04,63720,202,143,64260800,0,0,0
bc2206,20220218,20220218,133303500,13:33:04,63720,202,143,64260800,0,0,0
bc2206,20220218,20220218,133311000,13:33:13,63720,202,143,64260800,0,0,0
bc2206,20220218,20220218,133311500,13:33:14,63720,202,143,64260800,0,0,0
bc2206,20220218,20220218,133314500,13:33:17,63720,202,143,64260800,0,0,0
bc2206,20220218,20220218,133319000,13:33:20,63720,202,143,64260800,0,0,0
bc2206,20220218,20220218,133319500,13:33:21,63720,202,143,64260800,0,0,0
bc2206,20220218,20220218,133320000,13:33:21,63720,202,143,64260800,0,0,0
bc2206,20220218,20220218,133320500,13:33:21,63720,202,143,64260800,0,0,0
bc2206,20220218,20220218,133321000,13:33:22,63720,202,143,64260800,0,0,0
bc2206,20220218,20220218,133321500,13:33:22,63720,202,143,64260800,0,0,0
bc2206,20220218,20220218,133322500,13:33:22,63720,202,143,64260800,0,0,0
bc2206,20220218,20220218,133323000,13:33:23,63720,202,143,64260800,0,0,0
bc2206,20220218,20220218,133323500,13:33:24,63720,202,143,64260800,0,0,0
bc2206,20220218,20220218,133324000,13:33:24,63720,202,143,64260800,0,0,0
bc2206,20220218,20220218,133324500,13:33:25,63720,202,143,64260800,0,0,0
bc2206,20220218,20220218,133325000,13:33:26,63720,202,143,64260800,0,0,0
bc2206,20220218,20220218,133325500,13:33:27,63720,202,143,64260800,0,0,0
bc2206,20220218,20220218,133326000,13:33:28,63720,202,143,64260800,0,0,0
bc2206,20220218,20220218,133326500,13:33:29,63720,202,143,64260800,0,0,0
bc2206,20220218,20220218,133327000,13:33:29,63720,202,143,64260800,0,0,0
bc2206,20220218,20220218,133334500,13:33:34,63720,202,143,64260800,0,0,0
bc2206,20220218,20220218,133339000,13:33:39,63720,202,143,64260800,0,0,0
bc2206,20220218,20220218,133339500,13:33:40,63720,202,143,64260800,0,0,0
bc2206,20220218,20220218,133340000,13:33:40,63720,202,143,64260800,0,0,0
bc2206,20220218,20220218,133340500,13:33:41,63720,202,143,64260800,0,0,0
bc2206,20220218,20220218,133341000,13:33:41,63720,202,143,64260800,0,0,0
bc2206,20220218,20220218,133341500,13:33:42,63720,202,143,64260800,0,0,0
bc2206,20220218,20220218,133342000,13:33:42,63720,202,143,64260800,0,0,0
bc2206,20220218,20220218,133347000,13:33:48,63720,202,143,64260800,0,0,0
bc2206,20220218,20220218,133347500,13:33:49,63720,202,143,64260800,0,0,0
bc2206,20220218,20220218,133348000,13:33:49,63720,202,143,64260800,0,0,0
bc2206,20220218,20220218,133348500,13:33:49,63720,202,143,64260800,0,0,0
bc2206,20220218,20220218,133349000,13:33:50,63720,202,143,64260800,0,0,0
bc2206,20220218,20220218,133349500,13:33:50,63720,202,143,64260800,0,0,0
bc2206,20220218,20220218,133350000,13:33:50,63720,202,143,64260800,0,0,0
bc2206,20220218,20220218,133352000,13:33:52,63720,202,143,64260800,0,0,0
bc2206,20220218,20220218,133352500,13:33:52,63720,202,143,64260800,0,0,0
bc2206,20220218,20220218,133355000,13:33:56,63720,202,143,64260800,0,0,0
bc2206,20220218,20220218,133355500,13:33:56,63720,202,143,64260800,0,0,0
bc2206,20220218,20220218,133356000,13:33:57,63720,202,143,64260800,0,0,0
bc2206,20220218,20220218,133356500,13:33:57,63720,202,143,64260800,0,0,0
bc2206,20220218,20220218,133357000,13:33:57,63720,202,143,64260800,0,0,0
bc2206,20220218,20220218,133357500,13:33:58,63720,202,143,64260800,0,0,0
bc2206,20220218,20220218,133358000,13:33:58,63720,202,143,64260800,0,0,0
bc2206,20220218,20220218,133359500,13:33:59,63720,202,143,64260800,0,0,0
bc2206,20220218,20220218,133401500,13:34:02,63720,202,143,64260800,0,0,0
bc2206,20220218,20220218,133403000,13:34:10,63720,202,143,64260800,0,0,0
bc2206,20220218,20220218,133410000,13:34:12,63720,202,143,64260800,0,0,0
bc2206,20220218,20220218,133410500,13:34:12,63720,202,143,64260800,0,0,0
bc2206,20220218,20220218,133413000,13:34:13,63720,202,143,64260800,0,0,0
bc2206,20220218,20220218,133414500,13:34:15,63720,202,143,64260800,0,0,0
bc2206,20220218,20220218,133416000,13:34:16,63720,202,143,64260800,0,0,0
bc2206,20220218,20220218,133417000,13:34:17,63720,202,143,64260800,0,0,0
bc2206,20220218,20220218,133418000,13:34:18,63720,202,143,64260800,0,0,0
bc2206,20220218,20220218,133418500,13:34:19,63720,202,143,64260800,0,0,0
bc2206,20220218,20220218,133419000,13:34:19,63720,202,143,64260800,0,0,0
bc2206,20220218,20220218,133419500,13:34:20,63720,202,143,64260800,0,0,0
bc2206,20220218,20220218,133420000,13:34:20,63720,202,143,64260800,0,0,0
bc2206,20220218,20220218,133420500,13:34:21,63720,202,143,64260800,0,0,0
bc2206,20220218,20220218,133421500,13:34:24,63720,202,143,64260800,0,0,0
bc2206,20220218,20220218,133422500,13:34:24,63720,202,143,64260800,0,0,0
bc2206,20220218,20220218,133423500,13:34:24,63720,202,143,64260800,0,0,0
bc2206,20220218,20220218,133424000,13:34:24,63720,202,143,64260800,0,0,0
bc2206,20220218,20220218,133425000,13:34:25,63720,202,143,64260800,0,0,0
bc2206,20220218,20220218,133425500,13:34:25,63720,202,143,64260800,0,0,0
bc2206,20220218,20220218,133426500,13:34:26,63720,202,143,64260800,0,0,0
bc2206,20220218,20220218,133428500,13:34:29,63720,202,143,64260800,0,0,0
bc2206,20220218,20220218,133430500,13:34:30,63720,202,143,64260800,0,0,0
bc2206,20220218,20220218,133432000,13:34:32,63720,202,143,64260800,0,0,0
bc2206,20220218,20220218,133433000,13:34:34,63720,202,143,64260800,0,0,0
bc2206,20220218,20220218,133433500,13:34:34,63720,202,143,64260800,0,0,0
bc2206,20220218,20220218,133434000,13:34:34,63720,202,143,64260800,0,0,0
bc2206,20220218,20220218,133434500,13:34:35,63710,209,144,66490650,7,1,2229850
bc2206,20220218,20220218,133435000,13:34:35,63690,210,144,66809100,1,0,318450
bc2206,20220218,20220218,133435500,13:34:36,63690,210,144,66809100,0,0,0
bc2206,20220218,20220218,133436000,13:34:36,63680,211,144,67127500,1,0,318400
bc2206,20220218,20220218,133436500,13:34:36,63680,211,144,67127500,0,0,0
bc2206,20220218,20220218,133437000,13:34:37,63680,211,144,67127500,0,0,0
bc2206,20220218,20220218,133437500,13:34:38,63680,211,144,67127500,0,0,0
bc2206,20220218,20220218,133438000,13:34:38,63680,211,144,67127500,0,0,0
bc2206,20220218,20220218,133438500,13:34:39,63680,211,144,67127500,0,0,0
bc2206,20220218,20220218,133439000,13:34:39,63680,211,144,67127500,0,0,0
bc2206,20220218,20220218,133439500,13:34:39,63690,212,144,67445950,1,0,318450
bc2206,20220218,20220218,133440000,13:34:40,63690,212,144,67445950,0,0,0
bc2206,20220218,20220218,133440500,13:34:41,63690,212,144,67445950,0,0,0
bc2206,20220218,20220218,133441000,13:34:41,63690,212,144,67445950,0,0,0
bc2206,20220218,20220218,133441500,13:34:42,63690,212,144,67445950,0,0,0
bc2206,20220218,20220218,133442000,13:34:44,63690,212,144,67445950,0,0,0
bc2206,20220218,20220218,133442500,13:34:44,63690,212,144,67445950,0,0,0
bc2206,20220218,20220218,133443500,13:34:45,63690,212,144,67445950,0,0,0
bc2206,20220218,20220218,133444000,13:34:45,63690,212,144,67445950,0,0,0
bc2206,20220218,20220218,133445000,13:34:46,63690,212,144,67445950,0,0,0
bc2206,20220218,20220218,133445500,13:34:46,63690,212,144,67445950,0,0,0
bc2206,20220218,20220218,133447000,13:34:47,63690,212,144,67445950,0,0,0
bc2206,20220218,20220218,133447500,13:34:47,63690,212,144,67445950,0,0,0
bc2206,20220218,20220218,133449000,13:34:49,63690,212,144,67445950,0,0,0
bc2206,20220218,20220218,133452000,13:34:52,63690,212,144,67445950,0,0,0
bc2206,20220218,20220218,133452500,13:34:53,63690,212,144,67445950,0,0,0
bc2206,20220218,20220218,133453000,13:34:53,63690,212,144,67445950,0,0,0
bc2206,20220218,20220218,133453500,13:34:55,63690,212,144,67445950,0,0,0
bc2206,20220218,20220218,133454000,13:34:56,63690,212,144,67445950,0,0,0
bc2206,20220218,20220218,133454500,13:34:56,63690,212,144,67445950,0,0,0
bc2206,20220218,20220218,133455000,13:34:56,63690,212,144,67445950,0,0,0
bc2206,20220218,20220218,133456000,13:34:57,63690,212,144,67445950,0,0,0
bc2206,20220218,20220218,133456500,13:34:57,63690,212,144,67445950,0,0,0
bc2206,20220218,20220218,133457000,13:34:57,63690,212,144,67445950,0,0,0
bc2206,20220218,20220218,133457500,13:34:58,63690,212,144,67445950,0,0,0
bc2206,20220218,20220218,133458000,13:34:58,63690,212,144,67445950,0,0,0
bc2206,20220218,20220218,133458500,13:34:59,63690,212,144,67445950,0,0,0
bc2206,20220218,20220218,133459000,13:34:59,63690,212,144,67445950,0,0,0
bc2206,20220218,20220218,133459500,13:35:00,63690,212,144,67445950,0,0,0
bc2206,20220218,20220218,133500000,13:35:00,63690,212,144,67445950,0,0,0
bc2206,20220218,20220218,133501500,13:35:05,63690,212,144,67445950,0,0,0
bc2206,20220218,20220218,133504500,13:35:10,63690,212,144,67445950,0,0,0
bc2206,20220218,20220218,133509500,13:35:10,63690,212,144,67445950,0,0,0
bc2206,20220218,20220218,133510500,13:35:11,63690,212,144,67445950,0,0,0
bc2206,20220218,20220218,133511000,13:35:11,63690,212,144,67445950,0,0,0
bc2206,20220218,20220218,133511500,13:35:12,63690,212,144,67445950,0,0,0
bc2206,20220218,20220218,133512000,13:35:13,63690,212,144,67445950,0,0,0
bc2206,20220218,20220218,133512500,13:35:13,63690,212,144,67445950,0,0,0
bc2206,20220218,20220218,133513000,13:35:13,63690,212,144,67445950,0,0,0
bc2206,20220218,20220218,133513500,13:35:14,63690,212,144,67445950,0,0,0
bc2206,20220218,20220218,133514000,13:35:14,63690,212,144,67445950,0,0,0
bc2206,20220218,20220218,133514500,13:35:14,63690,212,144,67445950,0,0,0
bc2206,20220218,20220218,133515000,13:35:15,63690,212,144,67445950,0,0,0
bc2206,20220218,20220218,133516000,13:35:16,63690,212,144,67445950,0,0,0
bc2206,20220218,20220218,133517000,13:35:17,63690,212,144,67445950,0,0,0
bc2206,20220218,20220218,133517500,13:35:18,63690,212,144,67445950,0,0,0
bc2206,20220218,20220218,133519000,13:35:19,63690,212,144,67445950,0,0,0
bc2206,20220218,20220218,133520500,13:35:21,63690,212,144,67445950,0,0,0
bc2206,20220218,20220218,133522000,13:35:22,63690,212,144,67445950,0,0,0
bc2206,20220218,20220218,133523500,13:35:23,63690,212,144,67445950,0,0,0
bc2206,20220218,20220218,133525000,13:35:26,63690,212,144,67445950,0,0,0
bc2206,20220218,20220218,133525500,13:35:26,63710,214,143,68083050,2,-1,637100
bc2206,20220218,20220218,133526000,13:35:26,63710,214,143,68083050,0,0,0
bc2206,20220218,20220218,133526500,13:35:27,63710,214,143,68083050,0,0,0
bc2206,20220218,20220218,133527000,13:35:27,63710,214,143,68083050,0,0,0
bc2206,20220218,20220218,133527500,13:35:31,63710,214,143,68083050,0,0,0
bc2206,20220218,20220218,133528000,13:35:32,63710,214,143,68083050,0,0,0
bc2206,20220218,20220218,133531000,13:35:33,63710,214,143,68083050,0,0,0
bc2206,20220218,20220218,133531500,13:35:41,63710,214,143,68083050,0,0,0
bc2206,20220218,20220218,133532000,13:35:42,63710,214,143,68083050,0,0,0
bc2206,20220218,20220218,133540500,13:35:43,63710,214,143,68083050,0,0,0
bc2206,20220218,20220218,133541000,13:35:43,63710,214,143,68083050,0,0,0
bc2206,20220218,20220218,133542000,13:35:43,63710,214,143,68083050,0,0,0
bc2206,20220218,20220218,133542500,13:35:44,63710,214,143,68083050,0,0,0
bc2206,20220218,20220218,133543500,13:35:44,63710,214,143,68083050,0,0,0
bc2206,20220218,20220218,133544000,13:35:45,63710,214,143,68083050,0,0,0
bc2206,20220218,20220218,133544500,13:35:45,63710,214,143,68083050,0,0,0
bc2206,20220218,20220218,133545000,13:35:46,63710,214,143,68083050,0,0,0
bc2206,20220218,20220218,133545500,13:35:46,63710,214,143,68083050,0,0,0
bc2206,20220218,20220218,133546000,13:35:46,63710,214,143,68083050,0,0,0
bc2206,20220218,20220218,133546500,13:35:46,63710,214,143,68083050,0,0,0
bc2206,20220218,20220218,133547000,13:35:47,63710,214,143,68083050,0,0,0
bc2206,20220218,20220218,133549000,13:35:49,63710,214,143,68083050,0,0,0
bc2206,20220218,20220218,133550000,13:35:50,63710,214,143,68083050,0,0,0
bc2206,20220218,20220218,133550500,13:35:50,63710,214,143,68083050,0,0,0
bc2206,20220218,20220218,133551000,13:35:51,63710,214,143,68083050,0,0,0
bc2206,20220218,20220218,133551500,13:35:51,63710,214,143,68083050,0,0,0
bc2206,20220218,20220218,133552000,13:35:52,63710,214,143,68083050,0,0,0
bc2206,20220218,20220218,133552500,13:35:52,63710,214,143,68083050,0,0,0
bc2206,20220218,20220218,133553500,13:35:55,63710,214,143,68083050,0,0,0
bc2206,20220218,20220218,133554000,13:35:55,63710,214,143,68083050,0,0,0
bc2206,20220218,20220218,133554500,13:35:55,63710,214,143,68083050,0,0,0
bc2206,20220218,20220218,133555000,13:35:56,63710,214,143,68083050,0,0,0
bc2206,20220218,20220218,133555500,13:35:56,63710,214,143,68083050,0,0,0
bc2206,20220218,20220218,133556000,13:35:56,63710,214,143,68083050,0,0,0
bc2206,20220218,20220218,133556500,13:35:57,63710,214,143,68083050,0,0,0
bc2206,20220218,20220218,133557000,13:35:59,63710,214,143,68083050,0,0,0
bc2206,20220218,20220218,133559500,13:36:03,63710,214,143,68083050,0,0,0
bc2206,20220218,20220218,133601500,13:36:03,63710,214,143,68083050,0,0,0
bc2206,20220218,20220218,133602500,13:36:03,63710,214,143,68083050,0,0,0
bc2206,20220218,20220218,133604000,13:36:06,63710,214,143,68083050,0,0,0
bc2206,20220218,20220218,133609500,13:36:10,63710,214,143,68083050,0,0,0
bc2206,20220218,20220218,133610000,13:36:10,63710,214,143,68083050,0,0,0
bc2206,20220218,20220218,133610500,13:36:11,63710,214,143,68083050,0,0,0
bc2206,20220218,20220218,133611500,13:36:12,63710,214,143,68083050,0,0,0
bc2206,20220218,20220218,133613000,13:36:13,63710,214,143,68083050,0,0,0
bc2206,20220218,20220218,133618000,13:36:19,63710,214,143,68083050,0,0,0
bc2206,20220218,20220218,133618500,13:36:19,63710,214,143,68083050,0,0,0
bc2206,20220218,20220218,133619000,13:36:19,63710,214,143,68083050,0,0,0
bc2206,20220218,20220218,133620500,13:36:20,63710,214,143,68083050,0,0,0
bc2206,20220218,20220218,133626000,13:36:26,63710,214,143,68083050,0,0,0
bc2206,20220218,20220218,133627500,13:36:28,63710,214,143,68083050,0,0,0
bc2206,20220218,20220218,133629000,13:36:30,63710,214,143,68083050,0,0,0
bc2206,20220218,20220218,133629500,13:36:30,63710,214,143,68083050,0,0,0
bc2206,20220218,20220218,133630000,13:36:30,63710,214,143,68083050,0,0,0
bc2206,20220218,20220218,133630500,13:36:31,63710,214,143,68083050,0,0,0
bc2206,20220218,20220218,133631000,13:36:31,63710,214,143,68083050,0,0,0
bc2206,20220218,20220218,133631500,13:36:31,63710,214,143,68083050,0,0,0
bc2206,20220218,20220218,133632000,13:36:32,63710,214,143,68083050,0,0,0
bc2206,20220218,20220218,133632500,13:36:33,63710,214,143,68083050,0,0,0
bc2206,20220218,20220218,133633500,13:36:33,63710,214,143,68083050,0,0,0
bc2206,20220218,20220218,133634000,13:36:34,63710,214,143,68083050,0,0,0
bc2206,20220218,20220218,133634500,13:36:35,63710,214,143,68083050,0,0,0
bc2206,20220218,20220218,133635000,13:36:35,63710,214,143,68083050,0,0,0
bc2206,20220218,20220218,133635500,13:36:36,63710,214,143,68083050,0,0,0
bc2206,20220218,20220218,133637000,13:36:38,63710,214,143,68083050,0,0,0
bc2206,20220218,20220218,133637500,13:36:38,63710,214,143,68083050,0,0,0
bc2206,20220218,20220218,133638500,13:36:39,63710,214,143,68083050,0,0,0
bc2206,20220218,20220218,133640000,13:36:40,63710,214,143,68083050,0,0,0
bc2206,20220218,20220218,133642000,13:36:42,63710,214,143,68083050,0,0,0
bc2206,20220218,20220218,133649500,13:36:49,63710,214,143,68083050,0,0,0
bc2206,20220218,20220218,133650000,13:36:50,63710,214,143,68083050,0,0,0
bc2206,20220218,20220218,133650500,13:36:50,63710,214,143,68083050,0,0,0
bc2206,20220218,20220218,133652500,13:36:53,63710,214,143,68083050,0,0,0
bc2206,20220218,20220218,133654000,13:36:54,63710,214,143,68083050,0,0,0
bc2206,20220218,20220218,133657500,13:36:58,63710,214,143,68083050,0,0,0
bc2206,20220218,20220218,133700000,13:37:00,63710,214,143,68083050,0,0,0
bc2206,20220218,20220218,133701500,13:37:02,63710,214,143,68083050,0,0,0
bc2206,20220218,20220218,133705500,13:37:07,63710,214,143,68083050,0,0,0
bc2206,20220218,20220218,133706000,13:37:08,63710,214,143,68083050,0,0,0
bc2206,20220218,20220218,133706500,13:37:08,63710,214,143,68083050,0,0,0
bc2206,20220218,20220218,133707000,13:37:08,63710,214,143,68083050,0,0,0
bc2206,20220218,20220218,133710500,13:37:11,63710,214,143,68083050,0,0,0
bc2206,20220218,20220218,133711000,13:37:12,63710,214,143,68083050,0,0,0
bc2206,20220218,20220218,133712000,13:37:13,63710,214,143,68083050,0,0,0
bc2206,20220218,20220218,133713500,13:37:14,63710,214,143,68083050,0,0,0
bc2206,20220218,20220218,133715000,13:37:15,63710,214,143,68083050,0,0,0
bc2206,20220218,20220218,133716500,13:37:17,63710,214,143,68083050,0,0,0
bc2206,20220218,20220218,133718500,13:37:19,63710,214,143,68083050,0,0,0
bc2206,20220218,20220218,133721000,13:37:21,63710,214,143,68083050,0,0,0
bc2206,20220218,20220218,133721500,13:37:21,63710,214,143,68083050,0,0,0
bc2206,20220218,20220218,133722000,13:37:22,63710,214,143,68083050,0,0,0
bc2206,20220218,20220218,133722500,13:37:23,63710,214,143,68083050,0,0,0
bc2206,20220218,20220218,133723500,13:37:23,63710,214,143,68083050,0,0,0
bc2206,20220218,20220218,133724500,13:37:25,63710,214,143,68083050,0,0,0
bc2206,20220218,20220218,133725000,13:37:25,63710,214,143,68083050,0,0,0
bc2206,20220218,20220218,133726000,13:37:26,63710,214,143,68083050,0,0,0
bc2206,20220218,20220218,133726500,13:37:27,63710,214,143,68083050,0,0,0
bc2206,20220218,20220218,133728500,13:37:28,63710,214,143,68083050,0,0,0
bc2206,20220218,20220218,133729500,13:37:30,63710,214,143,68083050,0,0,0
bc2206,20220218,20220218,133730000,13:37:30,63710,214,143,68083050,0,0,0
bc2206,20220218,20220218,133731500,13:37:31,63710,214,143,68083050,0,0,0
bc2206,20220218,20220218,133733000,13:37:33,63710,214,143,68083050,0,0,0
bc2206,20220218,20220218,133735500,13:37:36,63710,214,143,68083050,0,0,0
bc2206,20220218,20220218,133737500,13:37:37,63710,214,143,68083050,0,0,0
bc2206,20220218,20220218,133738000,13:37:39,63710,214,143,68083050,0,0,0
bc2206,20220218,20220218,133738500,13:37:39,63710,214,143,68083050,0,0,0
bc2206,20220218,20220218,133740500,13:37:40,63710,214,143,68083050,0,0,0
bc2206,20220218,20220218,133742500,13:37:43,63710,214,143,68083050,0,0,0
bc2206,20220218,20220218,133744000,13:37:45,63710,214,143,68083050,0,0,0
bc2206,20220218,20220218,133745500,13:37:45,63710,214,143,68083050,0,0,0
bc2206,20220218,20220218,133747000,13:37:47,63710,214,143,68083050,0,0,0
bc2206,20220218,20220218,133753000,13:37:54,63710,214,143,68083050,0,0,0
bc2206,20220218,20220218,133753500,13:37:55,63710,214,143,68083050,0,0,0
bc2206,20220218,20220218,133754000,13:37:55,63710,214,143,68083050,0,0,0
bc2206,20220218,20220218,133754500,13:37:55,63710,214,143,68083050,0,0,0
bc2206,20220218,20220218,133801000,13:38:03,63710,214,143,68083050,0,0,0
bc2206,20220218,20220218,133801500,13:38:03,63710,214,143,68083050,0,0,0
bc2206,20220218,20220218,133802500,13:38:05,63710,214,143,68083050,0,0,0
bc2206,20220218,20220218,133806000,13:38:08,63710,214,143,68083050,0,0,0
bc2206,20220218,20220218,133809500,13:38:10,63710,214,143,68083050,0,0,0
bc2206,20220218,20220218,133810000,13:38:10,63710,214,143,68083050,0,0,0
bc2206,20220218,20220218,133810500,13:38:10,63710,214,143,68083050,0,0,0
bc2206,20220218,20220218,133812000,13:38:14,63710,214,143,68083050,0,0,0
bc2206,20220218,20220218,133812500,13:38:14,63710,214,143,68083050,0,0,0
bc2206,20220218,20220218,133813500,13:38:15,63710,214,143,68083050,0,0,0
bc2206,20220218,20220218,133814000,13:38:17,63710,214,143,68083050,0,0,0
bc2206,20220218,20220218,133814500,13:38:17,63710,214,143,68083050,0,0,0
bc2206,20220218,20220218,133815000,13:38:17,63710,214,143,68083050,0,0,0
bc2206,20220218,20220218,133816500,13:38:18,63710,214,143,68083050,0,0,0
bc2206,20220218,20220218,133817500,13:38:18,63710,214,143,68083050,0,0,0
bc2206,20220218,20220218,133818000,13:38:18,63710,214,143,68083050,0,0,0
bc2206,20220218,20220218,133819000,13:38:19,63710,214,143,68083050,0,0,0
bc2206,20220218,20220218,133822000,13:38:23,63710,214,143,68083050,0,0,0
bc2206,20220218,20220218,133823500,13:38:24,63710,214,143,68083050,0,0,0
bc2206,20220218,20220218,133825500,13:38:42,63710,214,143,68083050,0,0,0
bc2206,20220218,20220218,133837500,13:38:42,63710,214,143,68083050,0,0,0
bc2206,20220218,20220218,133842500,13:38:43,63710,214,143,68083050,0,0,0
bc2206,20220218,20220218,133843000,13:38:43,63710,214,143,68083050,0,0,0
bc2206,20220218,20220218,133843500,13:38:43,63710,214,143,68083050,0,0,0
bc2206,20220218,20220218,133844500,13:38:44,63710,214,143,68083050,0,0,0
bc2206,20220218,20220218,133851000,13:38:51,63710,214,143,68083050,0,0,0
bc2206,20220218,20220218,133901000,13:39:01,63710,214,143,68083050,0,0,0
bc2206,20220218,20220218,133906500,13:39:06,63710,214,143,68083050,0,0,0
bc2206,20220218,20220218,133914000,13:39:15,63710,214,143,68083050,0,0,0
bc2206,20220218,20220218,133914500,13:39:16,63710,214,143,68083050,0,0,0
bc2206,20220218,20220218,133915000,13:39:19,63710,214,143,68083050,0,0,0
bc2206,20220218,20220218,133917500,13:39:19,63710,214,143,68083050,0,0,0
bc2206,20220218,20220218,133921500,13:39:21,63710,214,143,68083050,0,0,0
bc2206,20220218,20220218,133922500,13:39:23,63710,214,143,68083050,0,0,0
bc2206,20220218,20220218,133924000,13:39:24,63710,214,143,68083050,0,0,0
bc2206,20220218,20220218,133924500,13:39:24,63710,214,143,68083050,0,0,0
bc2206,20220218,20220218,133925000,13:39:25,63710,214,143,68083050,0,0,0
bc2206,20220218,20220218,133927000,13:39:27,63710,214,143,68083050,0,0,0
bc2206,20220218,20220218,133928000,13:39:28,63710,214,143,68083050,0,0,0
bc2206,20220218,20220218,133929000,13:39:29,63710,214,143,68083050,0,0,0
bc2206,20220218,20220218,133931000,13:39:31,63710,214,143,68083050,0,0,0
bc2206,20220218,20220218,133932500,13:39:33,63710,214,143,68083050,0,0,0
bc2206,20220218,20220218,133936000,13:39:36,63710,214,143,68083050,0,0,0
bc2206,20220218,20220218,133937000,13:39:37,63710,214,143,68083050,0,0,0
bc2206,20220218,20220218,133938000,13:39:38,63710,214,143,68083050,0,0,0
bc2206,20220218,20220218,133939000,13:39:39,63710,214,143,68083050,0,0,0
bc2206,20220218,20220218,133940500,13:39:41,63710,214,143,68083050,0,0,0
bc2206,20220218,20220218,133941000,13:39:41,63710,214,143,68083050,0,0,0
bc2206,20220218,20220218,133943500,13:39:43,63710,214,143,68083050,0,0,0
bc2206,20220218,20220218,133944500,13:39:45,63710,214,143,68083050,0,0,0
bc2206,20220218,20220218,133945000,13:39:45,63710,214,143,68083050,0,0,0
bc2206,20220218,20220218,133945500,13:39:46,63710,214,143,68083050,0,0,0
bc2206,20220218,20220218,133946000,13:39:47,63710,214,143,68083050,0,0,0
bc2206,20220218,20220218,133946500,13:39:47,63710,214,143,68083050,0,0,0
bc2206,20220218,20220218,133948500,13:39:48,63710,214,143,68083050,0,0,0
bc2206,20220218,20220218,133949000,13:39:49,63710,214,143,68083050,0,0,0
bc2206,20220218,20220218,133950000,13:39:50,63710,214,143,68083050,0,0,0
bc2206,20220218,20220218,133953000,13:39:54,63710,214,143,68083050,0,0,0
bc2206,20220218,20220218,133956000,13:39:56,63710,214,143,68083050,0,0,0
bc2206,20220218,20220218,133956500,13:39:57,63710,214,143,68083050,0,0,0
bc2206,20220218,20220218,133957000,13:39:58,63710,214,143,68083050,0,0,0
bc2206,20220218,20220218,133957500,13:40:13,63710,214,143,68083050,0,0,0
bc2206,20220218,20220218,134010000,13:40:13,63710,214,143,68083050,0,0,0
bc2206,20220218,20220218,134014500,13:40:16,63710,214,143,68083050,0,0,0
bc2206,20220218,20220218,134017000,13:40:17,63710,214,143,68083050,0,0,0
bc2206,20220218,20220218,134018500,13:40:19,63710,214,143,68083050,0,0,0
bc2206,20220218,20220218,134020000,13:40:20,63710,214,143,68083050,0,0,0
bc2206,20220218,20220218,134021500,13:40:22,63710,214,143,68083050,0,0,0
bc2206,20220218,20220218,134022500,13:40:23,63710,214,143,68083050,0,0,0
bc2206,20220218,20220218,134023000,13:40:23,63710,214,143,68083050,0,0,0
bc2206,20220218,20220218,134023500,13:40:23,63710,214,143,68083050,0,0,0
bc2206,20220218,20220218,134024000,13:40:24,63710,214,143,68083050,0,0,0
bc2206,20220218,20220218,134024500,13:40:25,63710,214,143,68083050,0,0,0
bc2206,20220218,20220218,134025000,13:40:25,63710,214,143,68083050,0,0,0
bc2206,20220218,20220218,134025500,13:40:26,63710,214,143,68083050,0,0,0
bc2206,20220218,20220218,134026000,13:40:27,63710,214,143,68083050,0,0,0
bc2206,20220218,20220218,134026500,13:40:27,63710,214,143,68083050,0,0,0
bc2206,20220218,20220218,134027000,13:40:27,63710,214,143,68083050,0,0,0
bc2206,20220218,20220218,134027500,13:40:27,63710,214,143,68083050,0,0,0
bc2206,20220218,20220218,134028000,13:40:28,63710,214,143,68083050,0,0,0
bc2206,20220218,20220218,134028500,13:40:29,63710,214,143,68083050,0,0,0
bc2206,20220218,20220218,134029500,13:40:30,63710,214,143,68083050,0,0,0
bc2206,20220218,20220218,134030000,13:40:30,63710,214,143,68083050,0,0,0
bc2206,20220218,20220218,134030500,13:40:31,63710,214,143,68083050,0,0,0
bc2206,20220218,20220218,134031000,13:40:31,63710,214,143,68083050,0,0,0
bc2206,20220218,20220218,134031500,13:40:32,63710,214,143,68083050,0,0,0
bc2206,20220218,20220218,134032000,13:40:32,63710,214,143,68083050,0,0,0
bc2206,20220218,20220218,134032500,13:40:32,63710,214,143,68083050,0,0,0
bc2206,20220218,20220218,134033000,13:40:33,63710,214,143,68083050,0,0,0
bc2206,20220218,20220218,134033500,13:40:34,63710,214,143,68083050,0,0,0
bc2206,20220218,20220218,134034000,13:40:35,63710,214,143,68083050,0,0,0
bc2206,20220218,20220218,134034500,13:40:35,63710,214,143,68083050,0,0,0
bc2206,20220218,20220218,134035000,13:40:35,63710,214,143,68083050,0,0,0
bc2206,20220218,20220218,134036000,13:40:36,63710,214,143,68083050,0,0,0
bc2206,20220218,20220218,134036500,13:40:36,63710,214,143,68083050,0,0,0
bc2206,20220218,20220218,134037500,13:40:38,63710,214,143,68083050,0,0,0
bc2206,20220218,20220218,134038000,13:40:38,63710,214,143,68083050,0,0,0
bc2206,20220218,20220218,134038500,13:40:38,63710,214,143,68083050,0,0,0
bc2206,20220218,20220218,134039000,13:40:40,63710,214,143,68083050,0,0,0
bc2206,20220218,20220218,134039500,13:40:40,63710,214,143,68083050,0,0,0
bc2206,20220218,20220218,134040000,13:40:41,63710,214,143,68083050,0,0,0
bc2206,20220218,20220218,134040500,13:40:41,63710,214,143,68083050,0,0,0
bc2206,20220218,20220218,134041500,13:40:42,63710,214,143,68083050,0,0,0
bc2206,20220218,20220218,134042000,13:40:42,63710,214,143,68083050,0,0,0
bc2206,20220218,20220218,134042500,13:40:43,63710,214,143,68083050,0,0,0
bc2206,20220218,20220218,134043000,13:40:43,63710,214,143,68083050,0,0,0
bc2206,20220218,20220218,134045500,13:40:46,63710,214,143,68083050,0,0,0
bc2206,20220218,20220218,134046000,13:40:46,63710,214,143,68083050,0,0,0
bc2206,20220218,20220218,134046500,13:40:46,63710,214,143,68083050,0,0,0
bc2206,20220218,20220218,134047000,13:40:47,63710,214,143,68083050,0,0,0
bc2206,20220218,20220218,134048000,13:40:48,63710,214,143,68083050,0,0,0
bc2206,20220218,20220218,134048500,13:40:48,63710,214,143,68083050,0,0,0
bc2206,20220218,20220218,134051000,13:40:55,63710,214,143,68083050,0,0,0
bc2206,20220218,20220218,134054000,13:40:55,63710,214,143,68083050,0,0,0
bc2206,20220218,20220218,134056000,13:40:58,63710,214,143,68083050,0,0,0
bc2206,20220218,20220218,134056500,13:40:58,63710,214,143,68083050,0,0,0
bc2206,20220218,20220218,134057500,13:40:58,63710,214,143,68083050,0,0,0
bc2206,20220218,20220218,134058000,13:40:58,63710,214,143,68083050,0,0,0
bc2206,20220218,20220218,134058500,13:40:59,63710,214,143,68083050,0,0,0
bc2206,20220218,20220218,134105000,13:41:06,63710,214,143,68083050,0,0,0
bc2206,20220218,20220218,134105500,13:41:06,63710,214,143,68083050,0,0,0
bc2206,20220218,20220218,134106000,13:41:07,63710,214,143,68083050,0,0,0
bc2206,20220218,20220218,134106500,13:41:07,63710,214,143,68083050,0,0,0
bc2206,20220218,20220218,134107000,13:41:07,63710,214,143,68083050,0,0,0
bc2206,20220218,20220218,134107500,13:41:09,63710,214,143,68083050,0,0,0
bc2206,20220218,20220218,134108000,13:41:09,63710,214,143,68083050,0,0,0
bc2206,20220218,20220218,134109000,13:41:10,63710,214,143,68083050,0,0,0
bc2206,20220218,20220218,134109500,13:41:10,63710,214,143,68083050,0,0,0
bc2206,20220218,20220218,134110000,13:41:10,63710,214,143,68083050,0,0,0
bc2206,20220218,20220218,134110500,13:41:10,63710,214,143,68083050,0,0,0
bc2206,20220218,20220218,134111000,13:41:11,63710,214,143,68083050,0,0,0
bc2206,20220218,20220218,134111500,13:41:12,63710,214,143,68083050,0,0,0
bc2206,20220218,20220218,134112000,13:41:12,63710,214,143,68083050,0,0,0
bc2206,20220218,20220218,134112500,13:41:12,63710,214,143,68083050,0,0,0
bc2206,20220218,20220218,134113000,13:41:13,63710,214,143,68083050,0,0,0
bc2206,20220218,20220218,134113500,13:41:13,63710,214,143,68083050,0,0,0
bc2206,20220218,20220218,134114000,13:41:15,63710,214,143,68083050,0,0,0
bc2206,20220218,20220218,134115000,13:41:16,63710,214,143,68083050,0,0,0
bc2206,20220218,20220218,134116000,13:41:17,63710,214,143,68083050,0,0,0
bc2206,20220218,20220218,134117000,13:41:17,63710,214,143,68083050,0,0,0
bc2206,20220218,20220218,134117500,13:41:18,63710,214,143,68083050,0,0,0
bc2206,20220218,20220218,134118000,13:41:19,63710,214,143,68083050,0,0,0
bc2206,20220218,20220218,134118500,13:41:19,63710,214,143,68083050,0,0,0
bc2206,20220218,20220218,134119000,13:41:19,63710,214,143,68083050,0,0,0
bc2206,20220218,20220218,134119500,13:41:20,63710,214,143,68083050,0,0,0
bc2206,20220218,20220218,134120000,13:41:20,63710,214,143,68083050,0,0,0
bc2206,20220218,20220218,134120500,13:41:23,63710,214,143,68083050,0,0,0
bc2206,20220218,20220218,134121000,13:41:23,63710,214,143,68083050,0,0,0
bc2206,20220218,20220218,134121500,13:41:24,63710,214,143,68083050,0,0,0
bc2206,20220218,20220218,134123000,13:41:24,63710,214,143,68083050,0,0,0
bc2206,20220218,20220218,134123500,13:41:24,63710,214,143,68083050,0,0,0
bc2206,20220218,20220218,134124000,13:41:24,63710,214,143,68083050,0,0,0
bc2206,20220218,20220218,134124500,13:41:26,63710,214,143,68083050,0,0,0
bc2206,20220218,20220218,134125000,13:41:27,63710,214,143,68083050,0,0,0
bc2206,20220218,20220218,134125500,13:41:27,63710,214,143,68083050,0,0,0
bc2206,20220218,20220218,134126500,13:41:27,63710,214,143,68083050,0,0,0
bc2206,20220218,20220218,134127000,13:41:27,63710,214,143,68083050,0,0,0
bc2206,20220218,20220218,134127500,13:41:28,63710,214,143,68083050,0,0,0
bc2206,20220218,20220218,134131500,13:41:32,63710,214,143,68083050,0,0,0
bc2206,20220218,20220218,134132000,13:41:32,63710,214,143,68083050,0,0,0
bc2206,20220218,20220218,134134000,13:41:34,63710,214,143,68083050,0,0,0
bc2206,20220218,20220218,134134500,13:41:34,63710,214,143,68083050,0,0,0
bc2206,20220218,20220218,134135000,13:41:35,63710,214,143,68083050,0,0,0
bc2206,20220218,20220218,134135500,13:41:35,63710,214,143,68083050,0,0,0
bc2206,20220218,20220218,134136000,13:41:39,63710,214,143,68083050,0,0,0
bc2206,20220218,20220218,134139500,13:41:42,63710,214,143,68083050,0,0,0
bc2206,20220218,20220218,134142500,13:41:42,63710,214,143,68083050,0,0,0
bc2206,20220218,20220218,134144000,13:41:44,63710,214,143,68083050,0,0,0
bc2206,20220218,20220218,134146000,13:41:46,63710,214,143,68083050,0,0,0
bc2206,20220218,20220218,134147000,13:41:47,63710,214,143,68083050,0,0,0
bc2206,20220218,20220218,134147500,13:41:48,63710,214,143,68083050,0,0,0
bc2206,20220218,20220218,134148000,13:41:48,63710,214,143,68083050,0,0,0
bc2206,20220218,20220218,134151500,13:41:52,63710,214,143,68083050,0,0,0
bc2206,20220218,20220218,134155000,13:42:06,63710,214,143,68083050,0,0,0
bc2206,20220218,20220218,134201500,13:42:10,63710,214,143,68083050,0,0,0
bc2206,20220218,20220218,134203000,13:42:11,63710,214,143,68083050,0,0,0
bc2206,20220218,20220218,134205500,13:42:12,63710,214,143,68083050,0,0,0
bc2206,20220218,20220218,134211000,13:42:12,63710,214,143,68083050,0,0,0
bc2206,20220218,20220218,134211500,13:42:12,63710,214,143,68083050,0,0,0
bc2206,20220218,20220218,134213500,13:42:14,63710,214,143,68083050,0,0,0
bc2206,20220218,20220218,134215000,13:42:15,63710,214,143,68083050,0,0,0
bc2206,20220218,20220218,134218000,13:42:20,63710,214,143,68083050,0,0,0
bc2206,20220218,20220218,134218500,13:42:20,63710,214,143,68083050,0,0,0
bc2206,20220218,20220218,134219500,13:42:20,63710,214,143,68083050,0,0,0
bc2206,20220218,20220218,134221000,13:42:21,63710,214,143,68083050,0,0,0
bc2206,20220218,20220218,134222500,13:42:22,63710,214,143,68083050,0,0,0
bc2206,20220218,20220218,134224000,13:42:24,63710,214,143,68083050,0,0,0
bc2206,20220218,20220218,134224500,13:42:25,63710,214,143,68083050,0,0,0
bc2206,20220218,20220218,134225500,13:42:25,63710,214,143,68083050,0,0,0
bc2206,20220218,20220218,134226000,13:42:27,63710,214,143,68083050,0,0,0
bc2206,20220218,20220218,134226500,13:42:27,63710,214,143,68083050,0,0,0
bc2206,20220218,20220218,134235000,13:42:35,63710,214,143,68083050,0,0,0
bc2206,20220218,20220218,134244000,13:42:44,63710,214,143,68083050,0,0,0
bc2206,20220218,20220218,134246500,13:42:46,63710,214,143,68083050,0,0,0
bc2206,20220218,20220218,134255500,13:42:55,63710,214,143,68083050,0,0,0
bc2206,20220218,20220218,134256000,13:42:56,63710,214,143,68083050,0,0,0
bc2206,20220218,20220218,134256500,13:42:57,63710,214,143,68083050,0,0,0
bc2206,20220218,20220218,134257000,13:42:59,63710,214,143,68083050,0,0,0
bc2206,20220218,20220218,134258000,13:42:59,63710,214,143,68083050,0,0,0
bc2206,20220218,20220218,134301500,13:43:02,63710,214,143,68083050,0,0,0
bc2206,20220218,20220218,134304000,13:43:11,63710,214,143,68083050,0,0,0
bc2206,20220218,20220218,134304500,13:43:11,63710,214,143,68083050,0,0,0
bc2206,20220218,20220218,134308000,13:43:12,63710,214,143,68083050,0,0,0
bc2206,20220218,20220218,134312000,13:43:14,63710,214,143,68083050,0,0,0
bc2206,20220218,20220218,134312500,13:43:14,63710,214,143,68083050,0,0,0
bc2206,20220218,20220218,134314000,13:43:14,63710,214,143,68083050,0,0,0
bc2206,20220218,20220218,134314500,13:43:15,63710,214,143,68083050,0,0,0
bc2206,20220218,20220218,134315000,13:43:15,63710,214,143,68083050,0,0,0
bc2206,20220218,20220218,134315500,13:43:15,63710,214,143,68083050,0,0,0
bc2206,20220218,20220218,134322000,13:43:22,63710,214,143,68083050,0,0,0
bc2206,20220218,20220218,134325000,13:43:25,63710,214,143,68083050,0,0,0
bc2206,20220218,20220218,134326500,13:43:27,63710,214,143,68083050,0,0,0
bc2206,20220218,20220218,134327000,13:43:27,63710,214,143,68083050,0,0,0
bc2206,20220218,20220218,134328000,13:43:29,63710,214,143,68083050,0,0,0
bc2206,20220218,20220218,134330000,13:43:30,63710,214,143,68083050,0,0,0
bc2206,20220218,20220218,134332500,13:43:32,63710,214,143,68083050,0,0,0
bc2206,20220218,20220218,134335000,13:43:35,63710,214,143,68083050,0,0,0
bc2206,20220218,20220218,134337000,13:43:37,63710,214,143,68083050,0,0,0
bc2206,20220218,20220218,134337500,13:43:37,63710,214,143,68083050,0,0,0
bc2206,20220218,20220218,134338000,13:43:38,63710,214,143,68083050,0,0,0
bc2206,20220218,20220218,134338500,13:43:38,63710,214,143,68083050,0,0,0
bc2206,20220218,20220218,134354500,13:44:04,63710,214,143,68083050,0,0,0
bc2206,20220218,20220218,134356500,13:44:04,63710,214,143,68083050,0,0,0
bc2206,20220218,20220218,134403500,13:44:04,63710,214,143,68083050,0,0,0
bc2206,20220218,20220218,134406500,13:44:06,63710,214,143,68083050,0,0,0
bc2206,20220218,20220218,134409000,13:44:17,63710,214,143,68083050,0,0,0
bc2206,20220218,20220218,134409500,13:44:17,63710,214,143,68083050,0,0,0
bc2206,20220218,20220218,134410500,13:44:17,63710,214,143,68083050,0,0,0
bc2206,20220218,20220218,134416500,13:44:17,63710,214,143,68083050,0,0,0
bc2206,20220218,20220218,134417500,13:44:18,63710,214,143,68083050,0,0,0
bc2206,20220218,20220218,134418000,13:44:18,63710,214,143,68083050,0,0,0
bc2206,20220218,20220218,134418500,13:44:19,63710,214,143,68083050,0,0,0
bc2206,20220218,20220218,134420500,13:44:23,63710,214,143,68083050,0,0,0
bc2206,20220218,20220218,134422000,13:44:23,63710,214,143,68083050,0,0,0
bc2206,20220218,20220218,134423500,13:44:24,63710,214,143,68083050,0,0,0
bc2206,20220218,20220218,134424500,13:44:25,63710,214,143,68083050,0,0,0
bc2206,20220218,20220218,134425000,13:44:25,63710,214,143,68083050,0,0,0
bc2206,20220218,20220218,134425500,13:44:25,63710,214,143,68083050,0,0,0
bc2206,20220218,20220218,134426000,13:44:26,63710,214,143,68083050,0,0,0
bc2206,20220218,20220218,134426500,13:44:26,63710,214,143,68083050,0,0,0
bc2206,20220218,20220218,134427000,13:44:27,63710,214,143,68083050,0,0,0
bc2206,20220218,20220218,134430000,13:44:37,63710,214,143,68083050,0,0,0
bc2206,20220218,20220218,134433500,13:44:37,63710,214,143,68083050,0,0,0
bc2206,20220218,20220218,134438500,13:44:38,63710,214,143,68083050,0,0,0
bc2206,20220218,20220218,134441000,13:44:41,63710,214,143,68083050,0,0,0
bc2206,20220218,20220218,134441500,13:44:42,63710,214,143,68083050,0,0,0
bc2206,20220218,20220218,134442000,13:44:42,63710,214,143,68083050,0,0,0
bc2206,20220218,20220218,134444000,13:44:44,63710,214,143,68083050,0,0,0
bc2206,20220218,20220218,134449000,13:44:49,63710,214,143,68083050,0,0,0
bc2206,20220218,20220218,134449500,13:44:50,63710,214,143,68083050,0,0,0
bc2206,20220218,20220218,134451000,13:44:51,63710,214,143,68083050,0,0,0
bc2206,20220218,20220218,134453500,13:44:54,63710,214,143,68083050,0,0,0
bc2206,20220218,20220218,134454000,13:44:54,63710,214,143,68083050,0,0,0
bc2206,20220218,20220218,134456000,13:44:56,63710,214,143,68083050,0,0,0
bc2206,20220218,20220218,134457000,13:44:57,63710,214,143,68083050,0,0,0
bc2206,20220218,20220218,134459000,13:44:59,63710,214,143,68083050,0,0,0
bc2206,20220218,20220218,134500500,13:45:01,63710,214,143,68083050,0,0,0
bc2206,20220218,20220218,134502500,13:45:03,63710,214,143,68083050,0,0,0
bc2206,20220218,20220218,134504500,13:45:08,63710,214,143,68083050,0,0,0
bc2206,20220218,20220218,134505500,13:45:09,63710,214,143,68083050,0,0,0
bc2206,20220218,20220218,134509000,13:45:10,63710,214,143,68083050,0,0,0
bc2206,20220218,20220218,134512500,13:45:13,63710,214,143,68083050,0,0,0
bc2206,20220218,20220218,134513000,13:45:14,63710,214,143,68083050,0,0,0
bc2206,20220218,20220218,134514000,13:45:15,63710,214,143,68083050,0,0,0
bc2206,20220218,20220218,134517000,13:45:20,63710,214,143,68083050,0,0,0
bc2206,20220218,20220218,134520500,13:45:23,63710,214,143,68083050,0,0,0
bc2206,20220218,20220218,134521500,13:45:24,63710,214,143,68083050,0,0,0
bc2206,20220218,20220218,134525000,13:45:26,63710,214,143,68083050,0,0,0
bc2206,20220218,20220218,134525500,13:45:27,63710,214,143,68083050,0,0,0
bc2206,20220218,20220218,134526000,13:45:27,63710,214,143,68083050,0,0,0
bc2206,20220218,20220218,134526500,13:45:28,63710,214,143,68083050,0,0,0
bc2206,20220218,20220218,134527000,13:45:30,63710,214,143,68083050,0,0,0
bc2206,20220218,20220218,134527500,13:45:30,63710,214,143,68083050,0,0,0
bc2206,20220218,20220218,134528500,13:45:30,63710,214,143,68083050,0,0,0
bc2206,20220218,20220218,134530500,13:45:30,63710,214,143,68083050,0,0,0
bc2206,20220218,20220218,134532000,13:45:32,63710,214,143,68083050,0,0,0
bc2206,20220218,20220218,134532500,13:45:33,63710,214,143,68083050,0,0,0
bc2206,20220218,20220218,134534500,13:45:35,63710,214,143,68083050,0,0,0
bc2206,20220218,20220218,134536000,13:45:36,63710,214,143,68083050,0,0,0
bc2206,20220218,20220218,134545000,13:45:46,63710,214,143,68083050,0,0,0
bc2206,20220218,20220218,134547500,13:45:47,63710,214,143,68083050,0,0,0
bc2206,20220218,20220218,134550500,13:45:54,63710,214,143,68083050,0,0,0
bc2206,20220218,20220218,134553500,13:45:54,63710,214,143,68083050,0,0,0
bc2206,20220218,20220218,134556000,13:46:00,63710,214,143,68083050,0,0,0
bc2206,20220218,20220218,134600000,13:46:01,63710,214,143,68083050,0,0,0
bc2206,20220218,20220218,134603000,13:46:04,63710,214,143,68083050,0,0,0
bc2206,20220218,20220218,134604500,13:46:05,63710,214,143,68083050,0,0,0
bc2206,20220218,20220218,134607500,13:46:08,63710,214,143,68083050,0,0,0
bc2206,20220218,20220218,134608000,13:46:09,63710,214,143,68083050,0,0,0
bc2206,20220218,20220218,134608500,13:46:09,63710,214,143,68083050,0,0,0
bc2206,20220218,20220218,134610500,13:46:11,63710,214,143,68083050,0,0,0
bc2206,20220218,20220218,134612000,13:46:13,63710,214,143,68083050,0,0,0
bc2206,20220218,20220218,134612500,13:46:13,63710,214,143,68083050,0,0,0
bc2206,20220218,20220218,134613500,13:46:14,63710,214,143,68083050,0,0,0
bc2206,20220218,20220218,134615000,13:46:15,63710,214,143,68083050,0,0,0
bc2206,20220218,20220218,134615500,13:46:17,63710,214,143,68083050,0,0,0
bc2206,20220218,20220218,134616500,13:46:18,63710,214,143,68083050,0,0,0
bc2206,20220218,20220218,134618000,13:46:18,63710,214,143,68083050,0,0,0
bc2206,20220218,20220218,134619500,13:46:19,63710,214,143,68083050,0,0,0
bc2206,20220218,20220218,134624500,13:46:31,63710,214,143,68083050,0,0,0
bc2206,20220218,20220218,134630500,13:46:31,63710,214,143,68083050,0,0,0
bc2206,20220218,20220218,134631500,13:46:32,63710,214,143,68083050,0,0,0
bc2206,20220218,20220218,134633000,13:46:33,63710,214,143,68083050,0,0,0
bc2206,20220218,20220218,134637000,13:46:37,63710,214,143,68083050,0,0,0
bc2206,20220218,20220218,134639500,13:46:40,63710,214,143,68083050,0,0,0
bc2206,20220218,20220218,134640000,13:46:41,63710,214,143,68083050,0,0,0
bc2206,20220218,20220218,134640500,13:46:42,63710,214,143,68083050,0,0,0
bc2206,20220218,20220218,134647500,13:46:47,63710,214,143,68083050,0,0,0
bc2206,20220218,20220218,134648000,13:46:48,63710,214,143,68083050,0,0,0
bc2206,20220218,20220218,134650500,13:46:51,63710,214,143,68083050,0,0,0
bc2206,20220218,20220218,134652000,13:46:52,63710,214,143,68083050,0,0,0
bc2206,20220218,20220218,134653500,13:46:54,63710,214,143,68083050,0,0,0
bc2206,20220218,20220218,134654000,13:46:55,63710,214,143,68083050,0,0,0
bc2206,20220218,20220218,134654500,13:46:55,63710,214,143,68083050,0,0,0
bc2206,20220218,20220218,134655000,13:46:55,63710,214,143,68083050,0,0,0
bc2206,20220218,20220218,134655500,13:46:55,63710,214,143,68083050,0,0,0
bc2206,20220218,20220218,134656500,13:46:56,63710,214,143,68083050,0,0,0
bc2206,20220218,20220218,134657500,13:46:57,63710,214,143,68083050,0,0,0
bc2206,20220218,20220218,134658000,13:46:58,63710,214,143,68083050,0,0,0
bc2206,20220218,20220218,134700500,13:47:00,63710,214,143,68083050,0,0,0
bc2206,20220218,20220218,134703000,13:47:03,63710,214,143,68083050,0,0,0
bc2206,20220218,20220218,134703500,13:47:03,63710,214,143,68083050,0,0,0
bc2206,20220218,20220218,134704000,13:47:04,63710,214,143,68083050,0,0,0
bc2206,20220218,20220218,134706500,13:47:10,63710,214,143,68083050,0,0,0
bc2206,20220218,20220218,134708000,13:47:11,63710,214,143,68083050,0,0,0
bc2206,20220218,20220218,134711000,13:47:16,63710,214,143,68083050,0,0,0
bc2206,20220218,20220218,134717500,13:47:19,63710,214,143,68083050,0,0,0
bc2206,20220218,20220218,134719000,13:47:19,63710,214,143,68083050,0,0,0
bc2206,20220218,20220218,134719500,13:47:19,63710,214,143,68083050,0,0,0
bc2206,20220218,20220218,134720000,13:47:20,63710,214,143,68083050,0,0,0
bc2206,20220218,20220218,134720500,13:47:21,63710,214,143,68083050,0,0,0
bc2206,20220218,20220218,134721000,13:47:21,63710,214,143,68083050,0,0,0
bc2206,20220218,20220218,134721500,13:47:22,63710,214,143,68083050,0,0,0
bc2206,20220218,20220218,134723500,13:47:27,63710,214,143,68083050,0,0,0
bc2206,20220218,20220218,134726500,13:47:27,63710,214,143,68083050,0,0,0
bc2206,20220218,20220218,134727000,13:47:27,63710,214,143,68083050,0,0,0
bc2206,20220218,20220218,134727500,13:47:28,63710,214,143,68083050,0,0,0
bc2206,20220218,20220218,134728500,13:47:28,63710,214,143,68083050,0,0,0
bc2206,20220218,20220218,134729000,13:47:29,63710,214,143,68083050,0,0,0
bc2206,20220218,20220218,134729500,13:47:29,63710,214,143,68083050,0,0,0
bc2206,20220218,20220218,134730500,13:47:30,63710,214,143,68083050,0,0,0
bc2206,20220218,20220218,134731500,13:47:31,63710,214,143,68083050,0,0,0
bc2206,20220218,20220218,134732000,13:47:32,63710,214,143,68083050,0,0,0
bc2206,20220218,20220218,134733500,13:47:34,63710,214,143,68083050,0,0,0
bc2206,20220218,20220218,134734000,13:47:35,63710,214,143,68083050,0,0,0
bc2206,20220218,20220218,134734500,13:47:36,63710,214,143,68083050,0,0,0
bc2206,20220218,20220218,134735000,13:47:36,63710,214,143,68083050,0,0,0
bc2206,20220218,20220218,134735500,13:47:36,63710,214,143,68083050,0,0,0
bc2206,20220218,20220218,134736000,13:47:36,63710,214,143,68083050,0,0,0
bc2206,20220218,20220218,134738000,13:47:38,63710,214,143,68083050,0,0,0
bc2206,20220218,20220218,134739500,13:47:40,63710,214,143,68083050,0,0,0
bc2206,20220218,20220218,134742500,13:47:42,63710,214,143,68083050,0,0,0
bc2206,20220218,20220218,134747500,13:47:47,63710,214,143,68083050,0,0,0
bc2206,20220218,20220218,134754000,13:47:54,63710,214,143,68083050,0,0,0
bc2206,20220218,20220218,134756000,13:47:56,63710,214,143,68083050,0,0,0
bc2206,20220218,20220218,134757000,13:47:57,63710,214,143,68083050,0,0,0
bc2206,20220218,20220218,134809000,13:48:09,63710,214,143,68083050,0,0,0
bc2206,20220218,20220218,134817000,13:48:17,63710,214,143,68083050,0,0,0
bc2206,20220218,20220218,134817500,13:48:18,63710,214,143,68083050,0,0,0
bc2206,20220218,20220218,134818000,13:48:19,63710,214,143,68083050,0,0,0
bc2206,20220218,20220218,134818500,13:48:20,63710,214,143,68083050,0,0,0
bc2206,20220218,20220218,134822000,13:48:23,63710,214,143,68083050,0,0,0
bc2206,20220218,20220218,134822500,13:48:23,63710,214,143,68083050,0,0,0
bc2206,20220218,20220218,134823000,13:48:23,63710,214,143,68083050,0,0,0
bc2206,20220218,20220218,134829500,13:48:30,63710,214,143,68083050,0,0,0
bc2206,20220218,20220218,134830000,13:48:30,63710,214,143,68083050,0,0,0
bc2206,20220218,20220218,134837500,13:48:37,63710,214,143,68083050,0,0,0
bc2206,20220218,20220218,134838000,13:48:38,63710,214,143,68083050,0,0,0
bc2206,20220218,20220218,134838500,13:48:38,63710,214,143,68083050,0,0,0
bc2206,20220218,20220218,134839000,13:48:39,63710,214,143,68083050,0,0,0
bc2206,20220218,20220218,134841500,13:48:42,63710,214,143,68083050,0,0,0
bc2206,20220218,20220218,134846000,13:48:46,63710,214,143,68083050,0,0,0
bc2206,20220218,20220218,134846500,13:48:46,63710,214,143,68083050,0,0,0
bc2206,20220218,20220218,134847000,13:48:47,63710,214,143,68083050,0,0,0
bc2206,20220218,20220218,134853500,13:48:54,63710,214,143,68083050,0,0,0
bc2206,20220218,20220218,134854000,13:48:55,63710,214,143,68083050,0,0,0
bc2206,20220218,20220218,134854500,13:48:56,63710,214,143,68083050,0,0,0
bc2206,20220218,20220218,134901500,13:49:02,63710,214,143,68083050,0,0,0
bc2206,20220218,20220218,134904500,13:49:04,63710,214,143,68083050,0,0,0
bc2206,20220218,20220218,134906000,13:49:06,63710,214,143,68083050,0,0,0
bc2206,20220218,20220218,134909000,13:49:09,63710,214,143,68083050,0,0,0
bc2206,20220218,20220218,134909500,13:49:10,63710,214,143,68083050,0,0,0
bc2206,20220218,20220218,134910000,13:49:10,63710,214,143,68083050,0,0,0
bc2206,20220218,20220218,134910500,13:49:10,63710,214,143,68083050,0,0,0
bc2206,20220218,20220218,134911500,13:49:12,63710,214,143,68083050,0,0,0
bc2206,20220218,20220218,134916000,13:49:16,63710,214,143,68083050,0,0,0
bc2206,20220218,20220218,134916500,13:49:17,63710,214,143,68083050,0,0,0
bc2206,20220218,20220218,134917500,13:49:17,63710,214,143,68083050,0,0,0
bc2206,20220218,20220218,134919500,13:49:20,63710,214,143,68083050,0,0,0
bc2206,20220218,20220218,134923500,13:49:24,63710,214,143,68083050,0,0,0
bc2206,20220218,20220218,134924000,13:49:24,63710,214,143,68083050,0,0,0
bc2206,20220218,20220218,134925500,13:49:26,63710,214,143,68083050,0,0,0
bc2206,20220218,20220218,134926000,13:49:26,63710,214,143,68083050,0,0,0
bc2206,20220218,20220218,134926500,13:49:27,63710,214,143,68083050,0,0,0
bc2206,20220218,20220218,134932500,13:49:32,63710,214,143,68083050,0,0,0
bc2206,20220218,20220218,134933500,13:49:34,63710,214,143,68083050,0,0,0
bc2206,20220218,20220218,134934000,13:49:34,63710,214,143,68083050,0,0,0
bc2206,20220218,20220218,134935500,13:49:36,63710,214,143,68083050,0,0,0
bc2206,20220218,20220218,134941500,13:49:42,63710,214,143,68083050,0,0,0
bc2206,20220218,20220218,134942000,13:49:42,63710,214,143,68083050,0,0,0
bc2206,20220218,20220218,134942500,13:49:42,63710,214,143,68083050,0,0,0
bc2206,20220218,20220218,134944000,13:49:44,63710,214,143,68083050,0,0,0
bc2206,20220218,20220218,134946000,13:49:46,63710,214,143,68083050,0,0,0
bc2206,20220218,20220218,134948500,13:49:48,63710,214,143,68083050,0,0,0
bc2206,20220218,20220218,134949500,13:49:50,63710,214,143,68083050,0,0,0
bc2206,20220218,20220218,134950000,13:49:50,63710,214,143,68083050,0,0,0
bc2206,20220218,20220218,134951500,13:49:52,63710,214,143,68083050,0,0,0
bc2206,20220218,20220218,134953000,13:49:54,63710,214,143,68083050,0,0,0
bc2206,20220218,20220218,134954500,13:49:55,63710,214,143,68083050,0,0,0
bc2206,20220218,20220218,134956000,13:49:56,63710,214,143,68083050,0,0,0
bc2206,20220218,20220218,134957500,13:49:57,63710,214,143,68083050,0,0,0
bc2206,20220218,20220218,134958000,13:49:58,63710,214,143,68083050,0,0,0
bc2206,20220218,20220218,134958500,13:49:59,63710,214,143,68083050,0,0,0
bc2206,20220218,20220218,135000000,13:50:00,63710,214,143,68083050,0,0,0
bc2206,20220218,20220218,135004000,13:50:04,63710,214,143,68083050,0,0,0
bc2206,20220218,20220218,135004500,13:50:04,63710,214,143,68083050,0,0,0
bc2206,20220218,20220218,135005500,13:50:06,63710,214,143,68083050,0,0,0
bc2206,20220218,20220218,135006000,13:50:06,63710,214,143,68083050,0,0,0
bc2206,20220218,20220218,135006500,13:50:07,63710,214,143,68083050,0,0,0
bc2206,20220218,20220218,135007000,13:50:07,63710,214,143,68083050,0,0,0
bc2206,20220218,20220218,135007500,13:50:09,63710,214,143,68083050,0,0,0
bc2206,20220218,20220218,135008000,13:50:25,63710,214,143,68083050,0,0,0
bc2206,20220218,20220218,135009000,13:50:26,63710,214,143,68083050,0,0,0
bc2206,20220218,20220218,135023000,13:50:27,63710,214,143,68083050,0,0,0
bc2206,20220218,20220218,135026500,13:50:33,63710,214,143,68083050,0,0,0
bc2206,20220218,20220218,135029500,13:50:35,63710,214,143,68083050,0,0,0
bc2206,20220218,20220218,135034000,13:50:37,63710,214,143,68083050,0,0,0
bc2206,20220218,20220218,135035000,13:50:37,63710,214,143,68083050,0,0,0
bc2206,20220218,20220218,135037000,13:50:38,63710,214,143,68083050,0,0,0
bc2206,20220218,20220218,135038000,13:50:39,63710,214,143,68083050,0,0,0
bc2206,20220218,20220218,135038500,13:50:39,63710,214,143,68083050,0,0,0
bc2206,20220218,20220218,135040500,13:50:41,63710,214,143,68083050,0,0,0
bc2206,20220218,20220218,135042000,13:50:43,63710,214,143,68083050,0,0,0
bc2206,20220218,20220218,135043500,13:50:45,63710,214,143,68083050,0,0,0
bc2206,20220218,20220218,135045000,13:50:45,63710,214,143,68083050,0,0,0
bc2206,20220218,20220218,135049000,13:50:49,63710,214,143,68083050,0,0,0
bc2206,20220218,20220218,135050500,13:50:51,63710,214,143,68083050,0,0,0
bc2206,20220218,20220218,135052000,13:50:52,63710,214,143,68083050,0,0,0
bc2206,20220218,20220218,135052500,13:50:53,63710,214,143,68083050,0,0,0
bc2206,20220218,20220218,135056000,13:50:56,63710,214,143,68083050,0,0,0
bc2206,20220218,20220218,135057500,13:50:58,63710,214,143,68083050,0,0,0
bc2206,20220218,20220218,135100000,13:51:00,63710,214,143,68083050,0,0,0
bc2206,20220218,20220218,135100500,13:51:01,63710,214,143,68083050,0,0,0
bc2206,20220218,20220218,135101000,13:51:01,63710,214,143,68083050,0,0,0
bc2206,20220218,20220218,135101500,13:51:01,63710,214,143,68083050,0,0,0
bc2206,20220218,20220218,135103500,13:51:04,63710,214,143,68083050,0,0,0
bc2206,20220218,20220218,135106000,13:51:06,63710,214,143,68083050,0,0,0
bc2206,20220218,20220218,135107500,13:51:21,63710,214,143,68083050,0,0,0
bc2206,20220218,20220218,135117500,13:51:21,63710,214,143,68083050,0,0,0
bc2206,20220218,20220218,135124000,13:51:24,63710,214,143,68083050,0,0,0
bc2206,20220218,20220218,135124500,13:51:24,63710,214,143,68083050,0,0,0
bc2206,20220218,20220218,135125000,13:51:25,63710,214,143,68083050,0,0,0
bc2206,20220218,20220218,135125500,13:51:26,63710,214,143,68083050,0,0,0
bc2206,20220218,20220218,135126000,13:51:27,63710,214,143,68083050,0,0,0
bc2206,20220218,20220218,135127500,13:51:28,63710,214,143,68083050,0,0,0
bc2206,20220218,20220218,135129000,13:51:29,63710,214,143,68083050,0,0,0
bc2206,20220218,20220218,135130500,13:51:31,63710,214,143,68083050,0,0,0
bc2206,20220218,20220218,135131000,13:51:31,63710,214,143,68083050,0,0,0
bc2206,20220218,20220218,135132000,13:51:32,63710,214,143,68083050,0,0,0
bc2206,20220218,20220218,135132500,13:51:33,63710,214,143,68083050,0,0,0
bc2206,20220218,20220218,135133500,13:51:33,63710,214,143,68083050,0,0,0
bc2206,20220218,20220218,135135000,13:51:35,63710,214,143,68083050,0,0,0
bc2206,20220218,20220218,135136500,13:51:36,63710,214,143,68083050,0,0,0
bc2206,20220218,20220218,135140500,13:51:40,63710,214,143,68083050,0,0,0
bc2206,20220218,20220218,135144500,13:51:44,63710,214,143,68083050,0,0,0
bc2206,20220218,20220218,135147500,13:51:48,63710,214,143,68083050,0,0,0
bc2206,20220218,20220218,135154000,13:51:54,63710,214,143,68083050,0,0,0
bc2206,20220218,20220218,135200000,13:52:00,63710,214,143,68083050,0,0,0
bc2206,20220218,20220218,135201000,13:52:01,63710,214,143,68083050,0,0,0
bc2206,20220218,20220218,135201500,13:52:03,63710,214,143,68083050,0,0,0
bc2206,20220218,20220218,135202000,13:52:03,63710,214,143,68083050,0,0,0
bc2206,20220218,20220218,135202500,13:52:03,63710,214,143,68083050,0,0,0
bc2206,20220218,20220218,135203000,13:52:03,63710,214,143,68083050,0,0,0
bc2206,20220218,20220218,135203500,13:52:04,63710,214,143,68083050,0,0,0
bc2206,20220218,20220218,135205500,13:52:06,63710,214,143,68083050,0,0,0
bc2206,20220218,20220218,135207000,13:52:09,63710,214,143,68083050,0,0,0
bc2206,20220218,20220218,135207500,13:52:10,63710,214,143,68083050,0,0,0
bc2206,20220218,20220218,135208000,13:52:10,63710,214,143,68083050,0,0,0
bc2206,20220218,20220218,135209000,13:52:10,63710,214,143,68083050,0,0,0
bc2206,20220218,20220218,135210000,13:52:11,63710,214,143,68083050,0,0,0
bc2206,20220218,20220218,135211500,13:52:12,63710,214,143,68083050,0,0,0
bc2206,20220218,20220218,135215500,13:52:15,63710,214,143,68083050,0,0,0
bc2206,20220218,20220218,135216500,13:52:17,63710,214,143,68083050,0,0,0
bc2206,20220218,20220218,135218000,13:52:19,63710,214,143,68083050,0,0,0
bc2206,20220218,20220218,135221000,13:52:24,63710,214,143,68083050,0,0,0
bc2206,20220218,20220218,135223500,13:52:24,63710,214,143,68083050,0,0,0
bc2206,20220218,20220218,135224000,13:52:24,63710,214,143,68083050,0,0,0
bc2206,20220218,20220218,135231000,13:52:32,63710,214,143,68083050,0,0,0
bc2206,20220218,20220218,135232000,13:52:32,63710,214,143,68083050,0,0,0
bc2206,20220218,20220218,135233000,13:52:33,63710,214,143,68083050,0,0,0
bc2206,20220218,20220218,135233500,13:52:33,63710,214,143,68083050,0,0,0
bc2206,20220218,20220218,135240000,13:52:45,63710,214,143,68083050,0,0,0
bc2206,20220218,20220218,135244500,13:52:46,63710,214,143,68083050,0,0,0
bc2206,20220218,20220218,135247000,13:52:48,63710,214,143,68083050,0,0,0
bc2206,20220218,20220218,135248000,13:52:48,63710,214,143,68083050,0,0,0
bc2206,20220218,20220218,135248500,13:52:49,63710,214,143,68083050,0,0,0
bc2206,20220218,20220218,135249000,13:52:49,63710,214,143,68083050,0,0,0
bc2206,20220218,20220218,135249500,13:52:50,63710,214,143,68083050,0,0,0
bc2206,20220218,20220218,135250000,13:52:50,63710,214,143,68083050,0,0,0
bc2206,20220218,20220218,135251000,13:52:51,63710,214,143,68083050,0,0,0
bc2206,20220218,20220218,135254000,13:52:54,63710,214,143,68083050,0,0,0
bc2206,20220218,20220218,135255000,13:52:55,63710,214,143,68083050,0,0,0
bc2206,20220218,20220218,135255500,13:52:55,63710,214,143,68083050,0,0,0
bc2206,20220218,20220218,135256000,13:52:56,63710,214,143,68083050,0,0,0
bc2206,20220218,20220218,135256500,13:52:57,63710,214,143,68083050,0,0,0
bc2206,20220218,20220218,135257500,13:52:57,63710,214,143,68083050,0,0,0
bc2206,20220218,20220218,135259500,13:53:00,63710,214,143,68083050,0,0,0
bc2206,20220218,20220218,135301000,13:53:01,63710,214,143,68083050,0,0,0
bc2206,20220218,20220218,135302500,13:53:03,63710,214,143,68083050,0,0,0
bc2206,20220218,20220218,135303000,13:53:03,63710,214,143,68083050,0,0,0
bc2206,20220218,20220218,135303500,13:53:04,63710,214,143,68083050,0,0,0
bc2206,20220218,20220218,135304000,13:53:05,63710,214,143,68083050,0,0,0
bc2206,20220218,20220218,135304500,13:53:06,63710,214,143,68083050,0,0,0
bc2206,20220218,20220218,135305000,13:53:06,63710,214,143,68083050,0,0,0
bc2206,20220218,20220218,135305500,13:53:08,63710,214,143,68083050,0,0,0
bc2206,20220218,20220218,135306000,13:53:08,63710,214,143,68083050,0,0,0
bc2206,20220218,20220218,135306500,13:53:09,63710,214,143,68083050,0,0,0
bc2206,20220218,20220218,135307000,13:53:09,63710,214,143,68083050,0,0,0
bc2206,20220218,20220218,135308000,13:53:09,63710,214,143,68083050,0,0,0
bc2206,20220218,20220218,135310500,13:53:10,63710,214,143,68083050,0,0,0
bc2206,20220218,20220218,135312500,13:53:13,63710,214,143,68083050,0,0,0
bc2206,20220218,20220218,135314000,13:53:14,63710,214,143,68083050,0,0,0
bc2206,20220218,20220218,135314500,13:53:15,63710,214,143,68083050,0,0,0
bc2206,20220218,20220218,135315000,13:53:15,63710,214,143,68083050,0,0,0
bc2206,20220218,20220218,135315500,13:53:15,63710,214,143,68083050,0,0,0
bc2206,20220218,20220218,135316000,13:53:16,63710,214,143,68083050,0,0,0
bc2206,20220218,20220218,135316500,13:53:20,63710,214,143,68083050,0,0,0
bc2206,20220218,20220218,135317000,13:53:20,63710,214,143,68083050,0,0,0
bc2206,20220218,20220218,135317500,13:53:20,63710,214,143,68083050,0,0,0
bc2206,20220218,20220218,135319500,13:53:20,63710,214,143,68083050,0,0,0
bc2206,20220218,20220218,135320000,13:53:20,63710,214,143,68083050,0,0,0
bc2206,20220218,20220218,135320500,13:53:21,63710,214,143,68083050,0,0,0
bc2206,20220218,20220218,135321000,13:53:21,63710,214,143,68083050,0,0,0
bc2206,20220218,20220218,135321500,13:53:21,63710,214,143,68083050,0,0,0
bc2206,20220218,20220218,135322000,13:53:22,63710,214,143,68083050,0,0,0
bc2206,20220218,20220218,135322500,13:53:23,63710,214,143,68083050,0,0,0
bc2206,20220218,20220218,135323000,13:53:23,63710,214,143,68083050,0,0,0
bc2206,20220218,20220218,135323500,13:53:23,63710,214,143,68083050,0,0,0
bc2206,20220218,20220218,135324000,13:53:24,63710,214,143,68083050,0,0,0
bc2206,20220218,20220218,135324500,13:53:26,63710,214,143,68083050,0,0,0
bc2206,20220218,20220218,135325500,13:53:26,63710,214,143,68083050,0,0,0
bc2206,20220218,20220218,135326000,13:53:26,63710,214,143,68083050,0,0,0
bc2206,20220218,20220218,135326500,13:53:26,63710,214,143,68083050,0,0,0
bc2206,20220218,20220218,135327000,13:53:27,63710,214,143,68083050,0,0,0
bc2206,20220218,20220218,135327500,13:53:28,63710,214,143,68083050,0,0,0
bc2206,20220218,20220218,135328000,13:53:28,63710,214,143,68083050,0,0,0
bc2206,20220218,20220218,135328500,13:53:29,63710,214,143,68083050,0,0,0
bc2206,20220218,20220218,135329000,13:53:29,63710,214,143,68083050,0,0,0
bc2206,20220218,20220218,135329500,13:53:29,63710,214,143,68083050,0,0,0
bc2206,20220218,20220218,135330000,13:53:30,63710,214,143,68083050,0,0,0
bc2206,20220218,20220218,135330500,13:53:31,63710,214,143,68083050,0,0,0
bc2206,20220218,20220218,135331000,13:53:31,63710,214,143,68083050,0,0,0
bc2206,20220218,20220218,135332000,13:53:32,63710,214,143,68083050,0,0,0
bc2206,20220218,20220218,135333000,13:53:33,63710,214,143,68083050,0,0,0
bc2206,20220218,20220218,135333500,13:53:33,63710,214,143,68083050,0,0,0
bc2206,20220218,20220218,135334000,13:53:35,63710,214,143,68083050,0,0,0
bc2206,20220218,20220218,135335000,13:53:36,63710,214,143,68083050,0,0,0
bc2206,20220218,20220218,135335500,13:53:36,63710,214,143,68083050,0,0,0
bc2206,20220218,20220218,135336000,13:53:44,63710,214,143,68083050,0,0,0
bc2206,20220218,20220218,135336500,13:53:44,63710,214,143,68083050,0,0,0
bc2206,20220218,20220218,135337000,13:53:45,63710,214,143,68083050,0,0,0
bc2206,20220218,20220218,135344000,13:53:45,63710,214,143,68083050,0,0,0
bc2206,20220218,20220218,135344500,13:53:46,63710,214,143,68083050,0,0,0
bc2206,20220218,20220218,135345000,13:53:46,63710,214,143,68083050,0,0,0
bc2206,20220218,20220218,135346000,13:53:47,63710,214,143,68083050,0,0,0
bc2206,20220218,20220218,135346500,13:53:47,63710,214,143,68083050,0,0,0
bc2206,20220218,20220218,135347000,13:53:47,63710,214,143,68083050,0,0,0
bc2206,20220218,20220218,135347500,13:53:47,63710,214,143,68083050,0,0,0
bc2206,20220218,20220218,135348000,13:53:48,63710,214,143,68083050,0,0,0
bc2206,20220218,20220218,135348500,13:53:48,63710,214,143,68083050,0,0,0
bc2206,20220218,20220218,135349000,13:53:49,63710,214,143,68083050,0,0,0
bc2206,20220218,20220218,135349500,13:53:50,63710,214,143,68083050,0,0,0
bc2206,20220218,20220218,135351000,13:53:53,63710,214,143,68083050,0,0,0
bc2206,20220218,20220218,135351500,13:53:53,63710,214,143,68083050,0,0,0
bc2206,20220218,20220218,135353000,13:53:53,63710,214,143,68083050,0,0,0
bc2206,20220218,20220218,135355000,13:53:55,63710,214,143,68083050,0,0,0
bc2206,20220218,20220218,135358500,13:54:00,63710,214,143,68083050,0,0,0
bc2206,20220218,20220218,135359500,13:54:08,63710,214,143,68083050,0,0,0
bc2206,20220218,20220218,135400000,13:54:08,63710,214,143,68083050,0,0,0
bc2206,20220218,20220218,135400500,13:54:08,63710,214,143,68083050,0,0,0
bc2206,20220218,20220218,135401000,13:54:09,63710,214,143,68083050,0,0,0
bc2206,20220218,20220218,135407500,13:54:09,63710,214,143,68083050,0,0,0
bc2206,20220218,20220218,135409000,13:54:10,63710,214,143,68083050,0,0,0
bc2206,20220218,20220218,135410500,13:54:11,63710,214,143,68083050,0,0,0
bc2206,20220218,20220218,135412500,13:54:13,63710,214,143,68083050,0,0,0
bc2206,20220218,20220218,135414000,13:54:14,63710,214,143,68083050,0,0,0
bc2206,20220218,20220218,135415500,13:54:15,63710,214,143,68083050,0,0,0
bc2206,20220218,20220218,135416000,13:54:16,63710,214,143,68083050,0,0,0
bc2206,20220218,20220218,135416500,13:54:16,63710,214,143,68083050,0,0,0
bc2206,20220218,20220218,135417000,13:54:17,63710,214,143,68083050,0,0,0
bc2206,20220218,20220218,135419000,13:54:19,63710,214,143,68083050,0,0,0
bc2206,20220218,20220218,135420000,13:54:20,63710,214,143,68083050,0,0,0
bc2206,20220218,20220218,135420500,13:54:21,63710,214,143,68083050,0,0,0
bc2206,20220218,20220218,135421000,13:54:21,63710,214,143,68083050,0,0,0
bc2206,20220218,20220218,135421500,13:54:21,63710,214,143,68083050,0,0,0
bc2206,20220218,20220218,135422000,13:54:22,63710,214,143,68083050,0,0,0
bc2206,20220218,20220218,135422500,13:54:22,63710,214,143,68083050,0,0,0
bc2206,20220218,20220218,135423000,13:54:23,63710,214,143,68083050,0,0,0
bc2206,20220218,20220218,135423500,13:54:23,63710,214,143,68083050,0,0,0
bc2206,20220218,20220218,135424000,13:54:24,63710,214,143,68083050,0,0,0
bc2206,20220218,20220218,135425000,13:54:25,63710,214,143,68083050,0,0,0
bc2206,20220218,20220218,135425500,13:54:26,63710,214,143,68083050,0,0,0
bc2206,20220218,20220218,135426500,13:54:27,63710,214,143,68083050,0,0,0
bc2206,20220218,20220218,135427000,13:54:28,63710,214,143,68083050,0,0,0
bc2206,20220218,20220218,135428000,13:54:30,63710,214,143,68083050,0,0,0
bc2206,20220218,20220218,135428500,13:54:30,63710,214,143,68083050,0,0,0
bc2206,20220218,20220218,135429000,13:54:31,63710,214,143,68083050,0,0,0
bc2206,20220218,20220218,135430000,13:54:31,63710,214,143,68083050,0,0,0
bc2206,20220218,20220218,135430500,13:54:31,63710,214,143,68083050,0,0,0
bc2206,20220218,20220218,135431000,13:54:32,63710,214,143,68083050,0,0,0
bc2206,20220218,20220218,135431500,13:54:32,63710,214,143,68083050,0,0,0
bc2206,20220218,20220218,135432000,13:54:32,63710,214,143,68083050,0,0,0
bc2206,20220218,20220218,135432500,13:54:33,63710,214,143,68083050,0,0,0
bc2206,20220218,20220218,135433500,13:54:34,63710,214,143,68083050,0,0,0
bc2206,20220218,20220218,135437000,13:54:37,63710,214,143,68083050,0,0,0
bc2206,20220218,20220218,135438500,13:54:39,63710,214,143,68083050,0,0,0
bc2206,20220218,20220218,135439000,13:54:39,63710,214,143,68083050,0,0,0
bc2206,20220218,20220218,135442500,13:54:44,63710,214,143,68083050,0,0,0
bc2206,20220218,20220218,135444000,13:54:44,63710,214,143,68083050,0,0,0
bc2206,20220218,20220218,135447000,13:54:47,63710,214,143,68083050,0,0,0
bc2206,20220218,20220218,135447500,13:54:47,63710,214,143,68083050,0,0,0
bc2206,20220218,20220218,135448000,13:54:48,63710,214,143,68083050,0,0,0
bc2206,20220218,20220218,135448500,13:54:48,63710,214,143,68083050,0,0,0
bc2206,20220218,20220218,135452000,13:54:52,63710,214,143,68083050,0,0,0
bc2206,20220218,20220218,135453500,13:54:54,63710,214,143,68083050,0,0,0
bc2206,20220218,20220218,135455000,13:54:55,63710,214,143,68083050,0,0,0
bc2206,20220218,20220218,135458000,13:54:58,63710,214,143,68083050,0,0,0
bc2206,20220218,20220218,135458500,13:54:59,63710,214,143,68083050,0,0,0
bc2206,20220218,20220218,135501500,13:55:03,63710,214,143,68083050,0,0,0
bc2206,20220218,20220218,135503000,13:55:03,63710,214,143,68083050,0,0,0
bc2206,20220218,20220218,135503500,13:55:03,63710,214,143,68083050,0,0,0
bc2206,20220218,20220218,135504500,13:55:05,63710,214,143,68083050,0,0,0
bc2206,20220218,20220218,135505000,13:55:05,63710,214,143,68083050,0,0,0
bc2206,20220218,20220218,135507500,13:55:11,63710,214,143,68083050,0,0,0
bc2206,20220218,20220218,135508000,13:55:12,63710,214,143,68083050,0,0,0
bc2206,20220218,20220218,135511500,13:55:12,63710,214,143,68083050,0,0,0
bc2206,20220218,20220218,135512500,13:55:13,63710,214,143,68083050,0,0,0
bc2206,20220218,20220218,135514500,13:55:15,63710,214,143,68083050,0,0,0
bc2206,20220218,20220218,135518500,13:55:24,63710,214,143,68083050,0,0,0
bc2206,20220218,20220218,135523500,13:55:25,63710,214,143,68083050,0,0,0
bc2206,20220218,20220218,135526500,13:55:27,63710,214,143,68083050,0,0,0
bc2206,20220218,20220218,135527000,13:55:27,63710,214,143,68083050,0,0,0
bc2206,20220218,20220218,135527500,13:55:28,63710,214,143,68083050,0,0,0
bc2206,20220218,20220218,135528000,13:55:28,63710,214,143,68083050,0,0,0
bc2206,20220218,20220218,135534500,13:55:34,63710,214,143,68083050,0,0,0
bc2206,20220218,20220218,135535500,13:55:36,63710,214,143,68083050,0,0,0
bc2206,20220218,20220218,135536000,13:55:36,63710,214,143,68083050,0,0,0
bc2206,20220218,20220218,135538000,13:55:38,63710,214,143,68083050,0,0,0
bc2206,20220218,20220218,135538500,13:55:39,63710,214,143,68083050,0,0,0
bc2206,20220218,20220218,135542000,13:55:42,63710,214,143,68083050,0,0,0
bc2206,20220218,20220218,135542500,13:55:42,63710,214,143,68083050,0,0,0
bc2206,20220218,20220218,135546000,13:55:46,63710,214,143,68083050,0,0,0
bc2206,20220218,20220218,135546500,13:55:47,63710,214,143,68083050,0,0,0
bc2206,20220218,20220218,135547000,13:55:47,63710,214,143,68083050,0,0,0
bc2206,20220218,20220218,135547500,13:55:48,63710,214,143,68083050,0,0,0
bc2206,20220218,20220218,135550000,13:55:50,63710,214,143,68083050,0,0,0
bc2206,20220218,20220218,135555000,13:55:55,63710,214,143,68083050,0,0,0
bc2206,20220218,20220218,135557500,13:55:58,63710,214,143,68083050,0,0,0
bc2206,20220218,20220218,135558000,13:55:58,63710,214,143,68083050,0,0,0
bc2206,20220218,20220218,135559000,13:55:59,63710,214,143,68083050,0,0,0
bc2206,20220218,20220218,135600500,13:56:02,63710,214,143,68083050,0,0,0
