bc2204,20220218,20220218,112003000,11:20:04,63830,9104,10417,2897723650,9104,94,2897723650
bc2204,20220218,20220218,112004500,11:20:09,63830,9104,10417,2897723650,0,0,0
bc2204,20220218,20220218,112006000,11:20:10,63830,9104,10417,2897723650,0,0,0
bc2204,20220218,20220218,112006500,11:20:10,63830,9104,10417,2897723650,0,0,0
bc2204,20220218,20220218,112007000,11:20:10,63830,9104,10417,2897723650,0,0,0
bc2204,20220218,20220218,112007500,11:20:10,63830,9104,10417,2897723650,0,0,0
bc2204,20220218,20220218,112008000,11:20:10,63830,9104,10417,2897723650,0,0,0
bc2204,20220218,20220218,112008500,11:20:10,63830,9104,10417,2897723650,0,0,0
bc2204,20220218,20220218,112009000,11:20:10,63830,9104,10417,2897723650,0,0,0
bc2204,20220218,20220218,112010000,11:20:10,63830,9104,10417,2897723650,0,0,0
bc2204,20220218,20220218,112010500,11:20:10,63830,9104,10417,2897723650,0,0,0
bc2204,20220218,20220218,112011000,11:20:11,63830,9104,10417,2897723650,0,0,0
bc2204,20220218,20220218,112011500,11:20:12,63830,9104,10417,2897723650,0,0,0
bc2204,20220218,20220218,112012500,11:20:12,63830,9104,10417,2897723650,0,0,0
bc2204,20220218,20220218,112013000,11:20:13,63830,9104,10417,2897723650,0,0,0
bc2204,20220218,20220218,112013500,11:20:13,63830,9104,10417,2897723650,0,0,0
bc2204,20220218,20220218,112016000,11:20:16,63830,9104,10417,2897723650,0,0,0
bc2204,20220218,20220218,112017500,11:20:17,63830,9104,10417,2897723650,0,0,0
bc2204,20220218,20220218,112018000,11:20:18,63830,9104,10417,2897723650,0,0,0
bc2204,20220218,20220218,112018500,11:20:18,63830,9104,10417,2897723650,0,0,0
bc2204,20220218,20220218,112019000,11:20:19,63830,9104,10417,2897723650,0,0,0
bc2204,20220218,20220218,112019500,11:20:20,63830,9104,10417,2897723650,0,0,0
bc2204,20220218,20220218,112020000,11:20:20,63830,9104,10417,2897723650,0,0,0
bc2204,20220218,20220218,112020500,11:20:20,63830,9104,10417,2897723650,0,0,0
bc2204,20220218,20220218,112021000,11:20:21,63830,9104,10417,2897723650,0,0,0
bc2204,20220218,20220218,112021500,11:20:21,63830,9104,10417,2897723650,0,0,0
bc2204,20220218,20220218,112022000,11:20:22,63830,9104,10417,2897723650,0,0,0
bc2204,20220218,20220218,112022500,11:20:23,63830,9104,10417,2897723650,0,0,0
bc2204,20220218,20220218,112023000,11:20:23,63830,9104,10417,2897723650,0,0,0
bc2204,20220218,20220218,112026500,11:20:26,63830,9104,10417,2897723650,0,0,0
bc2204,20220218,20220218,112027000,11:20:27,63850,9111,10418,2899958350,7,1,2234700
bc2204,20220218,20220218,112027500,11:20:28,63850,9111,10418,2899958350,0,0,0
bc2204,20220218,20220218,112028000,11:20:28,63850,9112,10418,2900277600,1,0,319250
bc2204,20220218,20220218,112028500,11:20:28,63850,9112,10418,2900277600,0,0,0
bc2204,20220218,20220218,112029000,11:20:29,63850,9112,10418,2900277600,0,0,0
bc2204,20220218,20220218,112029500,11:20:31,63850,9112,10418,2900277600,0,0,0
bc2204,20220218,20220218,112030000,11:20:31,63850,9112,10418,2900277600,0,0,0
bc2204,20220218,20220218,112030500,11:20:31,63850,9112,10418,2900277600,0,0,0
bc2204,20220218,20220218,112031000,11:20:32,63850,9112,10418,2900277600,0,0,0
bc2204,20220218,20220218,112031500,11:20:32,63850,9112,10418,2900277600,0,0,0
bc2204,20220218,20220218,112032000,11:20:32,63850,9112,10418,2900277600,0,0,0
bc2204,20220218,20220218,112032500,11:20:32,63850,9112,10418,2900277600,0,0,0
bc2204,20220218,20220218,112033000,11:20:33,63850,9112,10418,2900277600,0,0,0
bc2204,20220218,20220218,112033500,11:20:33,63840,9114,10420,2900916000,2,2,638400
bc2204,20220218,20220218,112034000,11:20:34,63840,9114,10420,2900916000,0,0,0
bc2204,20220218,20220218,112034500,11:20:34,63840,9114,10420,2900916000,0,0,0
bc2204,20220218,20220218,112036500,11:20:37,63840,9114,10420,2900916000,0,0,0
bc2204,20220218,20220218,112037000,11:20:37,63840,9114,10420,2900916000,0,0,0
bc2204,20220218,20220218,112037500,11:20:38,63840,9114,10420,2900916000,0,0,0
bc2204,20220218,20220218,112038000,11:20:38,63840,9114,10420,2900916000,0,0,0
bc2204,20220218,20220218,112038500,11:20:38,63840,9114,10420,2900916000,0,0,0
bc2204,20220218,20220218,112039000,11:20:39,63840,9114,10420,2900916000,0,0,0
bc2204,20220218,20220218,112039500,11:20:40,63840,9114,10420,2900916000,0,0,0
bc2204,20220218,20220218,112040000,11:20:40,63840,9114,10420,2900916000,0,0,0
bc2204,20220218,20220218,112040500,11:20:41,63840,9114,10420,2900916000,0,0,0
bc2204,20220218,20220218,112041000,11:20:41,63840,9114,10420,2900916000,0,0,0
bc2204,20220218,20220218,112042500,11:20:43,63860,9116,10418,2901554550,2,-2,638550
bc2204,20220218,20220218,112043000,11:20:43,63860,9116,10418,2901554550,0,0,0
bc2204,20220218,20220218,112043500,11:20:44,63850,9117,10418,2901873800,1,0,319250
bc2204,20220218,20220218,112044000,11:20:44,63850,9117,10418,2901873800,0,0,0
bc2204,20220218,20220218,112044500,11:20:45,63850,9117,10418,2901873800,0,0,0
bc2204,20220218,20220218,112045000,11:20:45,63850,9117,10418,2901873800,0,0,0
bc2204,20220218,20220218,112045500,11:20:46,63850,9117,10418,2901873800,0,0,0
bc2204,20220218,20220218,112048000,11:20:48,63850,9117,10418,2901873800,0,0,0
bc2204,20220218,20220218,112048500,11:20:50,63850,9117,10418,2901873800,0,0,0
bc2204,20220218,20220218,112049000,11:20:50,63850,9117,10418,2901873800,0,0,0
bc2204,20220218,20220218,112049500,11:20:50,63850,9117,10418,2901873800,0,0,0
bc2204,20220218,20220218,112050500,11:20:51,63850,9117,10418,2901873800,0,0,0
bc2204,20220218,20220218,112051000,11:20:51,63850,9117,10418,2901873800,0,0,0
bc2204,20220218,20220218,112051500,11:20:51,63850,9117,10418,2901873800,0,0,0
bc2204,20220218,20220218,112052500,11:20:53,63850,9117,10418,2901873800,0,0,0
bc2204,20220218,20220218,112053000,11:20:53,63850,9117,10418,2901873800,0,0,0
bc2204,20220218,20220218,112053500,11:20:53,63850,9117,10418,2901873800,0,0,0
bc2204,20220218,20220218,112054500,11:20:55,63850,9117,10418,2901873800,0,0,0
bc2204,20220218,20220218,112055000,11:20:55,63850,9117,10418,2901873800,0,0,0
bc2204,20220218,20220218,112055500,11:20:56,63850,9117,10418,2901873800,0,0,0
bc2204,20220218,20220218,112056000,11:20:56,63850,9117,10418,2901873800,0,0,0
bc2204,20220218,20220218,112056500,11:20:56,63850,9117,10418,2901873800,0,0,0
bc2204,20220218,20220218,112057000,11:20:58,63850,9117,10418,2901873800,0,0,0
bc2204,20220218,20220218,112057500,11:20:58,63850,9117,10418,2901873800,0,0,0
bc2204,20220218,20220218,112058000,11:20:59,63850,9117,10418,2901873800,0,0,0
bc2204,20220218,20220218,112101000,11:21:01,63850,9117,10418,2901873800,0,0,0
bc2204,20220218,20220218,112101500,11:21:02,63850,9117,10418,2901873800,0,0,0
bc2204,20220218,20220218,112102000,11:21:02,63850,9117,10418,2901873800,0,0,0
bc2204,20220218,20220218,112102500,11:21:03,63850,9117,10418,2901873800,0,0,0
bc2204,20220218,20220218,112103000,11:21:03,63850,9117,10418,2901873800,0,0,0
bc2204,20220218,20220218,112103500,11:21:04,63850,9117,10418,2901873800,0,0,0
bc2204,20220218,20220218,112107000,11:21:10,63850,9120,10418,2902831550,3,0,957750
bc2204,20220218,20220218,112107500,11:21:10,63850,9120,10418,2902831550,0,0,0
bc2204,20220218,20220218,112108000,11:21:10,63850,9120,10418,2902831550,0,0,0
bc2204,20220218,20220218,112111500,11:21:12,63850,9120,10418,2902831550,0,0,0
bc2204,20220218,20220218,112113000,11:21:13,63850,9120,10418,2902831550,0,0,0
bc2204,20220218,20220218,112114000,11:21:14,63850,9120,10418,2902831550,0,0,0
bc2204,20220218,20220218,112116500,11:21:17,63860,9122,10417,2903470150,2,-1,638600
bc2204,20220218,20220218,112117000,11:21:17,63870,9123,10416,2903789500,1,-1,319350
bc2204,20220218,20220218,112117500,11:21:18,63870,9133,10422,2906983000,10,6,3193500
bc2204,20220218,20220218,112118000,11:21:18,63870,9140,10419,2909218500,7,-3,2235500
bc2204,20220218,20220218,112118500,11:21:18,63870,9140,10419,2909218500,0,0,0
bc2204,20220218,20220218,112119000,11:21:19,63870,9140,10419,2909218500,0,0,0
bc2204,20220218,20220218,112119500,11:21:20,63870,9140,10419,2909218500,0,0,0
bc2204,20220218,20220218,112120000,11:21:21,63870,9140,10419,2909218500,0,0,0
bc2204,20220218,20220218,112120500,11:21:22,63870,9140,10419,2909218500,0,0,0
bc2204,20220218,20220218,112121000,11:21:22,63880,9142,10417,2909857300,2,-2,638800
bc2204,20220218,20220218,112121500,11:21:22,63880,9144,10418,2910496100,2,1,638800
bc2204,20220218,20220218,112122000,11:21:22,63880,9144,10418,2910496100,0,0,0
bc2204,20220218,20220218,112122500,11:21:22,63880,9144,10418,2910496100,0,0,0
bc2204,20220218,20220218,112123000,11:21:23,63880,9144,10418,2910496100,0,0,0
bc2204,20220218,20220218,112123500,11:21:24,63880,9144,10418,2910496100,0,0,0
bc2204,20220218,20220218,112124000,11:21:24,63880,9144,10418,2910496100,0,0,0
bc2204,20220218,20220218,112124500,11:21:25,63880,9144,10418,2910496100,0,0,0
bc2204,20220218,20220218,112125000,11:21:33,63880,9144,10418,2910496100,0,0,0
bc2204,20220218,20220218,112125500,11:23:32,63880,9144,10418,2910496100,0,0,0
bc2204,20220218,20220218,112126000,11:23:33,63880,9144,10418,2910496100,0,0,0
bc2204,20220218,20220218,112126500,11:23:33,63880,9144,10418,2910496100,0,0,0
bc2204,20220218,20220218,112330000,11:23:33,63880,9144,10418,2910496100,0,0,0
bc2204,20220218,20220218,112333500,11:23:33,63880,9144,10418,2910496100,0,0,0
bc2204,20220218,20220218,112334500,11:23:34,63880,9144,10418,2910496100,0,0,0
bc2204,20220218,20220218,112335000,11:23:35,63880,9144,10418,2910496100,0,0,0
bc2204,20220218,20220218,112336000,11:23:37,63880,9144,10418,2910496100,0,0,0
bc2204,20220218,20220218,112337000,11:23:38,63880,9144,10418,2910496100,0,0,0
bc2204,20220218,20220218,112337500,11:23:38,63880,9144,10418,2910496100,0,0,0
bc2204,20220218,20220218,112339500,11:23:39,63880,9144,10418,2910496100,0,0,0
bc2204,20220218,20220218,112341000,11:23:41,63880,9144,10418,2910496100,0,0,0
bc2204,20220218,20220218,112341500,11:23:42,63880,9144,10418,2910496100,0,0,0
bc2204,20220218,20220218,112342000,11:23:42,63880,9144,10418,2910496100,0,0,0
bc2204,20220218,20220218,112343500,11:23:43,63860,9164,10411,2916883950,20,-7,6387850
bc2204,20220218,20220218,112344000,11:23:48,63860,9164,10411,2916883950,0,0,0
bc2204,20220218,20220218,112345500,11:23:48,63860,9164,10411,2916883950,0,0,0
bc2204,20220218,20220218,112348000,11:23:48,63860,9164,10411,2916883950,0,0,0
bc2204,20220218,20220218,112348500,11:23:49,63860,9164,10411,2916883950,0,0,0
bc2204,20220218,20220218,112349000,11:23:49,63860,9164,10411,2916883950,0,0,0
bc2204,20220218,20220218,112349500,11:23:50,63860,9164,10411,2916883950,0,0,0
bc2204,20220218,20220218,112350000,11:23:50,63860,9164,10411,2916883950,0,0,0
bc2204,20220218,20220218,112350500,11:23:50,63860,9164,10411,2916883950,0,0,0
bc2204,20220218,20220218,112351500,11:23:52,63860,9164,10411,2916883950,0,0,0
bc2204,20220218,20220218,112352000,11:23:52,63860,9164,10411,2916883950,0,0,0
bc2204,20220218,20220218,112353000,11:23:53,63860,9164,10411,2916883950,0,0,0
bc2204,20220218,20220218,112353500,11:23:53,63860,9164,10411,2916883950,0,0,0
bc2204,20220218,20220218,112355000,11:23:55,63870,9166,10409,2917522650,2,-2,638700
bc2204,20220218,20220218,112355500,11:23:55,63870,9166,10409,2917522650,0,0,0
bc2204,20220218,20220218,112356000,11:23:56,63870,9166,10409,2917522650,0,0,0
bc2204,20220218,20220218,112356500,11:23:56,63860,9168,10409,2918161250,2,0,638600
bc2204,20220218,20220218,112357000,11:23:57,63860,9168,10409,2918161250,0,0,0
bc2204,20220218,20220218,112357500,11:23:57,63860,9168,10409,2918161250,0,0,0
bc2204,20220218,20220218,112358000,11:23:58,63860,9168,10409,2918161250,0,0,0
bc2204,20220218,20220218,112359500,11:23:59,63860,9168,10409,2918161250,0,0,0
bc2204,20220218,20220218,112400000,11:24:00,63860,9168,10409,2918161250,0,0,0
bc2204,20220218,20220218,112400500,11:24:00,63860,9168,10409,2918161250,0,0,0
bc2204,20220218,20220218,112401000,11:24:01,63860,9168,10409,2918161250,0,0,0
bc2204,20220218,20220218,112401500,11:24:01,63860,9168,10409,2918161250,0,0,0
bc2204,20220218,20220218,112402000,11:24:02,63860,9168,10409,2918161250,0,0,0
bc2204,20220218,20220218,112402500,11:24:02,63860,9168,10409,2918161250,0,0,0
bc2204,20220218,20220218,112403000,11:24:03,63860,9168,10409,2918161250,0,0,0
bc2204,20220218,20220218,112403500,11:24:04,63860,9168,10409,2918161250,0,0,0
bc2204,20220218,20220218,112404000,11:24:04,63860,9168,10409,2918161250,0,0,0
bc2204,20220218,20220218,112404500,11:24:04,63860,9168,10409,2918161250,0,0,0
bc2204,20220218,20220218,112405000,11:24:05,63860,9168,10409,2918161250,0,0,0
bc2204,20220218,20220218,112405500,11:24:05,63860,9168,10409,2918161250,0,0,0
bc2204,20220218,20220218,112407500,11:24:08,63860,9168,10409,2918161250,0,0,0
bc2204,20220218,20220218,112408000,11:24:08,63860,9168,10409,2918161250,0,0,0
bc2204,20220218,20220218,112408500,11:24:08,63860,9168,10409,2918161250,0,0,0
bc2204,20220218,20220218,112409000,11:24:09,63860,9168,10409,2918161250,0,0,0
bc2204,20220218,20220218,112409500,11:24:11,63860,9168,10409,2918161250,0,0,0
bc2204,20220218,20220218,112410000,11:24:12,63860,9168,10409,2918161250,0,0,0
bc2204,20220218,20220218,112410500,11:24:12,63860,9168,10409,2918161250,0,0,0
bc2204,20220218,20220218,112411500,11:24:12,63860,9168,10409,2918161250,0,0,0
bc2204,20220218,20220218,112412000,11:24:12,63860,9168,10409,2918161250,0,0,0
bc2204,20220218,20220218,112412500,11:24:13,63860,9168,10409,2918161250,0,0,0
bc2204,20220218,20220218,112413000,11:24:13,63860,9168,10409,2918161250,0,0,0
bc2204,20220218,20220218,112413500,11:24:14,63860,9168,10409,2918161250,0,0,0
bc2204,20220218,20220218,112414000,11:24:14,63860,9168,10409,2918161250,0,0,0
bc2204,20220218,20220218,112414500,11:24:15,63860,9168,10409,2918161250,0,0,0
bc2204,20220218,20220218,112415000,11:24:15,63860,9168,10409,2918161250,0,0,0
bc2204,20220218,20220218,112415500,11:24:15,63860,9168,10409,2918161250,0,0,0
bc2204,20220218,20220218,112416000,11:24:16,63860,9168,10409,2918161250,0,0,0
bc2204,20220218,20220218,112416500,11:24:17,63860,9168,10409,2918161250,0,0,0
bc2204,20220218,20220218,112417000,11:24:17,63860,9168,10409,2918161250,0,0,0
bc2204,20220218,20220218,112417500,11:24:18,63860,9168,10409,2918161250,0,0,0
bc2204,20220218,20220218,112418000,11:24:18,63860,9168,10409,2918161250,0,0,0
bc2204,20220218,20220218,112420500,11:24:21,63860,9168,10409,2918161250,0,0,0
bc2204,20220218,20220218,112423000,11:24:23,63860,9168,10409,2918161250,0,0,0
bc2204,20220218,20220218,112423500,11:24:23,63860,9168,10409,2918161250,0,0,0
bc2204,20220218,20220218,112424000,11:24:24,63860,9168,10409,2918161250,0,0,0
bc2204,20220218,20220218,112424500,11:24:24,63860,9168,10409,2918161250,0,0,0
bc2204,20220218,20220218,112425000,11:24:25,63860,9168,10409,2918161250,0,0,0
bc2204,20220218,20220218,112426500,11:24:26,63860,9168,10409,2918161250,0,0,0
bc2204,20220218,20220218,112428000,11:24:28,63860,9168,10409,2918161250,0,0,0
bc2204,20220218,20220218,112428500,11:24:28,63860,9168,10409,2918161250,0,0,0
bc2204,20220218,20220218,112429000,11:24:29,63860,9168,10409,2918161250,0,0,0
bc2204,20220218,20220218,112429500,11:24:29,63860,9168,10409,2918161250,0,0,0
bc2204,20220218,20220218,112430000,11:24:30,63860,9168,10409,2918161250,0,0,0
bc2204,20220218,20220218,112432500,11:24:33,63860,9168,10409,2918161250,0,0,0
bc2204,20220218,20220218,112434500,11:24:34,63860,9168,10409,2918161250,0,0,0
bc2204,20220218,20220218,112435500,11:24:35,63860,9168,10409,2918161250,0,0,0
bc2204,20220218,20220218,112438500,11:24:40,63860,9168,10409,2918161250,0,0,0
bc2204,20220218,20220218,112439000,11:24:40,63860,9168,10409,2918161250,0,0,0
bc2204,20220218,20220218,112439500,11:24:40,63860,9168,10409,2918161250,0,0,0
bc2204,20220218,20220218,112440000,11:24:40,63860,9169,10408,2918480550,1,-1,319300
bc2204,20220218,20220218,112440500,11:24:40,63850,9172,10407,2919438300,3,-1,957750
bc2204,20220218,20220218,112441000,11:24:41,63850,9173,10407,2919757550,1,0,319250
bc2204,20220218,20220218,112441500,11:24:41,63860,9180,10406,2921992650,7,-1,2235100
bc2204,20220218,20220218,112442000,11:24:42,63870,9183,10404,2922950600,3,-2,957950
bc2204,20220218,20220218,112442500,11:24:42,63870,9183,10404,2922950600,0,0,0
bc2204,20220218,20220218,112443000,11:24:43,63860,9184,10405,2923269900,1,1,319300
bc2204,20220218,20220218,112443500,11:24:43,63860,9184,10405,2923269900,0,0,0
bc2204,20220218,20220218,112444000,11:24:44,63860,9184,10405,2923269900,0,0,0
bc2204,20220218,20220218,112445000,11:24:45,63870,9185,10404,2923589250,1,-1,319350
bc2204,20220218,20220218,112445500,11:24:45,63870,9185,10404,2923589250,0,0,0
bc2204,20220218,20220218,112446000,11:24:46,63870,9185,10404,2923589250,0,0,0
bc2204,20220218,20220218,112446500,11:24:46,63870,9185,10404,2923589250,0,0,0
bc2204,20220218,20220218,112447000,11:24:47,63870,9185,10404,2923589250,0,0,0
bc2204,20220218,20220218,112447500,11:24:47,63870,9185,10404,2923589250,0,0,0
bc2204,20220218,20220218,112449500,11:24:49,63870,9185,10404,2923589250,0,0,0
bc2204,20220218,20220218,112450000,11:24:50,63870,9185,10404,2923589250,0,0,0
bc2204,20220218,20220218,112451000,11:24:51,63870,9185,10404,2923589250,0,0,0
bc2204,20220218,20220218,112451500,11:24:52,63870,9185,10404,2923589250,0,0,0
bc2204,20220218,20220218,112452000,11:24:52,63870,9185,10404,2923589250,0,0,0
bc2204,20220218,20220218,112452500,11:24:52,63870,9185,10404,2923589250,0,0,0
bc2204,20220218,20220218,112453000,11:24:53,63870,9185,10404,2923589250,0,0,0
bc2204,20220218,20220218,112453500,11:24:53,63870,9185,10404,2923589250,0,0,0
bc2204,20220218,20220218,112456500,11:24:56,63870,9185,10404,2923589250,0,0,0
bc2204,20220218,20220218,112457000,11:24:57,63870,9185,10404,2923589250,0,0,0
bc2204,20220218,20220218,112457500,11:24:57,63870,9185,10404,2923589250,0,0,0
bc2204,20220218,20220218,112458000,11:24:58,63850,9186,10404,2923908500,1,0,319250
bc2204,20220218,20220218,112458500,11:24:58,63850,9186,10404,2923908500,0,0,0
bc2204,20220218,20220218,112459000,11:24:59,63850,9186,10404,2923908500,0,0,0
bc2204,20220218,20220218,112459500,11:24:59,63850,9186,10404,2923908500,0,0,0
bc2204,20220218,20220218,112500000,11:25:01,63850,9186,10404,2923908500,0,0,0
bc2204,20220218,20220218,112501000,11:25:02,63850,9186,10404,2923908500,0,0,0
bc2204,20220218,20220218,112501500,11:25:05,63850,9186,10404,2923908500,0,0,0
bc2204,20220218,20220218,112502000,11:25:05,63850,9186,10404,2923908500,0,0,0
bc2204,20220218,20220218,112502500,11:25:06,63850,9186,10404,2923908500,0,0,0
bc2204,20220218,20220218,112504500,11:25:06,63850,9186,10404,2923908500,0,0,0
bc2204,20220218,20220218,112505500,11:25:06,63850,9186,10404,2923908500,0,0,0
bc2204,20220218,20220218,112509000,11:25:09,63850,9186,10404,2923908500,0,0,0
bc2204,20220218,20220218,112509500,11:25:10,63850,9186,10404,2923908500,0,0,0
bc2204,20220218,20220218,112510000,11:25:10,63850,9186,10404,2923908500,0,0,0
bc2204,20220218,20220218,112510500,11:25:10,63850,9186,10404,2923908500,0,0,0
bc2204,20220218,20220218,112511000,11:25:11,63850,9186,10404,2923908500,0,0,0
bc2204,20220218,20220218,112511500,11:25:11,63850,9186,10404,2923908500,0,0,0
bc2204,20220218,20220218,112512000,11:25:12,63850,9186,10404,2923908500,0,0,0
bc2204,20220218,20220218,112512500,11:25:12,63850,9186,10404,2923908500,0,0,0
bc2204,20220218,20220218,112513000,11:25:13,63850,9186,10404,2923908500,0,0,0
bc2204,20220218,20220218,112515000,11:25:16,63850,9186,10404,2923908500,0,0,0
bc2204,20220218,20220218,112517000,11:25:18,63850,9186,10404,2923908500,0,0,0
bc2204,20220218,20220218,112517500,11:25:18,63850,9186,10404,2923908500,0,0,0
bc2204,20220218,20220218,112518000,11:25:18,63850,9186,10404,2923908500,0,0,0
bc2204,20220218,20220218,112518500,11:25:19,63850,9186,10404,2923908500,0,0,0
bc2204,20220218,20220218,112519000,11:25:19,63850,9186,10404,2923908500,0,0,0
bc2204,20220218,20220218,112519500,11:25:20,63850,9186,10404,2923908500,0,0,0
bc2204,20220218,20220218,112520000,11:25:21,63850,9186,10404,2923908500,0,0,0
bc2204,20220218,20220218,112520500,11:25:21,63850,9187,10405,2924227750,1,1,319250
bc2204,20220218,20220218,112521000,11:25:21,63850,9187,10405,2924227750,0,0,0
bc2204,20220218,20220218,112521500,11:25:22,63850,9187,10405,2924227750,0,0,0
bc2204,20220218,20220218,112523000,11:25:23,63850,9187,10405,2924227750,0,0,0
bc2204,20220218,20220218,112523500,11:25:24,63850,9187,10405,2924227750,0,0,0
bc2204,20220218,20220218,112524000,11:25:25,63850,9187,10405,2924227750,0,0,0
bc2204,20220218,20220218,112524500,11:25:25,63850,9187,10405,2924227750,0,0,0
bc2204,20220218,20220218,112525000,11:25:25,63840,9188,10405,2924546950,1,0,319200
bc2204,20220218,20220218,112525500,11:25:26,63840,9188,10405,2924546950,0,0,0
bc2204,20220218,20220218,112526000,11:25:26,63840,9188,10405,2924546950,0,0,0
bc2204,20220218,20220218,112527500,11:25:28,63840,9188,10405,2924546950,0,0,0
bc2204,20220218,20220218,112528000,11:25:28,63840,9188,10405,2924546950,0,0,0
bc2204,20220218,20220218,112529000,11:25:29,63840,9188,10405,2924546950,0,0,0
bc2204,20220218,20220218,112529500,11:25:30,63840,9188,10405,2924546950,0,0,0
bc2204,20220218,20220218,112530500,11:25:31,63840,9188,10405,2924546950,0,0,0
bc2204,20220218,20220218,112531000,11:25:31,63840,9188,10405,2924546950,0,0,0
bc2204,20220218,20220218,112532000,11:25:32,63840,9188,10405,2924546950,0,0,0
bc2204,20220218,20220218,112532500,11:25:33,63840,9188,10405,2924546950,0,0,0
bc2204,20220218,20220218,112534000,11:25:34,63840,9188,10405,2924546950,0,0,0
bc2204,20220218,20220218,112534500,11:25:36,63840,9188,10405,2924546950,0,0,0
bc2204,20220218,20220218,112535000,11:25:36,63840,9188,10405,2924546950,0,0,0
bc2204,20220218,20220218,112535500,11:25:37,63840,9188,10405,2924546950,0,0,0
bc2204,20220218,20220218,112536000,11:25:37,63840,9188,10405,2924546950,0,0,0
bc2204,20220218,20220218,112536500,11:25:37,63840,9188,10405,2924546950,0,0,0
bc2204,20220218,20220218,112537000,11:25:38,63850,9189,10405,2924866200,1,0,319250
bc2204,20220218,20220218,112537500,11:25:38,63850,9189,10405,2924866200,0,0,0
bc2204,20220218,20220218,112538000,11:25:38,63850,9189,10405,2924866200,0,0,0
bc2204,20220218,20220218,112538500,11:25:39,63850,9189,10405,2924866200,0,0,0
bc2204,20220218,20220218,112542500,11:25:43,63850,9189,10405,2924866200,0,0,0
bc2204,20220218,20220218,112543000,11:25:43,63850,9189,10405,2924866200,0,0,0
bc2204,20220218,20220218,112544000,11:25:44,63850,9189,10405,2924866200,0,0,0
bc2204,20220218,20220218,112545500,11:25:46,63850,9189,10405,2924866200,0,0,0
bc2204,20220218,20220218,112546000,11:25:47,63850,9189,10405,2924866200,0,0,0
bc2204,20220218,20220218,112549000,11:25:49,63850,9189,10405,2924866200,0,0,0
bc2204,20220218,20220218,112550000,11:25:50,63850,9189,10405,2924866200,0,0,0
bc2204,20220218,20220218,112553000,11:25:53,63850,9189,10405,2924866200,0,0,0
bc2204,20220218,20220218,112553500,11:25:54,63850,9190,10405,2925185450,1,0,319250
bc2204,20220218,20220218,112554000,11:25:54,63850,9190,10405,2925185450,0,0,0
bc2204,20220218,20220218,112554500,11:25:55,63850,9190,10405,2925185450,0,0,0
bc2204,20220218,20220218,112555000,11:25:56,63850,9190,10405,2925185450,0,0,0
bc2204,20220218,20220218,112555500,11:25:56,63850,9190,10405,2925185450,0,0,0
bc2204,20220218,20220218,112556000,11:25:57,63850,9190,10405,2925185450,0,0,0
bc2204,20220218,20220218,112556500,11:25:57,63850,9190,10405,2925185450,0,0,0
bc2204,20220218,20220218,112557000,11:25:57,63850,9190,10405,2925185450,0,0,0
bc2204,20220218,20220218,112557500,11:25:57,63850,9190,10405,2925185450,0,0,0
bc2204,20220218,20220218,112558500,11:25:59,63850,9190,10405,2925185450,0,0,0
bc2204,20220218,20220218,112559000,11:26:00,63850,9190,10405,2925185450,0,0,0
bc2204,20220218,20220218,112600000,11:26:00,63850,9190,10405,2925185450,0,0,0
bc2204,20220218,20220218,112600500,11:26:01,63850,9190,10405,2925185450,0,0,0
bc2204,20220218,20220218,112601000,11:26:01,63850,9190,10405,2925185450,0,0,0
bc2204,20220218,20220218,112602000,11:26:03,63850,9190,10405,2925185450,0,0,0
bc2204,20220218,20220218,112607000,11:26:09,63850,9190,10405,2925185450,0,0,0
bc2204,20220218,20220218,112607500,11:26:09,63850,9190,10405,2925185450,0,0,0
bc2204,20220218,20220218,112608000,11:26:10,63850,9190,10405,2925185450,0,0,0
bc2204,20220218,20220218,112611500,11:26:13,63850,9190,10405,2925185450,0,0,0
bc2204,20220218,20220218,112612000,11:26:14,63850,9190,10405,2925185450,0,0,0
bc2204,20220218,20220218,112613000,11:26:15,63850,9190,10405,2925185450,0,0,0
bc2204,20220218,20220218,112614000,11:26:15,63850,9190,10405,2925185450,0,0,0
bc2204,20220218,20220218,112619000,11:26:19,63850,9190,10405,2925185450,0,0,0
bc2204,20220218,20220218,112619500,11:26:20,63850,9190,10405,2925185450,0,0,0
bc2204,20220218,20220218,112620000,11:26:20,63850,9190,10405,2925185450,0,0,0
bc2204,20220218,20220218,112622500,11:26:23,63850,9190,10405,2925185450,0,0,0
bc2204,20220218,20220218,112623000,11:26:23,63850,9190,10405,2925185450,0,0,0
bc2204,20220218,20220218,112625000,11:26:25,63850,9190,10405,2925185450,0,0,0
bc2204,20220218,20220218,112626000,11:26:26,63850,9190,10405,2925185450,0,0,0
bc2204,20220218,20220218,112627000,11:26:27,63850,9190,10405,2925185450,0,0,0
bc2204,20220218,20220218,112629000,11:26:30,63850,9190,10405,2925185450,0,0,0
bc2204,20220218,20220218,112631000,11:26:31,63850,9190,10405,2925185450,0,0,0
bc2204,20220218,20220218,112631500,11:26:32,63850,9190,10405,2925185450,0,0,0
bc2204,20220218,20220218,112632000,11:26:32,63850,9190,10405,2925185450,0,0,0
bc2204,20220218,20220218,112633000,11:26:33,63850,9190,10405,2925185450,0,0,0
bc2204,20220218,20220218,112633500,11:26:34,63850,9190,10405,2925185450,0,0,0
bc2204,20220218,20220218,112634000,11:26:36,63850,9190,10405,2925185450,0,0,0
bc2204,20220218,20220218,112634500,11:26:37,63850,9190,10405,2925185450,0,0,0
bc2204,20220218,20220218,112635000,11:26:37,63850,9190,10405,2925185450,0,0,0
bc2204,20220218,20220218,112635500,11:26:38,63840,9193,10405,2926143050,3,0,957600
bc2204,20220218,20220218,112637000,11:26:39,63840,9194,10405,2926462250,1,0,319200
bc2204,20220218,20220218,112637500,11:27:10,63840,9194,10405,2926462250,0,0,0
bc2204,20220218,20220218,112638000,11:27:10,63840,9194,10405,2926462250,0,0,0
bc2204,20220218,20220218,112653500,11:27:10,63840,9194,10405,2926462250,0,0,0
bc2204,20220218,20220218,112710000,11:27:12,63840,9194,10405,2926462250,0,0,0
bc2204,20220218,20220218,112712000,11:27:12,63840,9194,10405,2926462250,0,0,0
bc2204,20220218,20220218,112712500,11:27:13,63840,9194,10405,2926462250,0,0,0
bc2204,20220218,20220218,112713000,11:27:13,63840,9194,10405,2926462250,0,0,0
bc2204,20220218,20220218,112713500,11:27:14,63840,9194,10405,2926462250,0,0,0
bc2204,20220218,20220218,112714000,11:27:15,63840,9194,10405,2926462250,0,0,0
bc2204,20220218,20220218,112717500,11:27:17,63840,9194,10405,2926462250,0,0,0
bc2204,20220218,20220218,112718000,11:27:18,63840,9194,10405,2926462250,0,0,0
bc2204,20220218,20220218,112718500,11:27:19,63840,9194,10405,2926462250,0,0,0
bc2204,20220218,20220218,112723500,11:27:27,63840,9194,10405,2926462250,0,0,0
bc2204,20220218,20220218,112724000,11:27:27,63840,9194,10405,2926462250,0,0,0
bc2204,20220218,20220218,112726500,11:27:27,63840,9194,10405,2926462250,0,0,0
bc2204,20220218,20220218,112727000,11:27:27,63840,9194,10405,2926462250,0,0,0
bc2204,20220218,20220218,112727500,11:27:27,63840,9194,10405,2926462250,0,0,0
bc2204,20220218,20220218,112729000,11:27:29,63840,9194,10405,2926462250,0,0,0
bc2204,20220218,20220218,112729500,11:27:30,63840,9194,10405,2926462250,0,0,0
bc2204,20220218,20220218,112732000,11:27:36,63840,9194,10405,2926462250,0,0,0
bc2204,20220218,20220218,112732500,11:27:36,63840,9194,10405,2926462250,0,0,0
bc2204,20220218,20220218,112735500,11:27:36,63840,9194,10405,2926462250,0,0,0
bc2204,20220218,20220218,112736000,11:27:37,63840,9194,10405,2926462250,0,0,0
bc2204,20220218,20220218,112736500,11:27:38,63840,9194,10405,2926462250,0,0,0
bc2204,20220218,20220218,112737000,11:27:38,63840,9194,10405,2926462250,0,0,0
bc2204,20220218,20220218,112737500,11:27:38,63840,9194,10405,2926462250,0,0,0
bc2204,20220218,20220218,112738000,11:27:38,63840,9194,10405,2926462250,0,0,0
bc2204,20220218,20220218,112738500,11:27:39,63840,9194,10405,2926462250,0,0,0
bc2204,20220218,20220218,112739500,11:27:39,63840,9194,10405,2926462250,0,0,0
bc2204,20220218,20220218,112740000,11:27:40,63840,9194,10405,2926462250,0,0,0
bc2204,20220218,20220218,112741000,11:27:41,63840,9194,10405,2926462250,0,0,0
bc2204,20220218,20220218,112741500,11:27:42,63840,9194,10405,2926462250,0,0,0
bc2204,20220218,20220218,112742000,11:27:42,63840,9194,10405,2926462250,0,0,0
bc2204,20220218,20220218,112743000,11:27:43,63840,9194,10405,2926462250,0,0,0
bc2204,20220218,20220218,112743500,11:27:44,63840,9194,10405,2926462250,0,0,0
bc2204,20220218,20220218,112744000,11:27:44,63840,9194,10405,2926462250,0,0,0
bc2204,20220218,20220218,112744500,11:27:45,63840,9194,10405,2926462250,0,0,0
bc2204,20220218,20220218,112745000,11:27:45,63840,9194,10405,2926462250,0,0,0
bc2204,20220218,20220218,112749500,11:27:54,63840,9194,10405,2926462250,0,0,0
bc2204,20220218,20220218,112754000,11:27:54,63840,9194,10405,2926462250,0,0,0
bc2204,20220218,20220218,112754500,11:27:54,63840,9194,10405,2926462250,0,0,0
bc2204,20220218,20220218,112755000,11:27:55,63840,9194,10405,2926462250,0,0,0
bc2204,20220218,20220218,112755500,11:27:55,63840,9194,10405,2926462250,0,0,0
bc2204,20220218,20220218,112756000,11:27:56,63840,9194,10405,2926462250,0,0,0
bc2204,20220218,20220218,112756500,11:27:56,63840,9194,10405,2926462250,0,0,0
bc2204,20220218,20220218,112757000,11:27:57,63840,9194,10405,2926462250,0,0,0
bc2204,20220218,20220218,112757500,11:27:57,63840,9194,10405,2926462250,0,0,0
bc2204,20220218,20220218,112758000,11:27:58,63840,9194,10405,2926462250,0,0,0
bc2204,20220218,20220218,112758500,11:27:59,63840,9194,10405,2926462250,0,0,0
bc2204,20220218,20220218,112759000,11:27:59,63840,9194,10405,2926462250,0,0,0
bc2204,20220218,20220218,112800500,11:28:01,63840,9194,10405,2926462250,0,0,0
bc2204,20220218,20220218,112801000,11:28:01,63840,9194,10405,2926462250,0,0,0
bc2204,20220218,20220218,112801500,11:28:02,63840,9194,10405,2926462250,0,0,0
bc2204,20220218,20220218,112802000,11:28:03,63840,9194,10405,2926462250,0,0,0
bc2204,20220218,20220218,112802500,11:28:03,63840,9194,10405,2926462250,0,0,0
bc2204,20220218,20220218,112803000,11:28:04,63840,9194,10405,2926462250,0,0,0
bc2204,20220218,20220218,112803500,11:28:04,63840,9194,10405,2926462250,0,0,0
bc2204,20220218,20220218,112804000,11:28:04,63840,9194,10405,2926462250,0,0,0
bc2204,20220218,20220218,112804500,11:28:05,63840,9194,10405,2926462250,0,0,0
bc2204,20220218,20220218,112805000,11:28:06,63840,9194,10405,2926462250,0,0,0
bc2204,20220218,20220218,112807000,11:28:10,63840,9194,10405,2926462250,0,0,0
bc2204,20220218,20220218,112807500,11:28:10,63840,9194,10405,2926462250,0,0,0
bc2204,20220218,20220218,112808000,11:28:11,63840,9194,10405,2926462250,0,0,0
bc2204,20220218,20220218,112819000,11:28:19,63840,9194,10405,2926462250,0,0,0
bc2204,20220218,20220218,112819500,11:28:20,63840,9194,10405,2926462250,0,0,0
bc2204,20220218,20220218,112820000,11:28:20,63840,9194,10405,2926462250,0,0,0
bc2204,20220218,20220218,112822000,11:28:22,63840,9194,10405,2926462250,0,0,0
bc2204,20220218,20220218,112822500,11:28:22,63840,9194,10405,2926462250,0,0,0
bc2204,20220218,20220218,112823000,11:28:23,63840,9194,10405,2926462250,0,0,0
bc2204,20220218,20220218,112823500,11:28:23,63840,9194,10405,2926462250,0,0,0
bc2204,20220218,20220218,112824000,11:28:24,63840,9194,10405,2926462250,0,0,0
bc2204,20220218,20220218,112824500,11:28:25,63840,9194,10405,2926462250,0,0,0
bc2204,20220218,20220218,112825000,11:28:25,63840,9194,10405,2926462250,0,0,0
bc2204,20220218,20220218,112826000,11:28:26,63840,9194,10405,2926462250,0,0,0
bc2204,20220218,20220218,112826500,11:28:27,63840,9194,10405,2926462250,0,0,0
bc2204,20220218,20220218,112827000,11:28:27,63840,9194,10405,2926462250,0,0,0
bc2204,20220218,20220218,112827500,11:28:27,63840,9194,10405,2926462250,0,0,0
bc2204,20220218,20220218,112828000,11:28:28,63840,9194,10405,2926462250,0,0,0
bc2204,20220218,20220218,112828500,11:28:28,63840,9194,10405,2926462250,0,0,0
bc2204,20220218,20220218,112829000,11:28:29,63840,9194,10405,2926462250,0,0,0
bc2204,20220218,20220218,112829500,11:28:29,63840,9194,10405,2926462250,0,0,0
bc2204,20220218,20220218,112830000,11:28:30,63830,9198,10407,2927738900,4,2,1276650
bc2204,20220218,20220218,112830500,11:28:31,63830,9198,10407,2927738900,0,0,0
bc2204,20220218,20220218,112831000,11:28:31,63830,9198,10407,2927738900,0,0,0
bc2204,20220218,20220218,112831500,11:28:31,63830,9198,10407,2927738900,0,0,0
bc2204,20220218,20220218,112832000,11:28:33,63830,9198,10407,2927738900,0,0,0
bc2204,20220218,20220218,112834000,11:28:34,63840,9199,10406,2928058100,1,-1,319200
bc2204,20220218,20220218,112834500,11:28:34,63840,9199,10406,2928058100,0,0,0
bc2204,20220218,20220218,112835000,11:28:35,63840,9199,10406,2928058100,0,0,0
bc2204,20220218,20220218,112835500,11:28:37,63840,9199,10406,2928058100,0,0,0
bc2204,20220218,20220218,112836000,11:28:37,63840,9199,10406,2928058100,0,0,0
bc2204,20220218,20220218,112836500,11:28:37,63840,9199,10406,2928058100,0,0,0
bc2204,20220218,20220218,112839000,11:28:40,63840,9199,10406,2928058100,0,0,0
bc2204,20220218,20220218,112839500,11:28:40,63840,9199,10406,2928058100,0,0,0
bc2204,20220218,20220218,112840500,11:28:40,63840,9199,10406,2928058100,0,0,0
bc2204,20220218,20220218,112841000,11:28:41,63840,9199,10406,2928058100,0,0,0
bc2204,20220218,20220218,112841500,11:28:41,63840,9199,10406,2928058100,0,0,0
bc2204,20220218,20220218,112842000,11:28:42,63840,9199,10406,2928058100,0,0,0
bc2204,20220218,20220218,112842500,11:28:42,63840,9199,10406,2928058100,0,0,0
bc2204,20220218,20220218,112843000,11:28:43,63840,9199,10406,2928058100,0,0,0
bc2204,20220218,20220218,112843500,11:28:44,63840,9199,10406,2928058100,0,0,0
bc2204,20220218,20220218,112844000,11:28:44,63840,9199,10406,2928058100,0,0,0
bc2204,20220218,20220218,112844500,11:28:44,63830,9200,10406,2928377250,1,0,319150
bc2204,20220218,20220218,112845000,11:28:45,63830,9200,10406,2928377250,0,0,0
bc2204,20220218,20220218,112845500,11:28:46,63830,9200,10406,2928377250,0,0,0
bc2204,20220218,20220218,112846000,11:28:46,63830,9200,10406,2928377250,0,0,0
bc2204,20220218,20220218,112848500,11:28:48,63830,9200,10406,2928377250,0,0,0
bc2204,20220218,20220218,112849000,11:28:49,63830,9200,10406,2928377250,0,0,0
bc2204,20220218,20220218,112849500,11:28:50,63830,9200,10406,2928377250,0,0,0
bc2204,20220218,20220218,112850000,11:28:50,63830,9200,10406,2928377250,0,0,0
bc2204,20220218,20220218,112851000,11:28:51,63830,9200,10406,2928377250,0,0,0
bc2204,20220218,20220218,112851500,11:28:51,63830,9200,10406,2928377250,0,0,0
bc2204,20220218,20220218,112852000,11:28:53,63830,9200,10406,2928377250,0,0,0
bc2204,20220218,20220218,112857500,11:28:58,63830,9200,10406,2928377250,0,0,0
bc2204,20220218,20220218,112858000,11:28:59,63830,9200,10406,2928377250,0,0,0
bc2204,20220218,20220218,112900500,11:29:01,63840,9201,10405,2928696450,1,-1,319200
bc2204,20220218,20220218,112901000,11:29:01,63840,9201,10405,2928696450,0,0,0
bc2204,20220218,20220218,112901500,11:29:01,63840,9201,10405,2928696450,0,0,0
bc2204,20220218,20220218,112902000,11:29:03,63840,9201,10405,2928696450,0,0,0
bc2204,20220218,20220218,112902500,11:29:03,63840,9201,10405,2928696450,0,0,0
bc2204,20220218,20220218,112903000,11:29:03,63840,9201,10405,2928696450,0,0,0
bc2204,20220218,20220218,112903500,11:29:04,63840,9201,10405,2928696450,0,0,0
bc2204,20220218,20220218,112904000,11:29:04,63840,9201,10405,2928696450,0,0,0
bc2204,20220218,20220218,112906500,11:29:06,63840,9201,10405,2928696450,0,0,0
bc2204,20220218,20220218,112910000,11:29:10,63840,9201,10405,2928696450,0,0,0
bc2204,20220218,20220218,112910500,11:29:10,63840,9201,10405,2928696450,0,0,0
bc2204,20220218,20220218,112911000,11:29:11,63840,9201,10405,2928696450,0,0,0
bc2204,20220218,20220218,112911500,11:29:12,63840,9201,10405,2928696450,0,0,0
bc2204,20220218,20220218,112912000,11:29:12,63840,9201,10405,2928696450,0,0,0
bc2204,20220218,20220218,112912500,11:29:12,63840,9201,10405,2928696450,0,0,0
bc2204,20220218,20220218,112915500,11:29:16,63840,9201,10405,2928696450,0,0,0
bc2204,20220218,20220218,112916000,11:29:16,63840,9201,10405,2928696450,0,0,0
bc2204,20220218,20220218,112918500,11:29:21,63840,9201,10405,2928696450,0,0,0
bc2204,20220218,20220218,112922500,11:29:24,63840,9201,10405,2928696450,0,0,0
bc2204,20220218,20220218,112923000,11:29:24,63840,9201,10405,2928696450,0,0,0
bc2204,20220218,20220218,112924000,11:29:24,63840,9201,10405,2928696450,0,0,0
bc2204,20220218,20220218,112925000,11:29:25,63840,9201,10405,2928696450,0,0,0
bc2204,20220218,20220218,112928500,11:29:29,63840,9201,10405,2928696450,0,0,0
bc2204,20220218,20220218,112929000,11:29:29,63840,9201,10405,2928696450,0,0,0
bc2204,20220218,20220218,112929500,11:29:29,63830,9202,10404,2929015600,1,-1,319150
bc2204,20220218,20220218,112931500,11:29:32,63830,9202,10404,2929015600,0,0,0
bc2204,20220218,20220218,112932000,11:29:32,63830,9202,10404,2929015600,0,0,0
bc2204,20220218,20220218,112932500,11:29:37,63830,9202,10404,2929015600,0,0,0
bc2204,20220218,20220218,112933000,11:29:37,63830,9202,10404,2929015600,0,0,0
bc2204,20220218,20220218,112936000,11:29:38,63830,9202,10404,2929015600,0,0,0
bc2204,20220218,20220218,112942000,11:29:44,63830,9202,10404,2929015600,0,0,0
bc2204,20220218,20220218,112942500,11:29:44,63830,9202,10404,2929015600,0,0,0
bc2204,20220218,20220218,112945500,11:29:46,63830,9202,10404,2929015600,0,0,0
bc2204,20220218,20220218,112947000,11:29:47,63850,9204,10403,2929654100,2,-1,638500
bc2204,20220218,20220218,112947500,11:29:48,63850,9204,10403,2929654100,0,0,0
bc2204,20220218,20220218,112948000,11:29:49,63850,9204,10403,2929654100,0,0,0
bc2204,20220218,20220218,112949000,11:29:50,63850,9204,10403,2929654100,0,0,0
bc2204,20220218,20220218,112950500,11:29:51,63850,9204,10403,2929654100,0,0,0
bc2204,20220218,20220218,112953500,11:29:54,63850,9204,10403,2929654100,0,0,0
bc2204,20220218,20220218,112955500,11:29:56,63850,9204,10403,2929654100,0,0,0
bc2204,20220218,20220218,112956000,11:30:00,63850,9204,10403,2929654100,0,0,0
bc2204,20220218,20220218,112959500,11:30:02,63850,9204,10403,2929654100,0,0,0
bc2204,20220218,20220218,113000000,11:30:03,63850,9204,10403,2929654100,0,0,0
bc2204,20220218,20220218,113000500,11:30:03,63850,9204,10403,2929654100,0,0,0
bc2204,20220218,20220218,113001500,11:30:03,63850,9204,10403,2929654100,0,0,0
bc2204,20220218,20220218,133002000,13:30:08,63820,9207,10404,2930611550,3,1,957450
bc2204,20220218,20220218,133002500,13:30:10,63830,9208,10404,2930930700,1,0,319150
bc2204,20220218,20220218,133008000,13:30:10,63830,9208,10404,2930930700,0,0,0
bc2204,20220218,20220218,133008500,13:30:10,63830,9208,10404,2930930700,0,0,0
bc2204,20220218,20220218,133009000,13:30:10,63830,9208,10404,2930930700,0,0,0
bc2204,20220218,20220218,133012500,13:30:13,63830,9208,10404,2930930700,0,0,0
bc2204,20220218,20220218,133013500,13:30:14,63830,9208,10404,2930930700,0,0,0
bc2204,20220218,20220218,133014000,13:30:16,63810,9219,10405,2934440850,11,1,3510150
bc2204,20220218,20220218,133014500,13:30:17,63810,9219,10405,2934440850,0,0,0
bc2204,20220218,20220218,133015000,13:30:18,63820,9220,10404,2934759950,1,-1,319100
bc2204,20220218,20220218,133016500,13:30:18,63820,9220,10404,2934759950,0,0,0
bc2204,20220218,20220218,133017000,13:30:18,63820,9220,10404,2934759950,0,0,0
bc2204,20220218,20220218,133017500,13:30:18,63820,9222,10402,2935398150,2,-2,638200
bc2204,20220218,20220218,133018000,13:30:19,63820,9222,10402,2935398150,0,0,0
bc2204,20220218,20220218,133018500,13:30:20,63820,9222,10402,2935398150,0,0,0
bc2204,20220218,20220218,133019000,13:30:20,63820,9222,10402,2935398150,0,0,0
bc2204,20220218,20220218,133023000,13:30:38,63820,9222,10402,2935398150,0,0,0
bc2204,20220218,20220218,133035000,13:30:40,63820,9222,10402,2935398150,0,0,0
bc2204,20220218,20220218,133041000,13:30:43,63830,9226,10400,2936674750,4,-2,1276600
bc2204,20220218,20220218,133042500,13:30:44,63830,9226,10400,2936674750,0,0,0
bc2204,20220218,20220218,133043000,13:30:44,63830,9226,10400,2936674750,0,0,0
bc2204,20220218,20220218,133044000,13:30:46,63830,9226,10400,2936674750,0,0,0
bc2204,20220218,20220218,133045000,13:30:46,63830,9226,10400,2936674750,0,0,0
bc2204,20220218,20220218,133046500,13:30:47,63830,9226,10400,2936674750,0,0,0
bc2204,20220218,20220218,133047000,13:30:48,63830,9226,10400,2936674750,0,0,0
bc2204,20220218,20220218,133047500,13:30:48,63830,9226,10400,2936674750,0,0,0
bc2204,20220218,20220218,133048000,13:30:48,63830,9226,10400,2936674750,0,0,0
bc2204,20220218,20220218,133051000,13:30:52,63820,9227,10400,2936993850,1,0,319100
bc2204,20220218,20220218,133051500,13:30:52,63820,9227,10400,2936993850,0,0,0
bc2204,20220218,20220218,133052000,13:30:53,63820,9227,10400,2936993850,0,0,0
bc2204,20220218,20220218,133052500,13:30:54,63820,9227,10400,2936993850,0,0,0
bc2204,20220218,20220218,133053000,13:30:54,63820,9227,10400,2936993850,0,0,0
bc2204,20220218,20220218,133055500,13:30:56,63810,9228,10400,2937312900,1,0,319050
bc2204,20220218,20220218,133056000,13:30:57,63810,9228,10400,2937312900,0,0,0
bc2204,20220218,20220218,133056500,13:30:57,63810,9228,10400,2937312900,0,0,0
bc2204,20220218,20220218,133059000,13:30:59,63810,9228,10400,2937312900,0,0,0
bc2204,20220218,20220218,133059500,13:30:59,63810,9228,10400,2937312900,0,0,0
bc2204,20220218,20220218,133100000,13:31:00,63810,9228,10400,2937312900,0,0,0
bc2204,20220218,20220218,133100500,13:31:00,63810,9228,10400,2937312900,0,0,0
bc2204,20220218,20220218,133101000,13:31:01,63810,9228,10400,2937312900,0,0,0
bc2204,20220218,20220218,133101500,13:31:01,63810,9228,10400,2937312900,0,0,0
bc2204,20220218,20220218,133102000,13:31:02,63820,9230,10399,2937951100,2,-1,638200
bc2204,20220218,20220218,133102500,13:31:03,63820,9230,10399,2937951100,0,0,0
bc2204,20220218,20220218,133103000,13:31:03,63820,9230,10399,2937951100,0,0,0
bc2204,20220218,20220218,133103500,13:31:05,63820,9230,10399,2937951100,0,0,0
bc2204,20220218,20220218,133104000,13:31:06,63820,9230,10399,2937951100,0,0,0
bc2204,20220218,20220218,133104500,13:31:07,63820,9230,10399,2937951100,0,0,0
bc2204,20220218,20220218,133105500,13:31:08,63820,9230,10399,2937951100,0,0,0
bc2204,20220218,20220218,133107000,13:31:08,63830,9231,10398,2938270250,1,-1,319150
bc2204,20220218,20220218,133107500,13:31:09,63830,9231,10398,2938270250,0,0,0
bc2204,20220218,20220218,133108500,13:31:09,63830,9231,10398,2938270250,0,0,0
bc2204,20220218,20220218,133109500,13:31:10,63830,9231,10398,2938270250,0,0,0
bc2204,20220218,20220218,133110000,13:31:11,63830,9231,10398,2938270250,0,0,0
bc2204,20220218,20220218,133110500,13:31:11,63830,9231,10398,2938270250,0,0,0
bc2204,20220218,20220218,133111000,13:31:11,63830,9231,10398,2938270250,0,0,0
bc2204,20220218,20220218,133111500,13:31:12,63830,9231,10398,2938270250,0,0,0
bc2204,20220218,20220218,133112000,13:31:12,63830,9232,10399,2938589400,1,1,319150
bc2204,20220218,20220218,133112500,13:31:13,63830,9232,10399,2938589400,0,0,0
bc2204,20220218,20220218,133113000,13:31:13,63830,9232,10399,2938589400,0,0,0
bc2204,20220218,20220218,133113500,13:31:15,63830,9232,10399,2938589400,0,0,0
bc2204,20220218,20220218,133114000,13:31:15,63830,9232,10399,2938589400,0,0,0
bc2204,20220218,20220218,133114500,13:31:15,63830,9232,10399,2938589400,0,0,0
bc2204,20220218,20220218,133115000,13:31:15,63830,9232,10399,2938589400,0,0,0
bc2204,20220218,20220218,133115500,13:31:16,63830,9232,10399,2938589400,0,0,0
bc2204,20220218,20220218,133116500,13:31:17,63830,9232,10399,2938589400,0,0,0
bc2204,20220218,20220218,133117000,13:31:18,63830,9232,10399,2938589400,0,0,0
bc2204,20220218,20220218,133118000,13:31:19,63830,9232,10399,2938589400,0,0,0
bc2204,20220218,20220218,133118500,13:31:19,63840,9233,10399,2938908600,1,0,319200
bc2204,20220218,20220218,133119000,13:31:20,63840,9233,10399,2938908600,0,0,0
bc2204,20220218,20220218,133119500,13:31:20,63840,9233,10399,2938908600,0,0,0
bc2204,20220218,20220218,133120000,13:31:20,63840,9233,10399,2938908600,0,0,0
bc2204,20220218,20220218,133122000,13:31:23,63840,9233,10399,2938908600,0,0,0
bc2204,20220218,20220218,133122500,13:31:25,63840,9233,10399,2938908600,0,0,0
bc2204,20220218,20220218,133123000,13:31:25,63840,9233,10399,2938908600,0,0,0
bc2204,20220218,20220218,133124500,13:31:25,63840,9233,10399,2938908600,0,0,0
bc2204,20220218,20220218,133138000,13:31:38,63840,9233,10399,2938908600,0,0,0
bc2204,20220218,20220218,133158000,13:31:58,63840,9233,10399,2938908600,0,0,0
bc2204,20220218,20220218,133158500,13:31:58,63820,9238,10403,2940504300,5,4,1595700
bc2204,20220218,20220218,133159500,13:32:00,63820,9238,10403,2940504300,0,0,0
bc2204,20220218,20220218,133200000,13:32:00,63820,9238,10403,2940504300,0,0,0
bc2204,20220218,20220218,133200500,13:32:01,63820,9238,10403,2940504300,0,0,0
bc2204,20220218,20220218,133201000,13:32:01,63820,9238,10403,2940504300,0,0,0
bc2204,20220218,20220218,133201500,13:32:01,63820,9238,10403,2940504300,0,0,0
bc2204,20220218,20220218,133202000,13:32:03,63820,9238,10403,2940504300,0,0,0
bc2204,20220218,20220218,133203000,13:32:05,63820,9238,10403,2940504300,0,0,0
bc2204,20220218,20220218,133203500,13:32:05,63820,9238,10403,2940504300,0,0,0
bc2204,20220218,20220218,133205500,13:32:06,63780,9275,10418,2952306000,37,15,11801700
bc2204,20220218,20220218,133206000,13:32:07,63780,9275,10418,2952306000,0,0,0
bc2204,20220218,20220218,133206500,13:32:07,63780,9275,10418,2952306000,0,0,0
bc2204,20220218,20220218,133207000,13:32:07,63780,9277,10417,2952943800,2,-1,637800
bc2204,20220218,20220218,133207500,13:32:07,63770,9280,10416,2953900350,3,-1,956550
bc2204,20220218,20220218,133208000,13:32:09,63770,9282,10416,2954538050,2,0,637700
bc2204,20220218,20220218,133208500,13:32:10,63760,9291,10420,2957407250,9,4,2869200
bc2204,20220218,20220218,133209000,13:32:10,63750,9294,10421,2958363450,3,1,956200
bc2204,20220218,20220218,133209500,13:32:10,63740,9303,10419,2961231750,9,-2,2868300
bc2204,20220218,20220218,133210000,13:32:13,63730,9307,10420,2962506450,4,1,1274700
bc2204,20220218,20220218,133210500,13:32:13,63730,9308,10420,2962825100,1,0,318650
bc2204,20220218,20220218,133211000,13:32:14,63740,9316,10424,2965374500,8,4,2549400
bc2204,20220218,20220218,133213000,13:32:15,63740,9328,10423,2969198800,12,-1,3824300
bc2204,20220218,20220218,133214000,13:32:15,63740,9328,10423,2969198800,0,0,0
bc2204,20220218,20220218,133215000,13:32:16,63750,9332,10423,2970473800,4,0,1275000
bc2204,20220218,20220218,133215500,13:32:17,63750,9337,10425,2972067400,5,2,1593600
bc2204,20220218,20220218,133216000,13:32:17,63760,9338,10425,2972386200,1,0,318800
bc2204,20220218,20220218,133216500,13:32:17,63760,9342,10427,2973661400,4,2,1275200
bc2204,20220218,20220218,133217000,13:32:18,63760,9344,10428,2974299000,2,1,637600
bc2204,20220218,20220218,133217500,13:32:18,63750,9345,10429,2974617750,1,1,318750
bc2204,20220218,20220218,133218000,13:32:18,63750,9345,10429,2974617750,0,0,0
bc2204,20220218,20220218,133218500,13:32:19,63750,9345,10429,2974617750,0,0,0
bc2204,20220218,20220218,133219500,13:32:20,63750,9345,10429,2974617750,0,0,0
bc2204,20220218,20220218,133220000,13:32:20,63750,9345,10429,2974617750,0,0,0
bc2204,20220218,20220218,133221500,13:32:22,63750,9345,10429,2974617750,0,0,0
bc2204,20220218,20220218,133222000,13:32:23,63750,9345,10429,2974617750,0,0,0
bc2204,20220218,20220218,133222500,13:32:24,63750,9345,10429,2974617750,0,0,0
bc2204,20220218,20220218,133223000,13:32:24,63750,9347,10428,2975255250,2,-1,637500
bc2204,20220218,20220218,133223500,13:32:24,63750,9347,10428,2975255250,0,0,0
bc2204,20220218,20220218,133224000,13:32:24,63750,9347,10428,2975255250,0,0,0
bc2204,20220218,20220218,133224500,13:32:25,63750,9347,10428,2975255250,0,0,0
bc2204,20220218,20220218,133225000,13:32:25,63750,9347,10428,2975255250,0,0,0
bc2204,20220218,20220218,133227000,13:32:27,63750,9347,10428,2975255250,0,0,0
bc2204,20220218,20220218,133227500,13:32:32,63750,9347,10428,2975255250,0,0,0
bc2204,20220218,20220218,133229000,13:32:33,63750,9347,10428,2975255250,0,0,0
bc2204,20220218,20220218,133232000,13:32:35,63750,9347,10428,2975255250,0,0,0
bc2204,20220218,20220218,133236500,13:32:37,63750,9347,10428,2975255250,0,0,0
bc2204,20220218,20220218,133237000,13:32:37,63750,9347,10428,2975255250,0,0,0
bc2204,20220218,20220218,133237500,13:32:38,63750,9347,10428,2975255250,0,0,0
bc2204,20220218,20220218,133242500,13:32:42,63750,9347,10428,2975255250,0,0,0
bc2204,20220218,20220218,133244500,13:32:45,63750,9347,10428,2975255250,0,0,0
bc2204,20220218,20220218,133245000,13:32:45,63750,9347,10428,2975255250,0,0,0
bc2204,20220218,20220218,133246000,13:32:47,63750,9347,10428,2975255250,0,0,0
bc2204,20220218,20220218,133246500,13:32:47,63750,9347,10428,2975255250,0,0,0
bc2204,20220218,20220218,133247000,13:32:47,63750,9347,10428,2975255250,0,0,0
bc2204,20220218,20220218,133247500,13:32:48,63740,9349,10428,2975892650,2,0,637400
bc2204,20220218,20220218,133248000,13:32:48,63740,9349,10428,2975892650,0,0,0
bc2204,20220218,20220218,133248500,13:32:49,63740,9349,10428,2975892650,0,0,0
bc2204,20220218,20220218,133249000,13:32:49,63740,9349,10428,2975892650,0,0,0
bc2204,20220218,20220218,133249500,13:32:50,63740,9349,10428,2975892650,0,0,0
bc2204,20220218,20220218,133250000,13:32:50,63740,9349,10428,2975892650,0,0,0
bc2204,20220218,20220218,133252500,13:32:53,63740,9349,10428,2975892650,0,0,0
bc2204,20220218,20220218,133253500,13:32:54,63740,9349,10428,2975892650,0,0,0
bc2204,20220218,20220218,133255000,13:32:55,63750,9351,10428,2976530150,2,0,637500
bc2204,20220218,20220218,133255500,13:32:55,63750,9351,10428,2976530150,0,0,0
bc2204,20220218,20220218,133256000,13:32:56,63750,9351,10428,2976530150,0,0,0
bc2204,20220218,20220218,133256500,13:32:56,63750,9351,10428,2976530150,0,0,0
bc2204,20220218,20220218,133257000,13:32:59,63750,9351,10428,2976530150,0,0,0
bc2204,20220218,20220218,133257500,13:33:00,63750,9351,10428,2976530150,0,0,0
bc2204,20220218,20220218,133259500,13:33:01,63750,9351,10428,2976530150,0,0,0
bc2204,20220218,20220218,133301000,13:33:02,63750,9351,10428,2976530150,0,0,0
bc2204,20220218,20220218,133301500,13:33:02,63750,9351,10428,2976530150,0,0,0
bc2204,20220218,20220218,133303000,13:33:04,63750,9351,10428,2976530150,0,0,0
bc2204,20220218,20220218,133303500,13:33:04,63750,9351,10428,2976530150,0,0,0
bc2204,20220218,20220218,133304500,13:33:05,63750,9351,10428,2976530150,0,0,0
bc2204,20220218,20220218,133305000,13:33:05,63750,9351,10428,2976530150,0,0,0
bc2204,20220218,20220218,133305500,13:33:06,63750,9351,10428,2976530150,0,0,0
bc2204,20220218,20220218,133306000,13:33:06,63750,9351,10428,2976530150,0,0,0
bc2204,20220218,20220218,133306500,13:33:06,63750,9351,10428,2976530150,0,0,0
bc2204,20220218,20220218,133307000,13:33:07,63750,9351,10428,2976530150,0,0,0
bc2204,20220218,20220218,133308000,13:33:08,63750,9351,10428,2976530150,0,0,0
bc2204,20220218,20220218,133308500,13:33:09,63750,9351,10428,2976530150,0,0,0
bc2204,20220218,20220218,133309000,13:33:09,63750,9351,10428,2976530150,0,0,0
bc2204,20220218,20220218,133309500,13:33:11,63750,9351,10428,2976530150,0,0,0
bc2204,20220218,20220218,133310000,13:33:11,63750,9351,10428,2976530150,0,0,0
bc2204,20220218,20220218,133311000,13:33:13,63750,9351,10428,2976530150,0,0,0
bc2204,20220218,20220218,133311500,13:33:14,63750,9351,10428,2976530150,0,0,0
bc2204,20220218,20220218,133312500,13:33:14,63750,9351,10428,2976530150,0,0,0
bc2204,20220218,20220218,133313500,13:33:15,63750,9355,10425,2977805150,4,-3,1275000
bc2204,20220218,20220218,133314000,13:33:17,63750,9355,10425,2977805150,0,0,0
bc2204,20220218,20220218,133314500,13:33:17,63750,9355,10425,2977805150,0,0,0
bc2204,20220218,20220218,133315000,13:33:18,63750,9355,10425,2977805150,0,0,0
bc2204,20220218,20220218,133315500,13:33:18,63750,9355,10425,2977805150,0,0,0
bc2204,20220218,20220218,133317000,13:33:18,63750,9355,10425,2977805150,0,0,0
bc2204,20220218,20220218,133318000,13:33:19,63750,9355,10425,2977805150,0,0,0
bc2204,20220218,20220218,133318500,13:33:19,63750,9355,10425,2977805150,0,0,0
bc2204,20220218,20220218,133319000,13:33:20,63750,9355,10425,2977805150,0,0,0
bc2204,20220218,20220218,133319500,13:33:21,63750,9355,10425,2977805150,0,0,0
bc2204,20220218,20220218,133320000,13:33:21,63750,9355,10425,2977805150,0,0,0
bc2204,20220218,20220218,133320500,13:33:21,63750,9355,10425,2977805150,0,0,0
bc2204,20220218,20220218,133321500,13:33:22,63750,9355,10425,2977805150,0,0,0
bc2204,20220218,20220218,133322000,13:33:22,63750,9355,10425,2977805150,0,0,0
bc2204,20220218,20220218,133323000,13:33:23,63750,9358,10424,2978761450,3,-1,956300
bc2204,20220218,20220218,133323500,13:33:24,63750,9359,10424,2979080200,1,0,318750
bc2204,20220218,20220218,133324000,13:33:24,63760,9361,10422,2979717800,2,-2,637600
bc2204,20220218,20220218,133324500,13:33:25,63760,9361,10422,2979717800,0,0,0
bc2204,20220218,20220218,133325000,13:33:26,63760,9361,10422,2979717800,0,0,0
bc2204,20220218,20220218,133325500,13:33:27,63750,9362,10422,2980036550,1,0,318750
bc2204,20220218,20220218,133326000,13:33:28,63750,9362,10422,2980036550,0,0,0
bc2204,20220218,20220218,133326500,13:33:29,63750,9362,10422,2980036550,0,0,0
bc2204,20220218,20220218,133328500,13:33:30,63750,9362,10422,2980036550,0,0,0
bc2204,20220218,20220218,133329000,13:33:30,63750,9362,10422,2980036550,0,0,0
bc2204,20220218,20220218,133329500,13:33:30,63750,9362,10422,2980036550,0,0,0
bc2204,20220218,20220218,133330000,13:33:30,63750,9362,10422,2980036550,0,0,0
bc2204,20220218,20220218,133330500,13:33:31,63750,9362,10422,2980036550,0,0,0
bc2204,20220218,20220218,133331000,13:33:32,63750,9362,10422,2980036550,0,0,0
bc2204,20220218,20220218,133331500,13:33:32,63750,9362,10422,2980036550,0,0,0
bc2204,20220218,20220218,133332000,13:33:32,63750,9362,10422,2980036550,0,0,0
bc2204,20220218,20220218,133334000,13:33:34,63750,9362,10422,2980036550,0,0,0
bc2204,20220218,20220218,133334500,13:33:34,63750,9362,10422,2980036550,0,0,0
bc2204,20220218,20220218,133335000,13:33:35,63750,9362,10422,2980036550,0,0,0
bc2204,20220218,20220218,133335500,13:33:35,63760,9363,10422,2980355350,1,0,318800
bc2204,20220218,20220218,133336000,13:33:36,63760,9363,10422,2980355350,0,0,0
bc2204,20220218,20220218,133336500,13:33:36,63760,9363,10422,2980355350,0,0,0
bc2204,20220218,20220218,133337000,13:33:37,63760,9363,10422,2980355350,0,0,0
bc2204,20220218,20220218,133337500,13:33:37,63760,9363,10422,2980355350,0,0,0
bc2204,20220218,20220218,133338500,13:33:39,63760,9363,10422,2980355350,0,0,0
bc2204,20220218,20220218,133339000,13:33:39,63760,9363,10422,2980355350,0,0,0
bc2204,20220218,20220218,133339500,13:33:40,63760,9363,10422,2980355350,0,0,0
bc2204,20220218,20220218,133340000,13:33:40,63760,9363,10422,2980355350,0,0,0
bc2204,20220218,20220218,133340500,13:33:41,63760,9363,10422,2980355350,0,0,0
bc2204,20220218,20220218,133341000,13:33:41,63760,9363,10422,2980355350,0,0,0
bc2204,20220218,20220218,133341500,13:33:42,63760,9363,10422,2980355350,0,0,0
bc2204,20220218,20220218,133342000,13:33:42,63760,9370,10424,2982586950,7,2,2231600
bc2204,20220218,20220218,133342500,13:33:42,63760,9370,10424,2982586950,0,0,0
bc2204,20220218,20220218,133343000,13:33:43,63760,9370,10424,2982586950,0,0,0
bc2204,20220218,20220218,133343500,13:33:44,63760,9370,10424,2982586950,0,0,0
bc2204,20220218,20220218,133344000,13:33:45,63760,9370,10424,2982586950,0,0,0
bc2204,20220218,20220218,133345000,13:33:45,63760,9370,10424,2982586950,0,0,0
bc2204,20220218,20220218,133345500,13:33:47,63770,9372,10424,2983224650,2,0,637700
bc2204,20220218,20220218,133346000,13:33:47,63770,9372,10424,2983224650,0,0,0
bc2204,20220218,20220218,133346500,13:33:48,63770,9372,10424,2983224650,0,0,0
bc2204,20220218,20220218,133347000,13:33:48,63770,9372,10424,2983224650,0,0,0
bc2204,20220218,20220218,133347500,13:33:49,63770,9372,10424,2983224650,0,0,0
bc2204,20220218,20220218,133348000,13:33:49,63770,9372,10424,2983224650,0,0,0
bc2204,20220218,20220218,133348500,13:33:49,63770,9372,10424,2983224650,0,0,0
bc2204,20220218,20220218,133349000,13:33:50,63770,9372,10424,2983224650,0,0,0
bc2204,20220218,20220218,133351000,13:33:51,63770,9372,10424,2983224650,0,0,0
bc2204,20220218,20220218,133351500,13:33:52,63770,9372,10424,2983224650,0,0,0
bc2204,20220218,20220218,133355000,13:33:56,63760,9373,10424,2983543450,1,0,318800
bc2204,20220218,20220218,133355500,13:33:56,63760,9373,10424,2983543450,0,0,0
bc2204,20220218,20220218,133356000,13:33:57,63750,9383,10423,2986730950,10,-1,3187500
bc2204,20220218,20220218,133356500,13:33:57,63750,9383,10423,2986730950,0,0,0
bc2204,20220218,20220218,133357000,13:33:57,63750,9383,10423,2986730950,0,0,0
bc2204,20220218,20220218,133357500,13:33:58,63750,9385,10424,2987368450,2,1,637500
bc2204,20220218,20220218,133358000,13:33:58,63750,9385,10424,2987368450,0,0,0
bc2204,20220218,20220218,133358500,13:33:58,63750,9385,10424,2987368450,0,0,0
bc2204,20220218,20220218,133359000,13:33:59,63750,9385,10424,2987368450,0,0,0
bc2204,20220218,20220218,133359500,13:33:59,63750,9385,10424,2987368450,0,0,0
bc2204,20220218,20220218,133400000,13:34:00,63750,9385,10424,2987368450,0,0,0
bc2204,20220218,20220218,133401000,13:34:01,63750,9385,10424,2987368450,0,0,0
bc2204,20220218,20220218,133401500,13:34:02,63750,9385,10424,2987368450,0,0,0
bc2204,20220218,20220218,133402000,13:34:10,63750,9385,10424,2987368450,0,0,0
bc2204,20220218,20220218,133402500,13:34:10,63750,9385,10424,2987368450,0,0,0
bc2204,20220218,20220218,133403000,13:34:10,63750,9385,10424,2987368450,0,0,0
bc2204,20220218,20220218,133410000,13:34:12,63750,9385,10424,2987368450,0,0,0
bc2204,20220218,20220218,133410500,13:34:12,63750,9385,10424,2987368450,0,0,0
bc2204,20220218,20220218,133412000,13:34:12,63750,9385,10424,2987368450,0,0,0
bc2204,20220218,20220218,133412500,13:34:13,63750,9385,10424,2987368450,0,0,0
bc2204,20220218,20220218,133413000,13:34:13,63750,9385,10424,2987368450,0,0,0
bc2204,20220218,20220218,133413500,13:34:14,63750,9385,10424,2987368450,0,0,0
bc2204,20220218,20220218,133414000,13:34:14,63750,9385,10424,2987368450,0,0,0
bc2204,20220218,20220218,133414500,13:34:15,63750,9385,10424,2987368450,0,0,0
bc2204,20220218,20220218,133415000,13:34:15,63740,9390,10426,2988961950,5,2,1593500
bc2204,20220218,20220218,133415500,13:34:16,63740,9390,10426,2988961950,0,0,0
bc2204,20220218,20220218,133416000,13:34:16,63740,9390,10426,2988961950,0,0,0
bc2204,20220218,20220218,133416500,13:34:17,63740,9390,10426,2988961950,0,0,0
bc2204,20220218,20220218,133417500,13:34:17,63740,9390,10426,2988961950,0,0,0
bc2204,20220218,20220218,133418000,13:34:18,63750,9392,10426,2989599450,2,0,637500
bc2204,20220218,20220218,133418500,13:34:19,63750,9392,10426,2989599450,0,0,0
bc2204,20220218,20220218,133419000,13:34:19,63750,9392,10426,2989599450,0,0,0
bc2204,20220218,20220218,133419500,13:34:20,63750,9392,10426,2989599450,0,0,0
bc2204,20220218,20220218,133420000,13:34:20,63750,9392,10426,2989599450,0,0,0
bc2204,20220218,20220218,133420500,13:34:21,63750,9392,10426,2989599450,0,0,0
bc2204,20220218,20220218,133421000,13:34:23,63750,9392,10426,2989599450,0,0,0
bc2204,20220218,20220218,133421500,13:34:24,63750,9392,10426,2989599450,0,0,0
bc2204,20220218,20220218,133423000,13:34:24,63740,9398,10425,2991511650,6,-1,1912200
bc2204,20220218,20220218,133423500,13:34:24,63740,9398,10425,2991511650,0,0,0
bc2204,20220218,20220218,133424000,13:34:24,63740,9398,10425,2991511650,0,0,0
bc2204,20220218,20220218,133424500,13:34:24,63740,9398,10425,2991511650,0,0,0
bc2204,20220218,20220218,133425000,13:34:25,63740,9398,10425,2991511650,0,0,0
bc2204,20220218,20220218,133425500,13:34:25,63740,9398,10425,2991511650,0,0,0
bc2204,20220218,20220218,133426000,13:34:26,63740,9398,10425,2991511650,0,0,0
bc2204,20220218,20220218,133428000,13:34:28,63740,9398,10425,2991511650,0,0,0
bc2204,20220218,20220218,133428500,13:34:29,63740,9398,10425,2991511650,0,0,0
bc2204,20220218,20220218,133429500,13:34:29,63740,9398,10425,2991511650,0,0,0
bc2204,20220218,20220218,133430000,13:34:30,63740,9399,10425,2991830350,1,0,318700
bc2204,20220218,20220218,133430500,13:34:30,63740,9399,10425,2991830350,0,0,0
bc2204,20220218,20220218,133431000,13:34:31,63740,9399,10425,2991830350,0,0,0
bc2204,20220218,20220218,133431500,13:34:31,63740,9399,10425,2991830350,0,0,0
bc2204,20220218,20220218,133432000,13:34:32,63740,9399,10425,2991830350,0,0,0
bc2204,20220218,20220218,133433000,13:34:34,63740,9399,10425,2991830350,0,0,0
bc2204,20220218,20220218,133433500,13:34:34,63740,9399,10425,2991830350,0,0,0
bc2204,20220218,20220218,133434000,13:34:34,63730,9402,10423,2992786300,3,-2,955950
bc2204,20220218,20220218,133434500,13:34:35,63720,9416,10431,2997247050,14,8,4460750
bc2204,20220218,20220218,133435000,13:34:35,63710,9422,10432,2999158400,6,1,1911350
bc2204,20220218,20220218,133435500,13:34:36,63710,9426,10432,3000432600,4,0,1274200
bc2204,20220218,20220218,133436000,13:34:36,63710,9426,10432,3000432600,0,0,0
bc2204,20220218,20220218,133436500,13:34:36,63710,9426,10432,3000432600,0,0,0
bc2204,20220218,20220218,133437000,13:34:37,63710,9426,10432,3000432600,0,0,0
bc2204,20220218,20220218,133437500,13:34:38,63710,9426,10432,3000432600,0,0,0
bc2204,20220218,20220218,133438000,13:34:38,63710,9426,10432,3000432600,0,0,0
bc2204,20220218,20220218,133438500,13:34:39,63710,9426,10432,3000432600,0,0,0
bc2204,20220218,20220218,133439000,13:34:39,63700,9428,10432,3001069600,2,0,637000
bc2204,20220218,20220218,133439500,13:34:39,63700,9428,10432,3001069600,0,0,0
bc2204,20220218,20220218,133440000,13:34:40,63700,9428,10432,3001069600,0,0,0
bc2204,20220218,20220218,133440500,13:34:41,63700,9428,10432,3001069600,0,0,0
bc2204,20220218,20220218,133441000,13:34:41,63700,9428,10432,3001069600,0,0,0
bc2204,20220218,20220218,133441500,13:34:42,63700,9428,10432,3001069600,0,0,0
bc2204,20220218,20220218,133442000,13:34:44,63700,9428,10432,3001069600,0,0,0
bc2204,20220218,20220218,133442500,13:34:44,63700,9428,10432,3001069600,0,0,0
bc2204,20220218,20220218,133443500,13:34:45,63700,9428,10432,3001069600,0,0,0
bc2204,20220218,20220218,133444000,13:34:45,63700,9428,10432,3001069600,0,0,0
bc2204,20220218,20220218,133445000,13:34:46,63700,9428,10432,3001069600,0,0,0
bc2204,20220218,20220218,133445500,13:34:46,63700,9428,10432,3001069600,0,0,0
bc2204,20220218,20220218,133446000,13:34:46,63700,9428,10432,3001069600,0,0,0
bc2204,20220218,20220218,133447000,13:34:47,63700,9428,10432,3001069600,0,0,0
bc2204,20220218,20220218,133447500,13:34:47,63700,9428,10432,3001069600,0,0,0
bc2204,20220218,20220218,133448000,13:34:48,63700,9428,10432,3001069600,0,0,0
bc2204,20220218,20220218,133448500,13:34:49,63700,9428,10432,3001069600,0,0,0
bc2204,20220218,20220218,133449000,13:34:49,63700,9428,10432,3001069600,0,0,0
bc2204,20220218,20220218,133449500,13:34:49,63700,9428,10432,3001069600,0,0,0
bc2204,20220218,20220218,133451500,13:34:52,63720,9430,10431,3001706750,2,-1,637150
bc2204,20220218,20220218,133452000,13:34:52,63720,9430,10431,3001706750,0,0,0
bc2204,20220218,20220218,133452500,13:34:53,63720,9430,10431,3001706750,0,0,0
bc2204,20220218,20220218,133453000,13:34:53,63720,9430,10431,3001706750,0,0,0
bc2204,20220218,20220218,133453500,13:34:56,63720,9430,10431,3001706750,0,0,0
bc2204,20220218,20220218,133454000,13:34:56,63720,9430,10431,3001706750,0,0,0
bc2204,20220218,20220218,133454500,13:34:56,63720,9430,10431,3001706750,0,0,0
bc2204,20220218,20220218,133455500,13:34:56,63720,9430,10431,3001706750,0,0,0
bc2204,20220218,20220218,133456000,13:34:57,63720,9430,10431,3001706750,0,0,0
bc2204,20220218,20220218,133456500,13:34:57,63720,9430,10431,3001706750,0,0,0
bc2204,20220218,20220218,133457000,13:34:57,63720,9430,10431,3001706750,0,0,0
bc2204,20220218,20220218,133501000,13:35:04,63720,9430,10431,3001706750,0,0,0
bc2204,20220218,20220218,133501500,13:35:05,63720,9430,10431,3001706750,0,0,0
bc2204,20220218,20220218,133504500,13:35:10,63720,9430,10431,3001706750,0,0,0
bc2204,20220218,20220218,133510000,13:35:10,63720,9430,10431,3001706750,0,0,0
bc2204,20220218,20220218,133511000,13:35:11,63720,9430,10431,3001706750,0,0,0
bc2204,20220218,20220218,133511500,13:35:12,63720,9430,10431,3001706750,0,0,0
bc2204,20220218,20220218,133512000,13:35:13,63730,9437,10432,3003937150,7,1,2230400
bc2204,20220218,20220218,133512500,13:35:13,63730,9437,10432,3003937150,0,0,0
bc2204,20220218,20220218,133513000,13:35:13,63730,9437,10432,3003937150,0,0,0
bc2204,20220218,20220218,133513500,13:35:14,63730,9437,10432,3003937150,0,0,0
bc2204,20220218,20220218,133514000,13:35:14,63730,9437,10432,3003937150,0,0,0
bc2204,20220218,20220218,133514500,13:35:15,63730,9437,10432,3003937150,0,0,0
bc2204,20220218,20220218,133515500,13:35:16,63730,9437,10432,3003937150,0,0,0
bc2204,20220218,20220218,133516000,13:35:16,63730,9437,10432,3003937150,0,0,0
bc2204,20220218,20220218,133517000,13:35:17,63730,9437,10432,3003937150,0,0,0
bc2204,20220218,20220218,133517500,13:35:18,63730,9437,10432,3003937150,0,0,0
bc2204,20220218,20220218,133518000,13:35:19,63730,9437,10432,3003937150,0,0,0
bc2204,20220218,20220218,133518500,13:35:19,63730,9437,10432,3003937150,0,0,0
bc2204,20220218,20220218,133519000,13:35:19,63730,9437,10432,3003937150,0,0,0
bc2204,20220218,20220218,133519500,13:35:20,63730,9437,10432,3003937150,0,0,0
bc2204,20220218,20220218,133520000,13:35:20,63730,9437,10432,3003937150,0,0,0
bc2204,20220218,20220218,133520500,13:35:21,63730,9437,10432,3003937150,0,0,0
bc2204,20220218,20220218,133521000,13:35:21,63730,9437,10432,3003937150,0,0,0
bc2204,20220218,20220218,133521500,13:35:22,63730,9437,10432,3003937150,0,0,0
bc2204,20220218,20220218,133522000,13:35:22,63730,9437,10432,3003937150,0,0,0
bc2204,20220218,20220218,133522500,13:35:23,63740,9439,10433,3004574550,2,1,637400
bc2204,20220218,20220218,133523000,13:35:23,63740,9440,10432,3004893250,1,-1,318700
bc2204,20220218,20220218,133523500,13:35:23,63740,9440,10432,3004893250,0,0,0
bc2204,20220218,20220218,133524000,13:35:25,63740,9440,10432,3004893250,0,0,0
bc2204,20220218,20220218,133524500,13:35:25,63740,9440,10432,3004893250,0,0,0
bc2204,20220218,20220218,133525000,13:35:26,63750,9456,10439,3009993250,16,7,5100000
bc2204,20220218,20220218,133525500,13:35:26,63750,9459,10437,3010949500,3,-2,956250
bc2204,20220218,20220218,133526000,13:35:26,63750,9459,10437,3010949500,0,0,0
bc2204,20220218,20220218,133526500,13:35:27,63750,9459,10437,3010949500,0,0,0
bc2204,20220218,20220218,133527000,13:35:31,63760,9460,10436,3011268300,1,-1,318800
bc2204,20220218,20220218,133527500,13:35:31,63760,9460,10436,3011268300,0,0,0
bc2204,20220218,20220218,133528000,13:35:32,63760,9462,10436,3011905900,2,0,637600
bc2204,20220218,20220218,133531000,13:35:33,63760,9462,10436,3011905900,0,0,0
bc2204,20220218,20220218,133531500,13:35:41,63760,9462,10436,3011905900,0,0,0
bc2204,20220218,20220218,133532000,13:35:42,63760,9462,10436,3011905900,0,0,0
bc2204,20220218,20220218,133537000,13:35:43,63760,9462,10436,3011905900,0,0,0
bc2204,20220218,20220218,133542500,13:35:44,63750,9482,10428,3018281500,20,-8,6375600
bc2204,20220218,20220218,133543500,13:35:44,63750,9487,10427,3019875250,5,-1,1593750
bc2204,20220218,20220218,133544000,13:35:45,63750,9488,10427,3020194000,1,0,318750
bc2204,20220218,20220218,133544500,13:35:45,63750,9488,10427,3020194000,0,0,0
bc2204,20220218,20220218,133545000,13:35:46,63750,9488,10427,3020194000,0,0,0
bc2204,20220218,20220218,133545500,13:35:46,63750,9488,10427,3020194000,0,0,0
bc2204,20220218,20220218,133546000,13:35:46,63750,9488,10427,3020194000,0,0,0
bc2204,20220218,20220218,133546500,13:35:46,63750,9488,10427,3020194000,0,0,0
bc2204,20220218,20220218,133548500,13:35:48,63750,9488,10427,3020194000,0,0,0
bc2204,20220218,20220218,133549000,13:35:49,63760,9490,10427,3020831600,2,0,637600
bc2204,20220218,20220218,133549500,13:35:49,63760,9490,10427,3020831600,0,0,0
bc2204,20220218,20220218,133550000,13:35:50,63760,9490,10427,3020831600,0,0,0
bc2204,20220218,20220218,133550500,13:35:50,63760,9490,10427,3020831600,0,0,0
bc2204,20220218,20220218,133551000,13:35:51,63760,9490,10427,3020831600,0,0,0
bc2204,20220218,20220218,133551500,13:35:52,63760,9490,10427,3020831600,0,0,0
bc2204,20220218,20220218,133552000,13:35:52,63760,9490,10427,3020831600,0,0,0
bc2204,20220218,20220218,133552500,13:35:52,63770,9494,10427,3022107000,4,0,1275400
bc2204,20220218,20220218,133553000,13:35:55,63770,9494,10427,3022107000,0,0,0
bc2204,20220218,20220218,133553500,13:35:55,63770,9494,10427,3022107000,0,0,0
bc2204,20220218,20220218,133554000,13:35:55,63770,9494,10427,3022107000,0,0,0
bc2204,20220218,20220218,133554500,13:35:55,63770,9494,10427,3022107000,0,0,0
bc2204,20220218,20220218,133556000,13:35:56,63770,9494,10427,3022107000,0,0,0
bc2204,20220218,20220218,133556500,13:35:58,63770,9494,10427,3022107000,0,0,0
bc2204,20220218,20220218,133557000,13:35:59,63770,9494,10427,3022107000,0,0,0
bc2204,20220218,20220218,133559500,13:36:03,63780,9496,10426,3022744800,2,-1,637800
bc2204,20220218,20220218,133601500,13:36:03,63780,9496,10426,3022744800,0,0,0
bc2204,20220218,20220218,133602500,13:36:03,63780,9496,10426,3022744800,0,0,0
bc2204,20220218,20220218,133603000,13:36:05,63780,9498,10426,3023382600,2,0,637800
bc2204,20220218,20220218,133603500,13:36:05,63780,9498,10426,3023382600,0,0,0
bc2204,20220218,20220218,133605000,13:36:06,63780,9498,10426,3023382600,0,0,0
bc2204,20220218,20220218,133609000,13:36:09,63780,9498,10426,3023382600,0,0,0
bc2204,20220218,20220218,133609500,13:36:10,63780,9498,10426,3023382600,0,0,0
bc2204,20220218,20220218,133610000,13:36:10,63780,9498,10426,3023382600,0,0,0
bc2204,20220218,20220218,133610500,13:36:11,63780,9498,10426,3023382600,0,0,0
bc2204,20220218,20220218,133611000,13:36:11,63780,9498,10426,3023382600,0,0,0
bc2204,20220218,20220218,133611500,13:36:12,63780,9498,10426,3023382600,0,0,0
bc2204,20220218,20220218,133612000,13:36:12,63780,9498,10426,3023382600,0,0,0
bc2204,20220218,20220218,133612500,13:36:12,63780,9498,10426,3023382600,0,0,0
bc2204,20220218,20220218,133613000,13:36:13,63780,9498,10426,3023382600,0,0,0
bc2204,20220218,20220218,133615000,13:36:15,63780,9498,10426,3023382600,0,0,0
bc2204,20220218,20220218,133620000,13:36:20,63780,9498,10426,3023382600,0,0,0
bc2204,20220218,20220218,133620500,13:36:20,63780,9498,10426,3023382600,0,0,0
bc2204,20220218,20220218,133621000,13:36:21,63780,9498,10426,3023382600,0,0,0
bc2204,20220218,20220218,133627000,13:36:28,63780,9498,10426,3023382600,0,0,0
bc2204,20220218,20220218,133627500,13:36:28,63780,9498,10426,3023382600,0,0,0
bc2204,20220218,20220218,133628000,13:36:28,63780,9498,10426,3023382600,0,0,0
bc2204,20220218,20220218,133628500,13:36:29,63770,9508,10421,3026571100,10,-5,3188500
bc2204,20220218,20220218,133629000,13:36:30,63770,9515,10425,3028803050,7,4,2231950
bc2204,20220218,20220218,133629500,13:36:30,63770,9515,10425,3028803050,0,0,0
bc2204,20220218,20220218,133630000,13:36:30,63770,9515,10425,3028803050,0,0,0
bc2204,20220218,20220218,133630500,13:36:31,63770,9515,10425,3028803050,0,0,0
bc2204,20220218,20220218,133631000,13:36:31,63770,9515,10425,3028803050,0,0,0
bc2204,20220218,20220218,133631500,13:36:31,63770,9515,10425,3028803050,0,0,0
bc2204,20220218,20220218,133632000,13:36:32,63770,9515,10425,3028803050,0,0,0
bc2204,20220218,20220218,133632500,13:36:33,63770,9515,10425,3028803050,0,0,0
bc2204,20220218,20220218,133634000,13:36:34,63770,9515,10425,3028803050,0,0,0
bc2204,20220218,20220218,133634500,13:36:35,63770,9515,10425,3028803050,0,0,0
bc2204,20220218,20220218,133635000,13:36:35,63770,9515,10425,3028803050,0,0,0
bc2204,20220218,20220218,133635500,13:36:36,63770,9515,10425,3028803050,0,0,0
bc2204,20220218,20220218,133636000,13:36:36,63770,9515,10425,3028803050,0,0,0
bc2204,20220218,20220218,133636500,13:36:36,63770,9515,10425,3028803050,0,0,0
bc2204,20220218,20220218,133637000,13:36:38,63770,9515,10425,3028803050,0,0,0
bc2204,20220218,20220218,133637500,13:36:38,63780,9517,10423,3029440850,2,-2,637800
bc2204,20220218,20220218,133638000,13:36:39,63780,9517,10423,3029440850,0,0,0
bc2204,20220218,20220218,133638500,13:36:39,63780,9517,10423,3029440850,0,0,0
bc2204,20220218,20220218,133639000,13:36:39,63780,9517,10423,3029440850,0,0,0
bc2204,20220218,20220218,133639500,13:36:39,63780,9517,10423,3029440850,0,0,0
bc2204,20220218,20220218,133640000,13:36:40,63780,9517,10423,3029440850,0,0,0
bc2204,20220218,20220218,133640500,13:36:40,63780,9517,10423,3029440850,0,0,0
bc2204,20220218,20220218,133641000,13:36:41,63780,9517,10423,3029440850,0,0,0
bc2204,20220218,20220218,133643500,13:36:44,63780,9517,10423,3029440850,0,0,0
bc2204,20220218,20220218,133646000,13:36:46,63780,9517,10423,3029440850,0,0,0
bc2204,20220218,20220218,133648000,13:36:48,63780,9517,10423,3029440850,0,0,0
bc2204,20220218,20220218,133652000,13:36:52,63780,9517,10423,3029440850,0,0,0
bc2204,20220218,20220218,133652500,13:36:53,63780,9517,10423,3029440850,0,0,0
bc2204,20220218,20220218,133653000,13:36:53,63780,9517,10423,3029440850,0,0,0
bc2204,20220218,20220218,133653500,13:36:54,63780,9517,10423,3029440850,0,0,0
bc2204,20220218,20220218,133654000,13:36:54,63780,9517,10423,3029440850,0,0,0
bc2204,20220218,20220218,133658000,13:36:58,63780,9517,10423,3029440850,0,0,0
bc2204,20220218,20220218,133659500,13:36:59,63780,9517,10423,3029440850,0,0,0
bc2204,20220218,20220218,133700000,13:37:00,63780,9517,10423,3029440850,0,0,0
bc2204,20220218,20220218,133701000,13:37:01,63780,9517,10423,3029440850,0,0,0
bc2204,20220218,20220218,133701500,13:37:02,63780,9517,10423,3029440850,0,0,0
bc2204,20220218,20220218,133702000,13:37:02,63780,9517,10423,3029440850,0,0,0
bc2204,20220218,20220218,133704000,13:37:04,63780,9517,10423,3029440850,0,0,0
bc2204,20220218,20220218,133709500,13:37:10,63780,9517,10423,3029440850,0,0,0
bc2204,20220218,20220218,133710000,13:37:11,63780,9517,10423,3029440850,0,0,0
bc2204,20220218,20220218,133710500,13:37:11,63780,9517,10423,3029440850,0,0,0
bc2204,20220218,20220218,133711000,13:37:12,63780,9517,10423,3029440850,0,0,0
bc2204,20220218,20220218,133711500,13:37:13,63780,9517,10423,3029440850,0,0,0
bc2204,20220218,20220218,133712000,13:37:13,63780,9517,10423,3029440850,0,0,0
bc2204,20220218,20220218,133713000,13:37:14,63780,9517,10423,3029440850,0,0,0
bc2204,20220218,20220218,133714500,13:37:15,63780,9517,10423,3029440850,0,0,0
bc2204,20220218,20220218,133715000,13:37:15,63780,9518,10423,3029759750,1,0,318900
bc2204,20220218,20220218,133715500,13:37:16,63780,9518,10423,3029759750,0,0,0
bc2204,20220218,20220218,133716000,13:37:16,63780,9518,10423,3029759750,0,0,0
bc2204,20220218,20220218,133716500,13:37:17,63780,9518,10423,3029759750,0,0,0
bc2204,20220218,20220218,133718000,13:37:19,63780,9518,10423,3029759750,0,0,0
bc2204,20220218,20220218,133718500,13:37:19,63780,9518,10423,3029759750,0,0,0
bc2204,20220218,20220218,133720000,13:37:21,63780,9518,10423,3029759750,0,0,0
bc2204,20220218,20220218,133720500,13:37:21,63780,9518,10423,3029759750,0,0,0
bc2204,20220218,20220218,133721000,13:37:21,63780,9518,10423,3029759750,0,0,0
bc2204,20220218,20220218,133722000,13:37:22,63780,9518,10423,3029759750,0,0,0
bc2204,20220218,20220218,133722500,13:37:23,63780,9518,10423,3029759750,0,0,0
bc2204,20220218,20220218,133723000,13:37:23,63780,9518,10423,3029759750,0,0,0
bc2204,20220218,20220218,133724000,13:37:24,63780,9518,10423,3029759750,0,0,0
bc2204,20220218,20220218,133724500,13:37:25,63780,9518,10423,3029759750,0,0,0
bc2204,20220218,20220218,133725000,13:37:25,63780,9518,10423,3029759750,0,0,0
bc2204,20220218,20220218,133725500,13:37:26,63780,9518,10423,3029759750,0,0,0
bc2204,20220218,20220218,133726000,13:37:26,63780,9518,10423,3029759750,0,0,0
bc2204,20220218,20220218,133727000,13:37:27,63780,9518,10423,3029759750,0,0,0
bc2204,20220218,20220218,133728000,13:37:28,63780,9518,10423,3029759750,0,0,0
bc2204,20220218,20220218,133728500,13:37:28,63780,9518,10423,3029759750,0,0,0
bc2204,20220218,20220218,133729500,13:37:30,63780,9518,10423,3029759750,0,0,0
bc2204,20220218,20220218,133730000,13:37:30,63780,9518,10423,3029759750,0,0,0
bc2204,20220218,20220218,133730500,13:37:31,63780,9518,10423,3029759750,0,0,0
bc2204,20220218,20220218,133731000,13:37:31,63780,9518,10423,3029759750,0,0,0
bc2204,20220218,20220218,133731500,13:37:31,63780,9518,10423,3029759750,0,0,0
bc2204,20220218,20220218,133732500,13:37:33,63780,9518,10423,3029759750,0,0,0
bc2204,20220218,20220218,133733000,13:37:33,63780,9518,10423,3029759750,0,0,0
bc2204,20220218,20220218,133733500,13:37:33,63780,9518,10423,3029759750,0,0,0
bc2204,20220218,20220218,133735000,13:37:35,63780,9518,10423,3029759750,0,0,0
bc2204,20220218,20220218,133735500,13:37:36,63780,9518,10423,3029759750,0,0,0
bc2204,20220218,20220218,133736000,13:37:36,63780,9518,10423,3029759750,0,0,0
bc2204,20220218,20220218,133737000,13:37:37,63780,9518,10423,3029759750,0,0,0
bc2204,20220218,20220218,133737500,13:37:37,63780,9518,10423,3029759750,0,0,0
bc2204,20220218,20220218,133738500,13:37:39,63780,9518,10423,3029759750,0,0,0
bc2204,20220218,20220218,133739000,13:37:39,63780,9518,10423,3029759750,0,0,0
bc2204,20220218,20220218,133742000,13:37:42,63770,9520,10422,3030397450,2,-1,637700
bc2204,20220218,20220218,133742500,13:37:43,63770,9520,10422,3030397450,0,0,0
bc2204,20220218,20220218,133743000,13:37:43,63770,9520,10422,3030397450,0,0,0
bc2204,20220218,20220218,133743500,13:37:44,63770,9520,10422,3030397450,0,0,0
bc2204,20220218,20220218,133745000,13:37:45,63770,9520,10422,3030397450,0,0,0
bc2204,20220218,20220218,133745500,13:37:45,63770,9520,10422,3030397450,0,0,0
bc2204,20220218,20220218,133746500,13:37:47,63780,9522,10423,3031035250,2,1,637800
bc2204,20220218,20220218,133747000,13:37:47,63780,9522,10423,3031035250,0,0,0
bc2204,20220218,20220218,133747500,13:37:48,63780,9522,10423,3031035250,0,0,0
bc2204,20220218,20220218,133748000,13:37:48,63780,9522,10423,3031035250,0,0,0
bc2204,20220218,20220218,133751000,13:37:51,63780,9522,10423,3031035250,0,0,0
bc2204,20220218,20220218,133752500,13:37:54,63780,9522,10423,3031035250,0,0,0
bc2204,20220218,20220218,133753000,13:37:54,63780,9522,10423,3031035250,0,0,0
bc2204,20220218,20220218,133753500,13:37:55,63780,9522,10423,3031035250,0,0,0
bc2204,20220218,20220218,133754000,13:37:55,63780,9522,10423,3031035250,0,0,0
bc2204,20220218,20220218,133757000,13:37:57,63780,9522,10423,3031035250,0,0,0
bc2204,20220218,20220218,133800500,13:38:02,63780,9522,10423,3031035250,0,0,0
bc2204,20220218,20220218,133801000,13:38:03,63780,9522,10423,3031035250,0,0,0
bc2204,20220218,20220218,133802000,13:38:03,63780,9522,10423,3031035250,0,0,0
bc2204,20220218,20220218,133803000,13:38:06,63780,9522,10423,3031035250,0,0,0
bc2204,20220218,20220218,133806000,13:38:08,63780,9522,10423,3031035250,0,0,0
bc2204,20220218,20220218,133806500,13:38:09,63780,9522,10423,3031035250,0,0,0
bc2204,20220218,20220218,133807000,13:38:09,63780,9522,10423,3031035250,0,0,0
bc2204,20220218,20220218,133809000,13:38:09,63780,9522,10423,3031035250,0,0,0
bc2204,20220218,20220218,133811500,13:38:14,63780,9522,10423,3031035250,0,0,0
bc2204,20220218,20220218,133812000,13:38:14,63780,9522,10423,3031035250,0,0,0
bc2204,20220218,20220218,133812500,13:38:14,63780,9522,10423,3031035250,0,0,0
bc2204,20220218,20220218,133813500,13:38:15,63780,9522,10423,3031035250,0,0,0
bc2204,20220218,20220218,133814000,13:38:17,63780,9522,10423,3031035250,0,0,0
bc2204,20220218,20220218,133814500,13:38:17,63780,9522,10423,3031035250,0,0,0
bc2204,20220218,20220218,133817000,13:38:18,63780,9522,10423,3031035250,0,0,0
bc2204,20220218,20220218,133817500,13:38:18,63780,9522,10423,3031035250,0,0,0
bc2204,20220218,20220218,133818000,13:38:18,63780,9522,10423,3031035250,0,0,0
bc2204,20220218,20220218,133818500,13:38:19,63780,9522,10423,3031035250,0,0,0
bc2204,20220218,20220218,133819000,13:38:19,63780,9522,10423,3031035250,0,0,0
bc2204,20220218,20220218,133819500,13:38:20,63780,9522,10423,3031035250,0,0,0
bc2204,20220218,20220218,133821500,13:38:23,63780,9522,10423,3031035250,0,0,0
bc2204,20220218,20220218,133822000,13:38:23,63780,9522,10423,3031035250,0,0,0
bc2204,20220218,20220218,133822500,13:38:23,63780,9522,10423,3031035250,0,0,0
bc2204,20220218,20220218,133823000,13:38:24,63790,9526,10424,3032310850,4,1,1275600
bc2204,20220218,20220218,133823500,13:38:24,63790,9526,10424,3032310850,0,0,0
bc2204,20220218,20220218,133824000,13:38:25,63790,9526,10424,3032310850,0,0,0
bc2204,20220218,20220218,133825500,13:38:42,63790,9526,10424,3032310850,0,0,0
bc2204,20220218,20220218,133837500,13:38:42,63790,9526,10424,3032310850,0,0,0
bc2204,20220218,20220218,133843500,13:38:43,63790,9526,10424,3032310850,0,0,0
bc2204,20220218,20220218,133844000,13:38:44,63790,9526,10424,3032310850,0,0,0
bc2204,20220218,20220218,133844500,13:38:44,63790,9526,10424,3032310850,0,0,0
bc2204,20220218,20220218,133849500,13:38:49,63790,9526,10424,3032310850,0,0,0
bc2204,20220218,20220218,133851000,13:38:51,63790,9526,10424,3032310850,0,0,0
bc2204,20220218,20220218,133853000,13:38:53,63790,9526,10424,3032310850,0,0,0
bc2204,20220218,20220218,133858000,13:38:58,63790,9526,10424,3032310850,0,0,0
bc2204,20220218,20220218,133903500,13:39:03,63790,9526,10424,3032310850,0,0,0
bc2204,20220218,20220218,133906500,13:39:06,63790,9526,10424,3032310850,0,0,0
bc2204,20220218,20220218,133913500,13:39:13,63790,9526,10424,3032310850,0,0,0
bc2204,20220218,20220218,133914000,13:39:15,63790,9528,10424,3032948750,2,0,637900
bc2204,20220218,20220218,133914500,13:39:16,63790,9528,10424,3032948750,0,0,0
bc2204,20220218,20220218,133915500,13:39:19,63790,9528,10424,3032948750,0,0,0
bc2204,20220218,20220218,133917500,13:39:19,63790,9528,10424,3032948750,0,0,0
bc2204,20220218,20220218,133920000,13:39:20,63790,9528,10424,3032948750,0,0,0
bc2204,20220218,20220218,133921500,13:39:21,63770,9542,10421,3037412700,14,-3,4463950
bc2204,20220218,20220218,133922500,13:39:23,63770,9550,10425,3039963500,8,4,2550800
bc2204,20220218,20220218,133924000,13:39:24,63770,9551,10425,3040282350,1,0,318850
bc2204,20220218,20220218,133924500,13:39:24,63770,9551,10425,3040282350,0,0,0
bc2204,20220218,20220218,133925000,13:39:25,63770,9551,10425,3040282350,0,0,0
bc2204,20220218,20220218,133927000,13:39:27,63770,9551,10425,3040282350,0,0,0
bc2204,20220218,20220218,133928000,13:39:28,63770,9551,10425,3040282350,0,0,0
bc2204,20220218,20220218,133929000,13:39:29,63770,9551,10425,3040282350,0,0,0
bc2204,20220218,20220218,133931000,13:39:31,63770,9551,10425,3040282350,0,0,0
bc2204,20220218,20220218,133935000,13:39:35,63770,9551,10425,3040282350,0,0,0
bc2204,20220218,20220218,133936000,13:39:36,63770,9551,10425,3040282350,0,0,0
bc2204,20220218,20220218,133937000,13:39:37,63770,9552,10425,3040601200,1,0,318850
bc2204,20220218,20220218,133938000,13:39:38,63770,9552,10425,3040601200,0,0,0
bc2204,20220218,20220218,133939000,13:39:39,63770,9552,10425,3040601200,0,0,0
bc2204,20220218,20220218,133940500,13:39:41,63770,9552,10425,3040601200,0,0,0
bc2204,20220218,20220218,133941000,13:39:41,63760,9555,10427,3041557600,3,2,956400
bc2204,20220218,20220218,133943500,13:39:43,63770,9556,10426,3041876450,1,-1,318850
bc2204,20220218,20220218,133944500,13:39:45,63770,9556,10426,3041876450,0,0,0
bc2204,20220218,20220218,133945000,13:39:45,63770,9556,10426,3041876450,0,0,0
bc2204,20220218,20220218,133945500,13:39:46,63770,9556,10426,3041876450,0,0,0
bc2204,20220218,20220218,133946000,13:39:47,63770,9556,10426,3041876450,0,0,0
bc2204,20220218,20220218,133946500,13:39:47,63770,9556,10426,3041876450,0,0,0
bc2204,20220218,20220218,133948000,13:39:48,63770,9556,10426,3041876450,0,0,0
bc2204,20220218,20220218,133948500,13:39:48,63770,9556,10426,3041876450,0,0,0
bc2204,20220218,20220218,133949000,13:39:49,63770,9556,10426,3041876450,0,0,0
bc2204,20220218,20220218,133949500,13:39:50,63770,9556,10426,3041876450,0,0,0
bc2204,20220218,20220218,133950000,13:39:50,63770,9556,10426,3041876450,0,0,0
bc2204,20220218,20220218,133955500,13:39:56,63770,9558,10425,3042514150,2,-1,637700
bc2204,20220218,20220218,133956000,13:39:56,63770,9558,10425,3042514150,0,0,0
bc2204,20220218,20220218,133956500,13:39:57,63770,9558,10425,3042514150,0,0,0
bc2204,20220218,20220218,133957000,13:39:58,63770,9558,10425,3042514150,0,0,0
bc2204,20220218,20220218,133957500,13:40:13,63770,9558,10425,3042514150,0,0,0
bc2204,20220218,20220218,134008000,13:40:13,63770,9558,10425,3042514150,0,0,0
bc2204,20220218,20220218,134014000,13:40:14,63770,9558,10425,3042514150,0,0,0
bc2204,20220218,20220218,134014500,13:40:16,63770,9558,10425,3042514150,0,0,0
bc2204,20220218,20220218,134015000,13:40:16,63770,9558,10425,3042514150,0,0,0
bc2204,20220218,20220218,134018000,13:40:19,63770,9558,10425,3042514150,0,0,0
bc2204,20220218,20220218,134018500,13:40:19,63770,9558,10425,3042514150,0,0,0
bc2204,20220218,20220218,134019000,13:40:19,63770,9558,10425,3042514150,0,0,0
bc2204,20220218,20220218,134019500,13:40:20,63770,9558,10425,3042514150,0,0,0
bc2204,20220218,20220218,134020000,13:40:20,63770,9558,10425,3042514150,0,0,0
bc2204,20220218,20220218,134021000,13:40:22,63780,9559,10424,3042833050,1,-1,318900
bc2204,20220218,20220218,134021500,13:40:22,63780,9559,10424,3042833050,0,0,0
bc2204,20220218,20220218,134022000,13:40:22,63780,9563,10425,3044108650,4,1,1275600
bc2204,20220218,20220218,134022500,13:40:23,63780,9563,10425,3044108650,0,0,0
bc2204,20220218,20220218,134023000,13:40:23,63780,9563,10425,3044108650,0,0,0
bc2204,20220218,20220218,134023500,13:40:24,63780,9563,10425,3044108650,0,0,0
bc2204,20220218,20220218,134024000,13:40:24,63780,9563,10425,3044108650,0,0,0
bc2204,20220218,20220218,134024500,13:40:25,63780,9563,10425,3044108650,0,0,0
bc2204,20220218,20220218,134025000,13:40:25,63780,9563,10425,3044108650,0,0,0
bc2204,20220218,20220218,134025500,13:40:26,63780,9563,10425,3044108650,0,0,0
bc2204,20220218,20220218,134026000,13:40:27,63780,9563,10425,3044108650,0,0,0
bc2204,20220218,20220218,134026500,13:40:27,63780,9563,10425,3044108650,0,0,0
bc2204,20220218,20220218,134027000,13:40:27,63780,9563,10425,3044108650,0,0,0
bc2204,20220218,20220218,134027500,13:40:27,63780,9563,10425,3044108650,0,0,0
bc2204,20220218,20220218,134028500,13:40:29,63780,9563,10425,3044108650,0,0,0
bc2204,20220218,20220218,134029000,13:40:30,63780,9563,10425,3044108650,0,0,0
bc2204,20220218,20220218,134030500,13:40:31,63780,9563,10425,3044108650,0,0,0
bc2204,20220218,20220218,134031500,13:40:32,63780,9563,10425,3044108650,0,0,0
bc2204,20220218,20220218,134032000,13:40:32,63780,9563,10425,3044108650,0,0,0
bc2204,20220218,20220218,134033000,13:40:34,63780,9563,10425,3044108650,0,0,0
bc2204,20220218,20220218,134033500,13:40:34,63780,9563,10425,3044108650,0,0,0
bc2204,20220218,20220218,134034000,13:40:35,63780,9563,10425,3044108650,0,0,0
bc2204,20220218,20220218,134034500,13:40:35,63780,9563,10425,3044108650,0,0,0
bc2204,20220218,20220218,134035000,13:40:35,63780,9563,10425,3044108650,0,0,0
bc2204,20220218,20220218,134035500,13:40:36,63780,9563,10425,3044108650,0,0,0
bc2204,20220218,20220218,134036000,13:40:36,63780,9563,10425,3044108650,0,0,0
bc2204,20220218,20220218,134036500,13:40:37,63780,9565,10425,3044746450,2,0,637800
bc2204,20220218,20220218,134037000,13:40:37,63780,9565,10425,3044746450,0,0,0
bc2204,20220218,20220218,134037500,13:40:38,63780,9565,10425,3044746450,0,0,0
bc2204,20220218,20220218,134038000,13:40:38,63780,9565,10425,3044746450,0,0,0
bc2204,20220218,20220218,134038500,13:40:38,63780,9565,10425,3044746450,0,0,0
bc2204,20220218,20220218,134039000,13:40:40,63780,9565,10425,3044746450,0,0,0
bc2204,20220218,20220218,134039500,13:40:40,63780,9565,10425,3044746450,0,0,0
bc2204,20220218,20220218,134040000,13:40:41,63780,9565,10425,3044746450,0,0,0
bc2204,20220218,20220218,134041000,13:40:42,63780,9565,10425,3044746450,0,0,0
bc2204,20220218,20220218,134041500,13:40:42,63780,9565,10425,3044746450,0,0,0
bc2204,20220218,20220218,134042000,13:40:42,63780,9565,10425,3044746450,0,0,0
bc2204,20220218,20220218,134042500,13:40:43,63780,9565,10425,3044746450,0,0,0
bc2204,20220218,20220218,134043000,13:40:43,63780,9565,10425,3044746450,0,0,0
bc2204,20220218,20220218,134043500,13:40:44,63780,9565,10425,3044746450,0,0,0
bc2204,20220218,20220218,134045000,13:40:45,63780,9565,10425,3044746450,0,0,0
bc2204,20220218,20220218,134045500,13:40:46,63780,9565,10425,3044746450,0,0,0
bc2204,20220218,20220218,134046000,13:40:46,63780,9565,10425,3044746450,0,0,0
bc2204,20220218,20220218,134046500,13:40:46,63780,9565,10425,3044746450,0,0,0
bc2204,20220218,20220218,134047000,13:40:47,63780,9565,10425,3044746450,0,0,0
bc2204,20220218,20220218,134047500,13:40:47,63780,9565,10425,3044746450,0,0,0
bc2204,20220218,20220218,134048000,13:40:48,63780,9565,10425,3044746450,0,0,0
bc2204,20220218,20220218,134048500,13:40:48,63780,9565,10425,3044746450,0,0,0
bc2204,20220218,20220218,134049000,13:40:49,63780,9565,10425,3044746450,0,0,0
bc2204,20220218,20220218,134049500,13:40:49,63780,9565,10425,3044746450,0,0,0
bc2204,20220218,20220218,134050500,13:40:50,63780,9565,10425,3044746450,0,0,0
bc2204,20220218,20220218,134051000,13:40:55,63780,9565,10425,3044746450,0,0,0
bc2204,20220218,20220218,134054000,13:40:55,63780,9565,10425,3044746450,0,0,0
bc2204,20220218,20220218,134055500,13:40:57,63780,9565,10425,3044746450,0,0,0
bc2204,20220218,20220218,134057500,13:40:58,63780,9565,10425,3044746450,0,0,0
bc2204,20220218,20220218,134058000,13:40:59,63780,9565,10425,3044746450,0,0,0
bc2204,20220218,20220218,134058500,13:40:59,63780,9565,10425,3044746450,0,0,0
bc2204,20220218,20220218,134059000,13:40:59,63780,9565,10425,3044746450,0,0,0
bc2204,20220218,20220218,134101500,13:41:01,63780,9565,10425,3044746450,0,0,0
bc2204,20220218,20220218,134104500,13:41:06,63780,9565,10425,3044746450,0,0,0
bc2204,20220218,20220218,134105000,13:41:06,63780,9565,10425,3044746450,0,0,0
bc2204,20220218,20220218,134105500,13:41:06,63780,9565,10425,3044746450,0,0,0
bc2204,20220218,20220218,134106000,13:41:07,63780,9565,10425,3044746450,0,0,0
bc2204,20220218,20220218,134106500,13:41:07,63790,9568,10426,3045703300,3,1,956850
bc2204,20220218,20220218,134107000,13:41:07,63790,9568,10426,3045703300,0,0,0
bc2204,20220218,20220218,134107500,13:41:09,63790,9569,10427,3046022250,1,1,318950
bc2204,20220218,20220218,134108000,13:41:09,63790,9569,10427,3046022250,0,0,0
bc2204,20220218,20220218,134108500,13:41:10,63790,9569,10427,3046022250,0,0,0
bc2204,20220218,20220218,134109000,13:41:10,63790,9569,10427,3046022250,0,0,0
bc2204,20220218,20220218,134109500,13:41:10,63790,9569,10427,3046022250,0,0,0
bc2204,20220218,20220218,134110000,13:41:10,63790,9569,10427,3046022250,0,0,0
bc2204,20220218,20220218,134110500,13:41:10,63790,9569,10427,3046022250,0,0,0
bc2204,20220218,20220218,134111000,13:41:11,63790,9569,10427,3046022250,0,0,0
bc2204,20220218,20220218,134112000,13:41:12,63790,9569,10427,3046022250,0,0,0
bc2204,20220218,20220218,134112500,13:41:12,63790,9569,10427,3046022250,0,0,0
bc2204,20220218,20220218,134113000,13:41:13,63790,9569,10427,3046022250,0,0,0
bc2204,20220218,20220218,134113500,13:41:13,63790,9569,10427,3046022250,0,0,0
bc2204,20220218,20220218,134114000,13:41:15,63790,9569,10427,3046022250,0,0,0
bc2204,20220218,20220218,134114500,13:41:16,63790,9569,10427,3046022250,0,0,0
bc2204,20220218,20220218,134115000,13:41:16,63790,9569,10427,3046022250,0,0,0
bc2204,20220218,20220218,134115500,13:41:16,63790,9569,10427,3046022250,0,0,0
bc2204,20220218,20220218,134116000,13:41:17,63790,9569,10427,3046022250,0,0,0
bc2204,20220218,20220218,134117000,13:41:17,63800,9581,10429,3049850250,12,2,3828000
bc2204,20220218,20220218,134117500,13:41:19,63810,9582,10428,3050169300,1,-1,319050
bc2204,20220218,20220218,134118000,13:41:19,63810,9582,10428,3050169300,0,0,0
bc2204,20220218,20220218,134118500,13:41:19,63800,9584,10427,3050807300,2,-1,638000
bc2204,20220218,20220218,134119000,13:41:19,63800,9584,10427,3050807300,0,0,0
bc2204,20220218,20220218,134119500,13:41:20,63800,9584,10427,3050807300,0,0,0
bc2204,20220218,20220218,134120000,13:41:20,63800,9584,10427,3050807300,0,0,0
bc2204,20220218,20220218,134120500,13:41:23,63800,9584,10427,3050807300,0,0,0
bc2204,20220218,20220218,134121000,13:41:23,63800,9584,10427,3050807300,0,0,0
bc2204,20220218,20220218,134121500,13:41:24,63800,9584,10427,3050807300,0,0,0
bc2204,20220218,20220218,134123000,13:41:24,63800,9584,10427,3050807300,0,0,0
bc2204,20220218,20220218,134123500,13:41:24,63800,9584,10427,3050807300,0,0,0
bc2204,20220218,20220218,134124000,13:41:24,63810,9586,10425,3051445400,2,-2,638100
bc2204,20220218,20220218,134124500,13:41:26,63810,9586,10425,3051445400,0,0,0
bc2204,20220218,20220218,134125000,13:41:27,63810,9586,10425,3051445400,0,0,0
bc2204,20220218,20220218,134125500,13:41:27,63810,9586,10425,3051445400,0,0,0
bc2204,20220218,20220218,134126500,13:41:27,63810,9586,10425,3051445400,0,0,0
bc2204,20220218,20220218,134127000,13:41:27,63810,9586,10425,3051445400,0,0,0
bc2204,20220218,20220218,134127500,13:41:28,63810,9586,10425,3051445400,0,0,0
bc2204,20220218,20220218,134129500,13:41:30,63810,9586,10425,3051445400,0,0,0
bc2204,20220218,20220218,134131500,13:41:32,63810,9586,10425,3051445400,0,0,0
bc2204,20220218,20220218,134132000,13:41:32,63810,9586,10425,3051445400,0,0,0
bc2204,20220218,20220218,134133500,13:41:34,63800,9589,10425,3052402400,3,0,957000
bc2204,20220218,20220218,134134000,13:41:34,63800,9590,10424,3052721400,1,-1,319000
bc2204,20220218,20220218,134134500,13:41:34,63810,9592,10423,3053359450,2,-1,638050
bc2204,20220218,20220218,134135000,13:41:35,63810,9592,10423,3053359450,0,0,0
bc2204,20220218,20220218,134135500,13:41:35,63810,9592,10423,3053359450,0,0,0
bc2204,20220218,20220218,134137000,13:41:40,63810,9592,10423,3053359450,0,0,0
bc2204,20220218,20220218,134139000,13:41:42,63810,9592,10423,3053359450,0,0,0
bc2204,20220218,20220218,134140000,13:41:42,63810,9592,10423,3053359450,0,0,0
bc2204,20220218,20220218,134142000,13:41:42,63810,9592,10423,3053359450,0,0,0
bc2204,20220218,20220218,134142500,13:41:42,63810,9592,10423,3053359450,0,0,0
bc2204,20220218,20220218,134143500,13:41:44,63810,9592,10423,3053359450,0,0,0
bc2204,20220218,20220218,134144000,13:41:44,63810,9592,10423,3053359450,0,0,0
bc2204,20220218,20220218,134145500,13:41:45,63810,9592,10423,3053359450,0,0,0
bc2204,20220218,20220218,134146000,13:41:47,63810,9592,10423,3053359450,0,0,0
bc2204,20220218,20220218,134147000,13:41:47,63810,9592,10423,3053359450,0,0,0
bc2204,20220218,20220218,134147500,13:41:48,63810,9592,10423,3053359450,0,0,0
bc2204,20220218,20220218,134148000,13:41:48,63810,9592,10423,3053359450,0,0,0
bc2204,20220218,20220218,134148500,13:41:48,63810,9592,10423,3053359450,0,0,0
bc2204,20220218,20220218,134151000,13:41:51,63810,9592,10423,3053359450,0,0,0
bc2204,20220218,20220218,134151500,13:41:52,63810,9592,10423,3053359450,0,0,0
bc2204,20220218,20220218,134153000,13:41:54,63810,9592,10423,3053359450,0,0,0
bc2204,20220218,20220218,134159000,13:42:10,63810,9592,10423,3053359450,0,0,0
bc2204,20220218,20220218,134209500,13:42:12,63810,9592,10423,3053359450,0,0,0
bc2204,20220218,20220218,134211000,13:42:12,63810,9592,10423,3053359450,0,0,0
bc2204,20220218,20220218,134212000,13:42:13,63810,9592,10423,3053359450,0,0,0
bc2204,20220218,20220218,134213000,13:42:13,63810,9592,10423,3053359450,0,0,0
bc2204,20220218,20220218,134213500,13:42:14,63810,9594,10422,3053997550,2,-1,638100
bc2204,20220218,20220218,134214000,13:42:14,63810,9594,10422,3053997550,0,0,0
bc2204,20220218,20220218,134214500,13:42:15,63810,9594,10422,3053997550,0,0,0
bc2204,20220218,20220218,134215000,13:42:15,63810,9594,10422,3053997550,0,0,0
bc2204,20220218,20220218,134215500,13:42:16,63810,9594,10422,3053997550,0,0,0
bc2204,20220218,20220218,134217000,13:42:19,63810,9594,10422,3053997550,0,0,0
bc2204,20220218,20220218,134217500,13:42:19,63810,9594,10422,3053997550,0,0,0
bc2204,20220218,20220218,134218000,13:42:20,63810,9594,10422,3053997550,0,0,0
bc2204,20220218,20220218,134218500,13:42:20,63810,9594,10422,3053997550,0,0,0
bc2204,20220218,20220218,134219500,13:42:20,63810,9594,10422,3053997550,0,0,0
bc2204,20220218,20220218,134220000,13:42:21,63810,9594,10422,3053997550,0,0,0
bc2204,20220218,20220218,134220500,13:42:21,63810,9594,10422,3053997550,0,0,0
bc2204,20220218,20220218,134221000,13:42:21,63810,9594,10422,3053997550,0,0,0
bc2204,20220218,20220218,134221500,13:42:22,63810,9594,10422,3053997550,0,0,0
bc2204,20220218,20220218,134222000,13:42:22,63810,9594,10422,3053997550,0,0,0
bc2204,20220218,20220218,134222500,13:42:22,63810,9594,10422,3053997550,0,0,0
bc2204,20220218,20220218,134223000,13:42:23,63810,9594,10422,3053997550,0,0,0
bc2204,20220218,20220218,134223500,13:42:24,63800,9597,10422,3054954550,3,0,957000
bc2204,20220218,20220218,134224000,13:42:24,63800,9597,10422,3054954550,0,0,0
bc2204,20220218,20220218,134224500,13:42:25,63800,9597,10422,3054954550,0,0,0
bc2204,20220218,20220218,134225000,13:42:25,63800,9597,10422,3054954550,0,0,0
bc2204,20220218,20220218,134225500,13:42:25,63800,9597,10422,3054954550,0,0,0
bc2204,20220218,20220218,134226000,13:42:27,63800,9597,10422,3054954550,0,0,0
bc2204,20220218,20220218,134227500,13:42:29,63800,9597,10422,3054954550,0,0,0
bc2204,20220218,20220218,134229000,13:42:29,63800,9597,10422,3054954550,0,0,0
bc2204,20220218,20220218,134235000,13:42:35,63800,9597,10422,3054954550,0,0,0
bc2204,20220218,20220218,134239500,13:42:39,63800,9598,10422,3055273550,1,0,319000
bc2204,20220218,20220218,134244000,13:42:44,63800,9598,10422,3055273550,0,0,0
bc2204,20220218,20220218,134246500,13:42:46,63800,9598,10422,3055273550,0,0,0
bc2204,20220218,20220218,134255000,13:42:55,63800,9598,10422,3055273550,0,0,0
bc2204,20220218,20220218,134255500,13:42:55,63800,9598,10422,3055273550,0,0,0
bc2204,20220218,20220218,134256000,13:42:56,63800,9598,10422,3055273550,0,0,0
bc2204,20220218,20220218,134256500,13:42:57,63800,9598,10422,3055273550,0,0,0
bc2204,20220218,20220218,134257000,13:42:59,63800,9598,10422,3055273550,0,0,0
bc2204,20220218,20220218,134257500,13:42:59,63800,9598,10422,3055273550,0,0,0
bc2204,20220218,20220218,134301000,13:43:02,63800,9598,10422,3055273550,0,0,0
bc2204,20220218,20220218,134301500,13:43:02,63800,9598,10422,3055273550,0,0,0
bc2204,20220218,20220218,134302000,13:43:02,63800,9598,10422,3055273550,0,0,0
bc2204,20220218,20220218,134305000,13:43:12,63800,9598,10422,3055273550,0,0,0
bc2204,20220218,20220218,134310500,13:43:12,63800,9598,10422,3055273550,0,0,0
bc2204,20220218,20220218,134312000,13:43:14,63800,9598,10422,3055273550,0,0,0
bc2204,20220218,20220218,134312500,13:43:14,63800,9598,10422,3055273550,0,0,0
bc2204,20220218,20220218,134314000,13:43:14,63790,9601,10421,3056230400,3,-1,956850
bc2204,20220218,20220218,134314500,13:43:15,63790,9601,10421,3056230400,0,0,0
bc2204,20220218,20220218,134315000,13:43:15,63790,9601,10421,3056230400,0,0,0
bc2204,20220218,20220218,134315500,13:43:15,63790,9601,10421,3056230400,0,0,0
bc2204,20220218,20220218,134318500,13:43:18,63790,9601,10421,3056230400,0,0,0
bc2204,20220218,20220218,134324500,13:43:24,63790,9601,10421,3056230400,0,0,0
bc2204,20220218,20220218,134325000,13:43:25,63790,9601,10421,3056230400,0,0,0
bc2204,20220218,20220218,134326000,13:43:26,63790,9601,10421,3056230400,0,0,0
bc2204,20220218,20220218,134326500,13:43:27,63790,9601,10421,3056230400,0,0,0
bc2204,20220218,20220218,134327000,13:43:27,63790,9601,10421,3056230400,0,0,0
bc2204,20220218,20220218,134327500,13:43:27,63790,9601,10421,3056230400,0,0,0
bc2204,20220218,20220218,134328000,13:43:29,63790,9601,10421,3056230400,0,0,0
bc2204,20220218,20220218,134328500,13:43:29,63790,9601,10421,3056230400,0,0,0
bc2204,20220218,20220218,134329000,13:43:29,63790,9601,10421,3056230400,0,0,0
bc2204,20220218,20220218,134330500,13:43:30,63790,9601,10421,3056230400,0,0,0
bc2204,20220218,20220218,134332000,13:43:32,63790,9601,10421,3056230400,0,0,0
bc2204,20220218,20220218,134332500,13:43:32,63790,9601,10421,3056230400,0,0,0
bc2204,20220218,20220218,134333000,13:43:33,63790,9601,10421,3056230400,0,0,0
bc2204,20220218,20220218,134333500,13:43:34,63790,9601,10421,3056230400,0,0,0
bc2204,20220218,20220218,134334500,13:43:34,63790,9601,10421,3056230400,0,0,0
bc2204,20220218,20220218,134335000,13:43:35,63790,9601,10421,3056230400,0,0,0
bc2204,20220218,20220218,134336500,13:43:37,63790,9601,10421,3056230400,0,0,0
bc2204,20220218,20220218,134337000,13:43:37,63790,9601,10421,3056230400,0,0,0
