bc2205,20220218,20220218,112002000,11:20:05,63840,2395,6155,762313450,2395,125,762313450
bc2205,20220218,20220218,112004500,11:20:09,63840,2395,6155,762313450,0,0,0
bc2205,20220218,20220218,112005000,11:20:10,63840,2395,6155,762313450,0,0,0
bc2205,20220218,20220218,112006000,11:20:10,63840,2395,6155,762313450,0,0,0
bc2205,20220218,20220218,112006500,11:20:10,63840,2395,6155,762313450,0,0,0
bc2205,20220218,20220218,112007000,11:20:10,63840,2395,6155,762313450,0,0,0
bc2205,20220218,20220218,112007500,11:20:10,63840,2395,6155,762313450,0,0,0
bc2205,20220218,20220218,112008000,11:20:10,63840,2395,6155,762313450,0,0,0
bc2205,20220218,20220218,112008500,11:20:10,63840,2395,6155,762313450,0,0,0
bc2205,20220218,20220218,112009000,11:20:10,63840,2395,6155,762313450,0,0,0
bc2205,20220218,20220218,112009500,11:20:10,63840,2395,6155,762313450,0,0,0
bc2205,20220218,20220218,112010000,11:20:10,63840,2395,6155,762313450,0,0,0
bc2205,20220218,20220218,112010500,11:20:10,63840,2395,6155,762313450,0,0,0
bc2205,20220218,20220218,112011000,11:20:11,63840,2395,6155,762313450,0,0,0
bc2205,20220218,20220218,112011500,11:20:12,63840,2395,6155,762313450,0,0,0
bc2205,20220218,20220218,112012000,11:20:12,63840,2395,6155,762313450,0,0,0
bc2205,20220218,20220218,112012500,11:20:12,63840,2395,6155,762313450,0,0,0
bc2205,20220218,20220218,112013000,11:20:13,63840,2395,6155,762313450,0,0,0
bc2205,20220218,20220218,112013500,11:20:13,63840,2395,6155,762313450,0,0,0
bc2205,20220218,20220218,112015500,11:20:16,63840,2395,6155,762313450,0,0,0
bc2205,20220218,20220218,112016000,11:20:16,63840,2395,6155,762313450,0,0,0
bc2205,20220218,20220218,112016500,11:20:16,63840,2395,6155,762313450,0,0,0
bc2205,20220218,20220218,112017000,11:20:17,63840,2395,6155,762313450,0,0,0
bc2205,20220218,20220218,112017500,11:20:17,63840,2395,6155,762313450,0,0,0
bc2205,20220218,20220218,112018000,11:20:18,63840,2395,6155,762313450,0,0,0
bc2205,20220218,20220218,112018500,11:20:18,63840,2395,6155,762313450,0,0,0
bc2205,20220218,20220218,112019000,11:20:19,63840,2395,6155,762313450,0,0,0
bc2205,20220218,20220218,112019500,11:20:20,63840,2395,6155,762313450,0,0,0
bc2205,20220218,20220218,112020500,11:20:20,63840,2395,6155,762313450,0,0,0
bc2205,20220218,20220218,112021000,11:20:21,63840,2395,6155,762313450,0,0,0
bc2205,20220218,20220218,112021500,11:20:21,63840,2395,6155,762313450,0,0,0
bc2205,20220218,20220218,112022000,11:20:22,63840,2395,6155,762313450,0,0,0
bc2205,20220218,20220218,112022500,11:20:23,63840,2395,6155,762313450,0,0,0
bc2205,20220218,20220218,112026000,11:20:26,63840,2395,6155,762313450,0,0,0
bc2205,20220218,20220218,112026500,11:20:26,63840,2395,6155,762313450,0,0,0
bc2205,20220218,20220218,112027000,11:20:27,63840,2395,6155,762313450,0,0,0
bc2205,20220218,20220218,112027500,11:20:28,63840,2395,6155,762313450,0,0,0
bc2205,20220218,20220218,112028000,11:20:28,63840,2395,6155,762313450,0,0,0
bc2205,20220218,20220218,112028500,11:20:28,63840,2395,6155,762313450,0,0,0
bc2205,20220218,20220218,112029000,11:20:29,63840,2395,6155,762313450,0,0,0
bc2205,20220218,20220218,112029500,11:20:30,63840,2395,6155,762313450,0,0,0
bc2205,20220218,20220218,112030000,11:20:31,63840,2395,6155,762313450,0,0,0
bc2205,20220218,20220218,112030500,11:20:31,63840,2395,6155,762313450,0,0,0
bc2205,20220218,20220218,112031000,11:20:31,63840,2395,6155,762313450,0,0,0
bc2205,20220218,20220218,112031500,11:20:32,63840,2395,6155,762313450,0,0,0
bc2205,20220218,20220218,112032000,11:20:32,63840,2395,6155,762313450,0,0,0
bc2205,20220218,20220218,112032500,11:20:32,63840,2395,6155,762313450,0,0,0
bc2205,20220218,20220218,112033000,11:20:33,63840,2395,6155,762313450,0,0,0
bc2205,20220218,20220218,112033500,11:20:33,63840,2395,6155,762313450,0,0,0
bc2205,20220218,20220218,112034000,11:20:34,63840,2395,6155,762313450,0,0,0
bc2205,20220218,20220218,112034500,11:20:34,63840,2395,6155,762313450,0,0,0
bc2205,20220218,20220218,112035000,11:20:35,63840,2395,6155,762313450,0,0,0
bc2205,20220218,20220218,112035500,11:20:35,63840,2395,6155,762313450,0,0,0
bc2205,20220218,20220218,112037000,11:20:37,63840,2395,6155,762313450,0,0,0
bc2205,20220218,20220218,112037500,11:20:38,63840,2395,6155,762313450,0,0,0
bc2205,20220218,20220218,112038000,11:20:38,63840,2395,6155,762313450,0,0,0
bc2205,20220218,20220218,112038500,11:20:38,63840,2395,6155,762313450,0,0,0
bc2205,20220218,20220218,112039500,11:20:40,63840,2395,6155,762313450,0,0,0
bc2205,20220218,20220218,112040000,11:20:40,63840,2395,6155,762313450,0,0,0
bc2205,20220218,20220218,112040500,11:20:41,63840,2395,6155,762313450,0,0,0
bc2205,20220218,20220218,112042500,11:20:42,63840,2395,6155,762313450,0,0,0
bc2205,20220218,20220218,112043000,11:20:43,63840,2395,6155,762313450,0,0,0
bc2205,20220218,20220218,112043500,11:20:44,63840,2395,6155,762313450,0,0,0
bc2205,20220218,20220218,112044000,11:20:44,63840,2395,6155,762313450,0,0,0
bc2205,20220218,20220218,112044500,11:20:44,63840,2395,6155,762313450,0,0,0
bc2205,20220218,20220218,112045000,11:20:45,63840,2395,6155,762313450,0,0,0
bc2205,20220218,20220218,112045500,11:20:46,63840,2395,6155,762313450,0,0,0
bc2205,20220218,20220218,112046000,11:20:46,63840,2395,6155,762313450,0,0,0
bc2205,20220218,20220218,112046500,11:20:46,63840,2395,6155,762313450,0,0,0
bc2205,20220218,20220218,112047000,11:20:47,63840,2395,6155,762313450,0,0,0
bc2205,20220218,20220218,112048000,11:20:48,63840,2395,6155,762313450,0,0,0
bc2205,20220218,20220218,112048500,11:20:49,63840,2395,6155,762313450,0,0,0
bc2205,20220218,20220218,112049000,11:20:50,63840,2395,6155,762313450,0,0,0
bc2205,20220218,20220218,112049500,11:20:50,63840,2395,6155,762313450,0,0,0
bc2205,20220218,20220218,112050500,11:20:51,63840,2395,6155,762313450,0,0,0
bc2205,20220218,20220218,112051000,11:20:51,63840,2395,6155,762313450,0,0,0
bc2205,20220218,20220218,112051500,11:20:51,63840,2395,6155,762313450,0,0,0
bc2205,20220218,20220218,112052000,11:20:53,63840,2395,6155,762313450,0,0,0
bc2205,20220218,20220218,112052500,11:20:53,63840,2395,6155,762313450,0,0,0
bc2205,20220218,20220218,112053000,11:20:53,63840,2395,6155,762313450,0,0,0
bc2205,20220218,20220218,112053500,11:20:53,63840,2395,6155,762313450,0,0,0
bc2205,20220218,20220218,112054500,11:20:55,63840,2395,6155,762313450,0,0,0
bc2205,20220218,20220218,112055000,11:20:55,63840,2395,6155,762313450,0,0,0
bc2205,20220218,20220218,112055500,11:20:56,63840,2395,6155,762313450,0,0,0
bc2205,20220218,20220218,112056000,11:20:56,63840,2395,6155,762313450,0,0,0
bc2205,20220218,20220218,112056500,11:20:56,63840,2395,6155,762313450,0,0,0
bc2205,20220218,20220218,112057000,11:20:58,63840,2395,6155,762313450,0,0,0
bc2205,20220218,20220218,112057500,11:20:58,63840,2395,6155,762313450,0,0,0
bc2205,20220218,20220218,112058000,11:20:58,63840,2395,6155,762313450,0,0,0
bc2205,20220218,20220218,112059000,11:20:59,63840,2395,6155,762313450,0,0,0
bc2205,20220218,20220218,112059500,11:21:00,63840,2395,6155,762313450,0,0,0
bc2205,20220218,20220218,112100500,11:21:01,63840,2395,6155,762313450,0,0,0
bc2205,20220218,20220218,112101000,11:21:01,63840,2395,6155,762313450,0,0,0
bc2205,20220218,20220218,112101500,11:21:02,63840,2395,6155,762313450,0,0,0
bc2205,20220218,20220218,112102000,11:21:02,63840,2395,6155,762313450,0,0,0
bc2205,20220218,20220218,112102500,11:21:03,63840,2395,6155,762313450,0,0,0
bc2205,20220218,20220218,112103000,11:21:03,63840,2395,6155,762313450,0,0,0
bc2205,20220218,20220218,112103500,11:21:04,63840,2395,6155,762313450,0,0,0
bc2205,20220218,20220218,112104000,11:21:04,63840,2395,6155,762313450,0,0,0
bc2205,20220218,20220218,112107500,11:21:10,63840,2395,6155,762313450,0,0,0
bc2205,20220218,20220218,112108000,11:21:10,63840,2395,6155,762313450,0,0,0
bc2205,20220218,20220218,112109500,11:21:10,63840,2395,6155,762313450,0,0,0
bc2205,20220218,20220218,112113500,11:21:13,63840,2395,6155,762313450,0,0,0
bc2205,20220218,20220218,112115000,11:21:15,63840,2395,6155,762313450,0,0,0
bc2205,20220218,20220218,112115500,11:21:15,63840,2395,6155,762313450,0,0,0
bc2205,20220218,20220218,112116500,11:21:16,63860,2397,6155,762952050,2,0,638600
bc2205,20220218,20220218,112117000,11:21:17,63870,2408,6158,766464900,11,3,3512850
bc2205,20220218,20220218,112117500,11:21:18,63870,2412,6157,767742350,4,-1,1277450
bc2205,20220218,20220218,112118000,11:21:18,63870,2412,6157,767742350,0,0,0
bc2205,20220218,20220218,112118500,11:21:18,63870,2412,6157,767742350,0,0,0
bc2205,20220218,20220218,112119000,11:21:19,63870,2412,6157,767742350,0,0,0
bc2205,20220218,20220218,112119500,11:21:20,63870,2412,6157,767742350,0,0,0
bc2205,20220218,20220218,112120000,11:21:20,63870,2412,6157,767742350,0,0,0
bc2205,20220218,20220218,112120500,11:21:21,63870,2412,6157,767742350,0,0,0
bc2205,20220218,20220218,112121000,11:21:22,63870,2412,6157,767742350,0,0,0
bc2205,20220218,20220218,112121500,11:21:22,63870,2412,6157,767742350,0,0,0
bc2205,20220218,20220218,112122000,11:21:22,63870,2412,6157,767742350,0,0,0
bc2205,20220218,20220218,112122500,11:21:22,63870,2412,6157,767742350,0,0,0
bc2205,20220218,20220218,112123000,11:21:23,63870,2412,6157,767742350,0,0,0
bc2205,20220218,20220218,112123500,11:21:24,63870,2412,6157,767742350,0,0,0
bc2205,20220218,20220218,112124000,11:21:24,63870,2412,6157,767742350,0,0,0
bc2205,20220218,20220218,112124500,11:21:25,63870,2412,6157,767742350,0,0,0
bc2205,20220218,20220218,112125000,11:21:33,63870,2412,6157,767742350,0,0,0
bc2205,20220218,20220218,112125500,11:23:32,63870,2412,6157,767742350,0,0,0
bc2205,20220218,20220218,112126000,11:23:33,63870,2412,6157,767742350,0,0,0
bc2205,20220218,20220218,112126500,11:23:33,63870,2412,6157,767742350,0,0,0
bc2205,20220218,20220218,112332500,11:23:33,63870,2412,6157,767742350,0,0,0
bc2205,20220218,20220218,112333500,11:23:33,63870,2412,6157,767742350,0,0,0
bc2205,20220218,20220218,112334500,11:23:34,63870,2412,6157,767742350,0,0,0
bc2205,20220218,20220218,112335000,11:23:35,63870,2412,6157,767742350,0,0,0
bc2205,20220218,20220218,112335500,11:23:35,63870,2412,6157,767742350,0,0,0
bc2205,20220218,20220218,112336000,11:23:36,63870,2412,6157,767742350,0,0,0
bc2205,20220218,20220218,112337000,11:23:38,63870,2412,6157,767742350,0,0,0
bc2205,20220218,20220218,112337500,11:23:38,63870,2412,6157,767742350,0,0,0
bc2205,20220218,20220218,112338500,11:23:38,63870,2412,6157,767742350,0,0,0
bc2205,20220218,20220218,112339000,11:23:39,63870,2412,6157,767742350,0,0,0
bc2205,20220218,20220218,112341500,11:23:42,63870,2412,6157,767742350,0,0,0
bc2205,20220218,20220218,112342500,11:23:42,63870,2422,6153,770936500,10,-4,3194150
bc2205,20220218,20220218,112343000,11:23:43,63870,2422,6153,770936500,0,0,0
bc2205,20220218,20220218,112343500,11:23:43,63870,2424,6152,771575200,2,-1,638700
bc2205,20220218,20220218,112344000,11:23:45,63870,2424,6152,771575200,0,0,0
bc2205,20220218,20220218,112344500,11:23:48,63870,2424,6152,771575200,0,0,0
bc2205,20220218,20220218,112345000,11:23:48,63870,2424,6152,771575200,0,0,0
bc2205,20220218,20220218,112345500,11:23:48,63870,2424,6152,771575200,0,0,0
bc2205,20220218,20220218,112348500,11:23:49,63870,2425,6151,771894550,1,-1,319350
bc2205,20220218,20220218,112349000,11:23:49,63870,2425,6151,771894550,0,0,0
bc2205,20220218,20220218,112349500,11:23:50,63870,2425,6151,771894550,0,0,0
bc2205,20220218,20220218,112350000,11:23:50,63870,2425,6151,771894550,0,0,0
bc2205,20220218,20220218,112350500,11:23:50,63870,2425,6151,771894550,0,0,0
bc2205,20220218,20220218,112351000,11:23:51,63870,2425,6151,771894550,0,0,0
bc2205,20220218,20220218,112352000,11:23:52,63870,2425,6151,771894550,0,0,0
bc2205,20220218,20220218,112352500,11:23:52,63870,2425,6151,771894550,0,0,0
bc2205,20220218,20220218,112353500,11:23:53,63870,2425,6151,771894550,0,0,0
bc2205,20220218,20220218,112354000,11:23:54,63870,2425,6151,771894550,0,0,0
bc2205,20220218,20220218,112354500,11:23:55,63870,2425,6151,771894550,0,0,0
bc2205,20220218,20220218,112355000,11:23:55,63870,2425,6151,771894550,0,0,0
bc2205,20220218,20220218,112355500,11:23:55,63870,2425,6151,771894550,0,0,0
bc2205,20220218,20220218,112356000,11:23:56,63870,2425,6151,771894550,0,0,0
bc2205,20220218,20220218,112356500,11:23:56,63870,2425,6151,771894550,0,0,0
bc2205,20220218,20220218,112357000,11:23:57,63870,2425,6151,771894550,0,0,0
bc2205,20220218,20220218,112357500,11:23:57,63870,2425,6151,771894550,0,0,0
bc2205,20220218,20220218,112358000,11:23:58,63870,2425,6151,771894550,0,0,0
bc2205,20220218,20220218,112358500,11:23:58,63870,2425,6151,771894550,0,0,0
bc2205,20220218,20220218,112400000,11:24:00,63870,2425,6151,771894550,0,0,0
bc2205,20220218,20220218,112400500,11:24:00,63870,2425,6151,771894550,0,0,0
bc2205,20220218,20220218,112401000,11:24:01,63870,2425,6151,771894550,0,0,0
bc2205,20220218,20220218,112401500,11:24:01,63870,2425,6151,771894550,0,0,0
bc2205,20220218,20220218,112402000,11:24:02,63870,2425,6151,771894550,0,0,0
bc2205,20220218,20220218,112403000,11:24:03,63870,2425,6151,771894550,0,0,0
bc2205,20220218,20220218,112403500,11:24:03,63870,2425,6151,771894550,0,0,0
bc2205,20220218,20220218,112404000,11:24:04,63870,2425,6151,771894550,0,0,0
bc2205,20220218,20220218,112404500,11:24:04,63870,2425,6151,771894550,0,0,0
bc2205,20220218,20220218,112405000,11:24:05,63870,2425,6151,771894550,0,0,0
bc2205,20220218,20220218,112406000,11:24:06,63870,2425,6151,771894550,0,0,0
bc2205,20220218,20220218,112408000,11:24:08,63870,2425,6151,771894550,0,0,0
bc2205,20220218,20220218,112408500,11:24:08,63870,2425,6151,771894550,0,0,0
bc2205,20220218,20220218,112409000,11:24:09,63870,2425,6151,771894550,0,0,0
bc2205,20220218,20220218,112409500,11:24:11,63870,2425,6151,771894550,0,0,0
bc2205,20220218,20220218,112410000,11:24:12,63870,2425,6151,771894550,0,0,0
bc2205,20220218,20220218,112411500,11:24:12,63870,2425,6151,771894550,0,0,0
bc2205,20220218,20220218,112412500,11:24:12,63870,2425,6151,771894550,0,0,0
bc2205,20220218,20220218,112413000,11:24:13,63870,2425,6151,771894550,0,0,0
bc2205,20220218,20220218,112413500,11:24:14,63870,2425,6151,771894550,0,0,0
bc2205,20220218,20220218,112414000,11:24:14,63870,2425,6151,771894550,0,0,0
bc2205,20220218,20220218,112414500,11:24:14,63870,2425,6151,771894550,0,0,0
bc2205,20220218,20220218,112415000,11:24:15,63870,2425,6151,771894550,0,0,0
bc2205,20220218,20220218,112415500,11:24:15,63870,2425,6151,771894550,0,0,0
bc2205,20220218,20220218,112416500,11:24:17,63870,2425,6151,771894550,0,0,0
bc2205,20220218,20220218,112417000,11:24:17,63870,2425,6151,771894550,0,0,0
bc2205,20220218,20220218,112417500,11:24:18,63870,2425,6151,771894550,0,0,0
bc2205,20220218,20220218,112418000,11:24:18,63870,2425,6151,771894550,0,0,0
bc2205,20220218,20220218,112420500,11:24:20,63870,2425,6151,771894550,0,0,0
bc2205,20220218,20220218,112423000,11:24:23,63870,2425,6151,771894550,0,0,0
bc2205,20220218,20220218,112423500,11:24:23,63870,2425,6151,771894550,0,0,0
bc2205,20220218,20220218,112424000,11:24:24,63870,2425,6151,771894550,0,0,0
bc2205,20220218,20220218,112425000,11:24:25,63870,2425,6151,771894550,0,0,0
bc2205,20220218,20220218,112426500,11:24:26,63870,2425,6151,771894550,0,0,0
bc2205,20220218,20220218,112427000,11:24:27,63870,2425,6151,771894550,0,0,0
bc2205,20220218,20220218,112428500,11:24:28,63870,2425,6151,771894550,0,0,0
bc2205,20220218,20220218,112429000,11:24:29,63870,2425,6151,771894550,0,0,0
bc2205,20220218,20220218,112429500,11:24:29,63870,2425,6151,771894550,0,0,0
bc2205,20220218,20220218,112430000,11:24:30,63870,2425,6151,771894550,0,0,0
bc2205,20220218,20220218,112432000,11:24:32,63870,2425,6151,771894550,0,0,0
bc2205,20220218,20220218,112434500,11:24:34,63870,2425,6151,771894550,0,0,0
bc2205,20220218,20220218,112438000,11:24:39,63870,2425,6151,771894550,0,0,0
bc2205,20220218,20220218,112438500,11:24:39,63870,2425,6151,771894550,0,0,0
bc2205,20220218,20220218,112439000,11:24:40,63870,2425,6151,771894550,0,0,0
bc2205,20220218,20220218,112439500,11:24:40,63870,2425,6151,771894550,0,0,0
bc2205,20220218,20220218,112440000,11:24:40,63870,2425,6151,771894550,0,0,0
bc2205,20220218,20220218,112440500,11:24:40,63860,2426,6150,772213850,1,-1,319300
bc2205,20220218,20220218,112441000,11:24:41,63860,2426,6150,772213850,0,0,0
bc2205,20220218,20220218,112441500,11:24:41,63860,2426,6150,772213850,0,0,0
bc2205,20220218,20220218,112442000,11:24:42,63860,2427,6149,772533150,1,-1,319300
bc2205,20220218,20220218,112442500,11:24:42,63860,2428,6148,772852450,1,-1,319300
bc2205,20220218,20220218,112443000,11:24:43,63860,2428,6148,772852450,0,0,0
bc2205,20220218,20220218,112443500,11:24:43,63860,2428,6148,772852450,0,0,0
bc2205,20220218,20220218,112444000,11:24:44,63860,2428,6148,772852450,0,0,0
bc2205,20220218,20220218,112444500,11:24:44,63860,2428,6148,772852450,0,0,0
bc2205,20220218,20220218,112445000,11:24:45,63860,2428,6148,772852450,0,0,0
bc2205,20220218,20220218,112445500,11:24:45,63860,2428,6148,772852450,0,0,0
bc2205,20220218,20220218,112446000,11:24:46,63860,2428,6148,772852450,0,0,0
bc2205,20220218,20220218,112447000,11:24:47,63860,2428,6148,772852450,0,0,0
bc2205,20220218,20220218,112447500,11:24:47,63860,2428,6148,772852450,0,0,0
bc2205,20220218,20220218,112449000,11:24:49,63860,2428,6148,772852450,0,0,0
bc2205,20220218,20220218,112449500,11:24:49,63860,2428,6148,772852450,0,0,0
bc2205,20220218,20220218,112450000,11:24:50,63860,2428,6148,772852450,0,0,0
bc2205,20220218,20220218,112450500,11:24:50,63860,2428,6148,772852450,0,0,0
bc2205,20220218,20220218,112451000,11:24:51,63860,2428,6148,772852450,0,0,0
bc2205,20220218,20220218,112451500,11:24:52,63860,2428,6148,772852450,0,0,0
bc2205,20220218,20220218,112452000,11:24:52,63860,2428,6148,772852450,0,0,0
bc2205,20220218,20220218,112452500,11:24:52,63860,2428,6148,772852450,0,0,0
bc2205,20220218,20220218,112453000,11:24:53,63860,2428,6148,772852450,0,0,0
bc2205,20220218,20220218,112453500,11:24:53,63860,2428,6148,772852450,0,0,0
bc2205,20220218,20220218,112456500,11:24:56,63860,2428,6148,772852450,0,0,0
bc2205,20220218,20220218,112457000,11:24:57,63860,2428,6148,772852450,0,0,0
bc2205,20220218,20220218,112457500,11:24:57,63860,2428,6148,772852450,0,0,0
bc2205,20220218,20220218,112458000,11:24:58,63860,2428,6148,772852450,0,0,0
bc2205,20220218,20220218,112458500,11:24:58,63860,2428,6148,772852450,0,0,0
bc2205,20220218,20220218,112459500,11:24:59,63860,2428,6148,772852450,0,0,0
bc2205,20220218,20220218,112500000,11:25:00,63860,2428,6148,772852450,0,0,0
bc2205,20220218,20220218,112501500,11:25:03,63860,2428,6148,772852450,0,0,0
bc2205,20220218,20220218,112502000,11:25:05,63860,2428,6148,772852450,0,0,0
bc2205,20220218,20220218,112502500,11:25:06,63860,2428,6148,772852450,0,0,0
bc2205,20220218,20220218,112504500,11:25:06,63860,2428,6148,772852450,0,0,0
bc2205,20220218,20220218,112505500,11:25:06,63860,2428,6148,772852450,0,0,0
bc2205,20220218,20220218,112506000,11:25:06,63860,2428,6148,772852450,0,0,0
bc2205,20220218,20220218,112509500,11:25:09,63860,2428,6148,772852450,0,0,0
bc2205,20220218,20220218,112510000,11:25:10,63860,2428,6148,772852450,0,0,0
bc2205,20220218,20220218,112510500,11:25:10,63860,2428,6148,772852450,0,0,0
bc2205,20220218,20220218,112511000,11:25:11,63860,2428,6148,772852450,0,0,0
bc2205,20220218,20220218,112511500,11:25:11,63860,2428,6148,772852450,0,0,0
bc2205,20220218,20220218,112512000,11:25:12,63860,2428,6148,772852450,0,0,0
bc2205,20220218,20220218,112512500,11:25:12,63860,2428,6148,772852450,0,0,0
bc2205,20220218,20220218,112513000,11:25:13,63860,2428,6148,772852450,0,0,0
bc2205,20220218,20220218,112515000,11:25:16,63860,2428,6148,772852450,0,0,0
bc2205,20220218,20220218,112515500,11:25:16,63860,2428,6148,772852450,0,0,0
bc2205,20220218,20220218,112517500,11:25:18,63860,2428,6148,772852450,0,0,0
bc2205,20220218,20220218,112518000,11:25:18,63860,2428,6148,772852450,0,0,0
bc2205,20220218,20220218,112518500,11:25:19,63860,2428,6148,772852450,0,0,0
bc2205,20220218,20220218,112519000,11:25:19,63860,2428,6148,772852450,0,0,0
bc2205,20220218,20220218,112519500,11:25:20,63860,2428,6148,772852450,0,0,0
bc2205,20220218,20220218,112520000,11:25:20,63860,2428,6148,772852450,0,0,0
bc2205,20220218,20220218,112520500,11:25:21,63860,2428,6148,772852450,0,0,0
bc2205,20220218,20220218,112521000,11:25:21,63860,2428,6148,772852450,0,0,0
bc2205,20220218,20220218,112521500,11:25:22,63860,2428,6148,772852450,0,0,0
bc2205,20220218,20220218,112524000,11:25:24,63860,2428,6148,772852450,0,0,0
bc2205,20220218,20220218,112524500,11:25:25,63860,2428,6148,772852450,0,0,0
bc2205,20220218,20220218,112525000,11:25:25,63860,2428,6148,772852450,0,0,0
bc2205,20220218,20220218,112525500,11:25:26,63860,2428,6148,772852450,0,0,0
bc2205,20220218,20220218,112526000,11:25:26,63860,2428,6148,772852450,0,0,0
bc2205,20220218,20220218,112526500,11:25:27,63860,2428,6148,772852450,0,0,0
bc2205,20220218,20220218,112527000,11:25:28,63860,2428,6148,772852450,0,0,0
bc2205,20220218,20220218,112528000,11:25:28,63860,2428,6148,772852450,0,0,0
bc2205,20220218,20220218,112528500,11:25:28,63860,2428,6148,772852450,0,0,0
bc2205,20220218,20220218,112529500,11:25:30,63860,2428,6148,772852450,0,0,0
bc2205,20220218,20220218,112530000,11:25:30,63860,2428,6148,772852450,0,0,0
bc2205,20220218,20220218,112530500,11:25:31,63860,2428,6148,772852450,0,0,0
bc2205,20220218,20220218,112531000,11:25:31,63860,2428,6148,772852450,0,0,0
bc2205,20220218,20220218,112531500,11:25:32,63860,2428,6148,772852450,0,0,0
bc2205,20220218,20220218,112532000,11:25:32,63860,2428,6148,772852450,0,0,0
bc2205,20220218,20220218,112532500,11:25:33,63860,2428,6148,772852450,0,0,0
bc2205,20220218,20220218,112534500,11:25:34,63860,2428,6148,772852450,0,0,0
bc2205,20220218,20220218,112535000,11:25:36,63860,2428,6148,772852450,0,0,0
bc2205,20220218,20220218,112535500,11:25:37,63860,2428,6148,772852450,0,0,0
bc2205,20220218,20220218,112536000,11:25:37,63860,2428,6148,772852450,0,0,0
bc2205,20220218,20220218,112536500,11:25:37,63860,2428,6148,772852450,0,0,0
bc2205,20220218,20220218,112537000,11:25:37,63860,2428,6148,772852450,0,0,0
bc2205,20220218,20220218,112537500,11:25:38,63860,2428,6148,772852450,0,0,0
bc2205,20220218,20220218,112538000,11:25:38,63860,2428,6148,772852450,0,0,0
bc2205,20220218,20220218,112538500,11:25:39,63860,2428,6148,772852450,0,0,0
bc2205,20220218,20220218,112541500,11:25:41,63860,2428,6148,772852450,0,0,0
bc2205,20220218,20220218,112542500,11:25:42,63860,2428,6148,772852450,0,0,0
bc2205,20220218,20220218,112543000,11:25:43,63860,2428,6148,772852450,0,0,0
bc2205,20220218,20220218,112543500,11:25:43,63860,2428,6148,772852450,0,0,0
bc2205,20220218,20220218,112544500,11:25:44,63860,2428,6148,772852450,0,0,0
bc2205,20220218,20220218,112546000,11:25:47,63860,2428,6148,772852450,0,0,0
bc2205,20220218,20220218,112547500,11:25:48,63860,2428,6148,772852450,0,0,0
bc2205,20220218,20220218,112549000,11:25:49,63860,2428,6148,772852450,0,0,0
bc2205,20220218,20220218,112549500,11:25:49,63860,2428,6148,772852450,0,0,0
bc2205,20220218,20220218,112550000,11:25:50,63860,2428,6148,772852450,0,0,0
bc2205,20220218,20220218,112553000,11:25:53,63860,2428,6148,772852450,0,0,0
bc2205,20220218,20220218,112553500,11:25:54,63860,2428,6148,772852450,0,0,0
bc2205,20220218,20220218,112554000,11:25:54,63860,2428,6148,772852450,0,0,0
bc2205,20220218,20220218,112554500,11:25:54,63860,2428,6148,772852450,0,0,0
bc2205,20220218,20220218,112555000,11:25:56,63860,2428,6148,772852450,0,0,0
bc2205,20220218,20220218,112555500,11:25:56,63860,2428,6148,772852450,0,0,0
bc2205,20220218,20220218,112556000,11:25:57,63860,2428,6148,772852450,0,0,0
bc2205,20220218,20220218,112556500,11:25:57,63860,2428,6148,772852450,0,0,0
bc2205,20220218,20220218,112557000,11:25:57,63860,2428,6148,772852450,0,0,0
bc2205,20220218,20220218,112557500,11:25:57,63860,2428,6148,772852450,0,0,0
bc2205,20220218,20220218,112559000,11:25:59,63860,2428,6148,772852450,0,0,0
bc2205,20220218,20220218,112600000,11:26:00,63860,2428,6148,772852450,0,0,0
bc2205,20220218,20220218,112600500,11:26:01,63860,2428,6148,772852450,0,0,0
bc2205,20220218,20220218,112601000,11:26:01,63860,2428,6148,772852450,0,0,0
bc2205,20220218,20220218,112606500,11:26:06,63860,2428,6148,772852450,0,0,0
bc2205,20220218,20220218,112607000,11:26:09,63860,2428,6148,772852450,0,0,0
bc2205,20220218,20220218,112607500,11:26:09,63860,2428,6148,772852450,0,0,0
bc2205,20220218,20220218,112608000,11:26:10,63860,2428,6148,772852450,0,0,0
bc2205,20220218,20220218,112611500,11:26:11,63860,2428,6148,772852450,0,0,0
bc2205,20220218,20220218,112612000,11:26:14,63860,2428,6148,772852450,0,0,0
bc2205,20220218,20220218,112613000,11:26:15,63860,2428,6148,772852450,0,0,0
bc2205,20220218,20220218,112617500,11:26:17,63860,2428,6148,772852450,0,0,0
bc2205,20220218,20220218,112618000,11:26:18,63860,2428,6148,772852450,0,0,0
bc2205,20220218,20220218,112618500,11:26:18,63860,2428,6148,772852450,0,0,0
bc2205,20220218,20220218,112619500,11:26:20,63860,2428,6148,772852450,0,0,0
bc2205,20220218,20220218,112623000,11:26:23,63860,2428,6148,772852450,0,0,0
bc2205,20220218,20220218,112623500,11:26:23,63860,2428,6148,772852450,0,0,0
bc2205,20220218,20220218,112624500,11:26:24,63860,2428,6148,772852450,0,0,0
bc2205,20220218,20220218,112625000,11:26:25,63860,2428,6148,772852450,0,0,0
bc2205,20220218,20220218,112625500,11:26:25,63860,2428,6148,772852450,0,0,0
bc2205,20220218,20220218,112627000,11:26:27,63860,2428,6148,772852450,0,0,0
bc2205,20220218,20220218,112629000,11:26:29,63860,2428,6148,772852450,0,0,0
bc2205,20220218,20220218,112630500,11:26:31,63860,2428,6148,772852450,0,0,0
bc2205,20220218,20220218,112631500,11:26:32,63860,2428,6148,772852450,0,0,0
bc2205,20220218,20220218,112633000,11:26:33,63860,2428,6148,772852450,0,0,0
bc2205,20220218,20220218,112633500,11:26:34,63860,2428,6148,772852450,0,0,0
bc2205,20220218,20220218,112634000,11:26:34,63860,2428,6148,772852450,0,0,0
bc2205,20220218,20220218,112634500,11:26:37,63860,2428,6148,772852450,0,0,0
bc2205,20220218,20220218,112635000,11:26:37,63860,2428,6148,772852450,0,0,0
bc2205,20220218,20220218,112635500,11:26:37,63860,2428,6148,772852450,0,0,0
bc2205,20220218,20220218,112636000,11:26:38,63860,2428,6148,772852450,0,0,0
bc2205,20220218,20220218,112637000,11:26:39,63860,2428,6148,772852450,0,0,0
bc2205,20220218,20220218,112637500,11:26:54,63860,2428,6148,772852450,0,0,0
bc2205,20220218,20220218,112638000,11:27:10,63860,2428,6148,772852450,0,0,0
bc2205,20220218,20220218,112653500,11:27:10,63860,2428,6148,772852450,0,0,0
bc2205,20220218,20220218,112706500,11:27:12,63860,2428,6148,772852450,0,0,0
bc2205,20220218,20220218,112710500,11:27:12,63860,2428,6148,772852450,0,0,0
bc2205,20220218,20220218,112712000,11:27:12,63860,2428,6148,772852450,0,0,0
bc2205,20220218,20220218,112712500,11:27:13,63860,2428,6148,772852450,0,0,0
bc2205,20220218,20220218,112713000,11:27:13,63860,2428,6148,772852450,0,0,0
bc2205,20220218,20220218,112713500,11:27:14,63860,2428,6148,772852450,0,0,0
bc2205,20220218,20220218,112716000,11:27:16,63860,2428,6148,772852450,0,0,0
bc2205,20220218,20220218,112717500,11:27:17,63860,2428,6148,772852450,0,0,0
bc2205,20220218,20220218,112718000,11:27:18,63860,2428,6148,772852450,0,0,0
bc2205,20220218,20220218,112722000,11:27:22,63860,2428,6148,772852450,0,0,0
bc2205,20220218,20220218,112723500,11:27:27,63860,2428,6148,772852450,0,0,0
bc2205,20220218,20220218,112724000,11:27:27,63860,2428,6148,772852450,0,0,0
bc2205,20220218,20220218,112726500,11:27:27,63860,2428,6148,772852450,0,0,0
bc2205,20220218,20220218,112727000,11:27:27,63860,2428,6148,772852450,0,0,0
bc2205,20220218,20220218,112727500,11:27:27,63860,2428,6148,772852450,0,0,0
bc2205,20220218,20220218,112729000,11:27:29,63860,2428,6148,772852450,0,0,0
bc2205,20220218,20220218,112729500,11:27:29,63860,2428,6148,772852450,0,0,0
bc2205,20220218,20220218,112730000,11:27:30,63860,2428,6148,772852450,0,0,0
bc2205,20220218,20220218,112730500,11:27:31,63860,2428,6148,772852450,0,0,0
bc2205,20220218,20220218,112731000,11:27:31,63860,2428,6148,772852450,0,0,0
bc2205,20220218,20220218,112732000,11:27:35,63860,2428,6148,772852450,0,0,0
bc2205,20220218,20220218,112732500,11:27:36,63860,2428,6148,772852450,0,0,0
bc2205,20220218,20220218,112735500,11:27:36,63860,2428,6148,772852450,0,0,0
bc2205,20220218,20220218,112736000,11:27:37,63860,2428,6148,772852450,0,0,0
bc2205,20220218,20220218,112736500,11:27:37,63860,2428,6148,772852450,0,0,0
bc2205,20220218,20220218,112737000,11:27:38,63860,2428,6148,772852450,0,0,0
bc2205,20220218,20220218,112737500,11:27:38,63860,2428,6148,772852450,0,0,0
bc2205,20220218,20220218,112738000,11:27:38,63860,2428,6148,772852450,0,0,0
bc2205,20220218,20220218,112738500,11:27:39,63860,2428,6148,772852450,0,0,0
bc2205,20220218,20220218,112739000,11:27:39,63860,2428,6148,772852450,0,0,0
bc2205,20220218,20220218,112739500,11:27:39,63860,2428,6148,772852450,0,0,0
bc2205,20220218,20220218,112740000,11:27:40,63860,2428,6148,772852450,0,0,0
bc2205,20220218,20220218,112741000,11:27:41,63860,2428,6148,772852450,0,0,0
bc2205,20220218,20220218,112741500,11:27:42,63860,2428,6148,772852450,0,0,0
bc2205,20220218,20220218,112743500,11:27:43,63860,2428,6148,772852450,0,0,0
bc2205,20220218,20220218,112744000,11:27:44,63860,2428,6148,772852450,0,0,0
bc2205,20220218,20220218,112744500,11:27:45,63860,2428,6148,772852450,0,0,0
bc2205,20220218,20220218,112745000,11:27:45,63860,2428,6148,772852450,0,0,0
bc2205,20220218,20220218,112745500,11:27:46,63860,2428,6148,772852450,0,0,0
bc2205,20220218,20220218,112746000,11:27:46,63860,2428,6148,772852450,0,0,0
bc2205,20220218,20220218,112746500,11:27:47,63860,2428,6148,772852450,0,0,0
bc2205,20220218,20220218,112749500,11:27:54,63860,2428,6148,772852450,0,0,0
bc2205,20220218,20220218,112754000,11:27:54,63860,2428,6148,772852450,0,0,0
bc2205,20220218,20220218,112754500,11:27:54,63860,2428,6148,772852450,0,0,0
bc2205,20220218,20220218,112755000,11:27:55,63860,2428,6148,772852450,0,0,0
bc2205,20220218,20220218,112755500,11:27:55,63860,2428,6148,772852450,0,0,0
bc2205,20220218,20220218,112756000,11:27:56,63860,2428,6148,772852450,0,0,0
bc2205,20220218,20220218,112756500,11:27:56,63860,2428,6148,772852450,0,0,0
bc2205,20220218,20220218,112757000,11:27:57,63860,2428,6148,772852450,0,0,0
bc2205,20220218,20220218,112757500,11:27:57,63860,2428,6148,772852450,0,0,0
bc2205,20220218,20220218,112758000,11:27:58,63870,2429,6147,773171800,1,-1,319350
bc2205,20220218,20220218,112758500,11:27:59,63870,2429,6147,773171800,0,0,0
bc2205,20220218,20220218,112759000,11:27:59,63870,2429,6147,773171800,0,0,0
bc2205,20220218,20220218,112759500,11:27:59,63870,2429,6147,773171800,0,0,0
bc2205,20220218,20220218,112800000,11:28:00,63870,2429,6147,773171800,0,0,0
bc2205,20220218,20220218,112800500,11:28:01,63870,2429,6147,773171800,0,0,0
bc2205,20220218,20220218,112801000,11:28:01,63870,2429,6147,773171800,0,0,0
bc2205,20220218,20220218,112801500,11:28:02,63870,2429,6147,773171800,0,0,0
bc2205,20220218,20220218,112802000,11:28:03,63870,2429,6147,773171800,0,0,0
bc2205,20220218,20220218,112802500,11:28:03,63870,2429,6147,773171800,0,0,0
bc2205,20220218,20220218,112803000,11:28:04,63870,2429,6147,773171800,0,0,0
bc2205,20220218,20220218,112803500,11:28:04,63870,2429,6147,773171800,0,0,0
bc2205,20220218,20220218,112804000,11:28:04,63870,2429,6147,773171800,0,0,0
bc2205,20220218,20220218,112804500,11:28:05,63870,2429,6147,773171800,0,0,0
bc2205,20220218,20220218,112805000,11:28:06,63870,2429,6147,773171800,0,0,0
bc2205,20220218,20220218,112807500,11:28:10,63870,2429,6147,773171800,0,0,0
bc2205,20220218,20220218,112814000,11:28:14,63870,2429,6147,773171800,0,0,0
bc2205,20220218,20220218,112814500,11:28:14,63870,2429,6147,773171800,0,0,0
bc2205,20220218,20220218,112819500,11:28:20,63870,2429,6147,773171800,0,0,0
bc2205,20220218,20220218,112822500,11:28:22,63870,2429,6147,773171800,0,0,0
bc2205,20220218,20220218,112824000,11:28:24,63870,2429,6147,773171800,0,0,0
bc2205,20220218,20220218,112826000,11:28:26,63870,2429,6147,773171800,0,0,0
bc2205,20220218,20220218,112826500,11:28:26,63870,2429,6147,773171800,0,0,0
bc2205,20220218,20220218,112827000,11:28:27,63870,2429,6147,773171800,0,0,0
bc2205,20220218,20220218,112827500,11:28:27,63870,2429,6147,773171800,0,0,0
bc2205,20220218,20220218,112828000,11:28:28,63870,2429,6147,773171800,0,0,0
bc2205,20220218,20220218,112829000,11:28:29,63870,2429,6147,773171800,0,0,0
bc2205,20220218,20220218,112829500,11:28:29,63870,2429,6147,773171800,0,0,0
bc2205,20220218,20220218,112830000,11:28:30,63840,2430,6146,773491000,1,-1,319200
bc2205,20220218,20220218,112830500,11:28:31,63840,2430,6146,773491000,0,0,0
bc2205,20220218,20220218,112831000,11:28:31,63840,2430,6146,773491000,0,0,0
bc2205,20220218,20220218,112831500,11:28:31,63840,2430,6146,773491000,0,0,0
bc2205,20220218,20220218,112832000,11:28:32,63840,2430,6146,773491000,0,0,0
bc2205,20220218,20220218,112832500,11:28:33,63840,2430,6146,773491000,0,0,0
bc2205,20220218,20220218,112834000,11:28:34,63840,2430,6146,773491000,0,0,0
bc2205,20220218,20220218,112834500,11:28:34,63840,2430,6146,773491000,0,0,0
bc2205,20220218,20220218,112835000,11:28:35,63840,2430,6146,773491000,0,0,0
bc2205,20220218,20220218,112835500,11:28:37,63840,2430,6146,773491000,0,0,0
bc2205,20220218,20220218,112836000,11:28:37,63840,2430,6146,773491000,0,0,0
bc2205,20220218,20220218,112836500,11:28:37,63840,2430,6146,773491000,0,0,0
bc2205,20220218,20220218,112839500,11:28:40,63840,2430,6146,773491000,0,0,0
bc2205,20220218,20220218,112841000,11:28:41,63840,2430,6146,773491000,0,0,0
bc2205,20220218,20220218,112841500,11:28:41,63840,2430,6146,773491000,0,0,0
bc2205,20220218,20220218,112842000,11:28:42,63840,2430,6146,773491000,0,0,0
bc2205,20220218,20220218,112842500,11:28:42,63840,2430,6146,773491000,0,0,0
bc2205,20220218,20220218,112844500,11:28:44,63840,2430,6146,773491000,0,0,0
bc2205,20220218,20220218,112845500,11:28:46,63840,2430,6146,773491000,0,0,0
bc2205,20220218,20220218,112846000,11:28:46,63840,2430,6146,773491000,0,0,0
bc2205,20220218,20220218,112846500,11:28:46,63840,2430,6146,773491000,0,0,0
bc2205,20220218,20220218,112847000,11:28:47,63840,2430,6146,773491000,0,0,0
bc2205,20220218,20220218,112847500,11:28:48,63840,2430,6146,773491000,0,0,0
bc2205,20220218,20220218,112849000,11:28:49,63840,2430,6146,773491000,0,0,0
bc2205,20220218,20220218,112849500,11:28:50,63840,2430,6146,773491000,0,0,0
bc2205,20220218,20220218,112850000,11:28:50,63840,2430,6146,773491000,0,0,0
bc2205,20220218,20220218,112850500,11:28:50,63840,2430,6146,773491000,0,0,0
bc2205,20220218,20220218,112852000,11:28:53,63840,2430,6146,773491000,0,0,0
bc2205,20220218,20220218,112858000,11:28:58,63840,2430,6146,773491000,0,0,0
bc2205,20220218,20220218,112900000,11:29:00,63840,2430,6146,773491000,0,0,0
bc2205,20220218,20220218,112900500,11:29:01,63840,2430,6146,773491000,0,0,0
bc2205,20220218,20220218,112901500,11:29:01,63840,2430,6146,773491000,0,0,0
bc2205,20220218,20220218,112902000,11:29:02,63840,2430,6146,773491000,0,0,0
bc2205,20220218,20220218,112902500,11:29:03,63840,2430,6146,773491000,0,0,0
bc2205,20220218,20220218,112903500,11:29:03,63840,2430,6146,773491000,0,0,0
bc2205,20220218,20220218,112904000,11:29:04,63840,2430,6146,773491000,0,0,0
bc2205,20220218,20220218,112912000,11:29:12,63840,2430,6146,773491000,0,0,0
bc2205,20220218,20220218,112912500,11:29:12,63840,2430,6146,773491000,0,0,0
bc2205,20220218,20220218,112913000,11:29:13,63840,2430,6146,773491000,0,0,0
bc2205,20220218,20220218,112913500,11:29:14,63840,2430,6146,773491000,0,0,0
bc2205,20220218,20220218,112915500,11:29:16,63840,2430,6146,773491000,0,0,0
bc2205,20220218,20220218,112916000,11:29:16,63840,2430,6146,773491000,0,0,0
bc2205,20220218,20220218,112922000,11:29:24,63840,2430,6146,773491000,0,0,0
bc2205,20220218,20220218,112922500,11:29:24,63840,2430,6146,773491000,0,0,0
bc2205,20220218,20220218,112923000,11:29:24,63840,2430,6146,773491000,0,0,0
bc2205,20220218,20220218,112923500,11:29:24,63840,2430,6146,773491000,0,0,0
bc2205,20220218,20220218,112925000,11:29:25,63840,2430,6146,773491000,0,0,0
bc2205,20220218,20220218,112929000,11:29:29,63840,2430,6146,773491000,0,0,0
bc2205,20220218,20220218,112929500,11:29:29,63840,2430,6146,773491000,0,0,0
bc2205,20220218,20220218,112930000,11:29:30,63840,2430,6146,773491000,0,0,0
bc2205,20220218,20220218,112931000,11:29:32,63840,2430,6146,773491000,0,0,0
bc2205,20220218,20220218,112931500,11:29:32,63840,2430,6146,773491000,0,0,0
bc2205,20220218,20220218,112932000,11:29:32,63840,2430,6146,773491000,0,0,0
bc2205,20220218,20220218,112932500,11:29:36,63840,2430,6146,773491000,0,0,0
bc2205,20220218,20220218,112933000,11:29:37,63840,2430,6146,773491000,0,0,0
bc2205,20220218,20220218,112936000,11:29:38,63840,2430,6146,773491000,0,0,0
bc2205,20220218,20220218,112941500,11:29:42,63840,2430,6146,773491000,0,0,0
bc2205,20220218,20220218,112942000,11:29:42,63840,2430,6146,773491000,0,0,0
bc2205,20220218,20220218,112942500,11:29:44,63840,2430,6146,773491000,0,0,0
bc2205,20220218,20220218,112943500,11:29:45,63840,2430,6146,773491000,0,0,0
bc2205,20220218,20220218,112946000,11:29:46,63840,2430,6146,773491000,0,0,0
bc2205,20220218,20220218,112947500,11:29:48,63840,2430,6146,773491000,0,0,0
bc2205,20220218,20220218,112948000,11:29:49,63840,2430,6146,773491000,0,0,0
bc2205,20220218,20220218,112948500,11:29:49,63840,2430,6146,773491000,0,0,0
bc2205,20220218,20220218,112949500,11:29:50,63840,2430,6146,773491000,0,0,0
bc2205,20220218,20220218,112950000,11:29:51,63840,2430,6146,773491000,0,0,0
bc2205,20220218,20220218,112950500,11:29:51,63840,2430,6146,773491000,0,0,0
bc2205,20220218,20220218,112951000,11:29:52,63840,2430,6146,773491000,0,0,0
bc2205,20220218,20220218,112954000,11:29:54,63840,2430,6146,773491000,0,0,0
bc2205,20220218,20220218,112956000,11:29:56,63840,2430,6146,773491000,0,0,0
bc2205,20220218,20220218,112956500,11:30:00,63840,2430,6146,773491000,0,0,0
bc2205,20220218,20220218,112957000,11:30:00,63840,2430,6146,773491000,0,0,0
bc2205,20220218,20220218,112959500,11:30:02,63840,2430,6146,773491000,0,0,0
bc2205,20220218,20220218,113000000,11:30:03,63840,2430,6146,773491000,0,0,0
bc2205,20220218,20220218,113000500,11:30:03,63840,2430,6146,773491000,0,0,0
bc2205,20220218,20220218,113001500,11:30:03,63840,2430,6146,773491000,0,0,0
bc2205,20220218,20220218,133002000,13:30:08,63840,2430,6146,773491000,0,0,0
bc2205,20220218,20220218,133002500,13:30:08,63840,2430,6146,773491000,0,0,0
bc2205,20220218,20220218,133007500,13:30:10,63840,2430,6146,773491000,0,0,0
bc2205,20220218,20220218,133009500,13:30:10,63840,2430,6146,773491000,0,0,0
bc2205,20220218,20220218,133012000,13:30:13,63840,2430,6146,773491000,0,0,0
bc2205,20220218,20220218,133014500,13:30:17,63840,2430,6146,773491000,0,0,0
bc2205,20220218,20220218,133015000,13:30:17,63840,2430,6146,773491000,0,0,0
bc2205,20220218,20220218,133015500,13:30:18,63840,2430,6146,773491000,0,0,0
bc2205,20220218,20220218,133017500,13:30:18,63840,2430,6146,773491000,0,0,0
bc2205,20220218,20220218,133018000,13:30:19,63840,2430,6146,773491000,0,0,0
bc2205,20220218,20220218,133018500,13:30:20,63840,2430,6146,773491000,0,0,0
bc2205,20220218,20220218,133019000,13:30:20,63840,2430,6146,773491000,0,0,0
bc2205,20220218,20220218,133019500,13:30:20,63840,2430,6146,773491000,0,0,0
bc2205,20220218,20220218,133020500,13:30:21,63840,2430,6146,773491000,0,0,0
bc2205,20220218,20220218,133023000,13:30:38,63840,2430,6146,773491000,0,0,0
bc2205,20220218,20220218,133034500,13:30:40,63840,2430,6146,773491000,0,0,0
bc2205,20220218,20220218,133048000,13:30:48,63840,2430,6146,773491000,0,0,0
bc2205,20220218,20220218,133048500,13:30:49,63840,2430,6146,773491000,0,0,0
bc2205,20220218,20220218,133049000,13:30:49,63840,2430,6146,773491000,0,0,0
bc2205,20220218,20220218,133049500,13:30:50,63840,2430,6146,773491000,0,0,0
bc2205,20220218,20220218,133050000,13:30:51,63840,2430,6146,773491000,0,0,0
bc2205,20220218,20220218,133050500,13:30:51,63840,2430,6146,773491000,0,0,0
bc2205,20220218,20220218,133051000,13:30:52,63840,2430,6146,773491000,0,0,0
bc2205,20220218,20220218,133051500,13:30:52,63840,2430,6146,773491000,0,0,0
bc2205,20220218,20220218,133052000,13:30:53,63840,2430,6146,773491000,0,0,0
bc2205,20220218,20220218,133052500,13:30:53,63840,2430,6146,773491000,0,0,0
bc2205,20220218,20220218,133055000,13:30:55,63840,2430,6146,773491000,0,0,0
bc2205,20220218,20220218,133059000,13:30:59,63840,2430,6146,773491000,0,0,0
bc2205,20220218,20220218,133059500,13:30:59,63840,2430,6146,773491000,0,0,0
bc2205,20220218,20220218,133100000,13:31:00,63840,2430,6146,773491000,0,0,0
bc2205,20220218,20220218,133100500,13:31:00,63840,2430,6146,773491000,0,0,0
bc2205,20220218,20220218,133102500,13:31:03,63840,2430,6146,773491000,0,0,0
bc2205,20220218,20220218,133103000,13:31:03,63840,2430,6146,773491000,0,0,0
bc2205,20220218,20220218,133106000,13:31:08,63840,2430,6146,773491000,0,0,0
bc2205,20220218,20220218,133107500,13:31:09,63840,2430,6146,773491000,0,0,0
bc2205,20220218,20220218,133110000,13:31:11,63840,2430,6146,773491000,0,0,0
bc2205,20220218,20220218,133110500,13:31:11,63840,2430,6146,773491000,0,0,0
bc2205,20220218,20220218,133114500,13:31:15,63840,2430,6146,773491000,0,0,0
bc2205,20220218,20220218,133119000,13:31:20,63840,2430,6146,773491000,0,0,0
bc2205,20220218,20220218,133123000,13:31:25,63840,2430,6146,773491000,0,0,0
bc2205,20220218,20220218,133124000,13:31:25,63840,2430,6146,773491000,0,0,0
bc2205,20220218,20220218,133158500,13:31:58,63840,2430,6146,773491000,0,0,0
bc2205,20220218,20220218,133159500,13:32:00,63840,2430,6146,773491000,0,0,0
bc2205,20220218,20220218,133200000,13:32:00,63840,2430,6146,773491000,0,0,0
bc2205,20220218,20220218,133200500,13:32:01,63840,2430,6146,773491000,0,0,0
bc2205,20220218,20220218,133201000,13:32:01,63840,2430,6146,773491000,0,0,0
bc2205,20220218,20220218,133201500,13:32:01,63840,2430,6146,773491000,0,0,0
bc2205,20220218,20220218,133202000,13:32:03,63840,2430,6146,773491000,0,0,0
bc2205,20220218,20220218,133203000,13:32:05,63840,2430,6146,773491000,0,0,0
bc2205,20220218,20220218,133203500,13:32:05,63840,2430,6146,773491000,0,0,0
bc2205,20220218,20220218,133204000,13:32:05,63840,2430,6146,773491000,0,0,0
bc2205,20220218,20220218,133205000,13:32:06,63840,2430,6146,773491000,0,0,0
bc2205,20220218,20220218,133205500,13:32:06,63840,2430,6146,773491000,0,0,0
bc2205,20220218,20220218,133206000,13:32:06,63780,2432,6146,774129000,2,0,638000
bc2205,20220218,20220218,133206500,13:32:07,63780,2432,6146,774129000,0,0,0
bc2205,20220218,20220218,133207000,13:32:07,63790,2433,6145,774447950,1,-1,318950
bc2205,20220218,20220218,133207500,13:32:07,63790,2433,6145,774447950,0,0,0
bc2205,20220218,20220218,133208000,13:32:09,63770,2435,6145,775085650,2,0,637700
bc2205,20220218,20220218,133208500,13:32:10,63750,2439,6145,776360750,4,0,1275100
bc2205,20220218,20220218,133209000,13:32:10,63750,2439,6145,776360750,0,0,0
bc2205,20220218,20220218,133209500,13:32:10,63750,2439,6145,776360750,0,0,0
bc2205,20220218,20220218,133210000,13:32:10,63750,2439,6145,776360750,0,0,0
bc2205,20220218,20220218,133210500,13:32:13,63750,2439,6145,776360750,0,0,0
bc2205,20220218,20220218,133211000,13:32:14,63750,2439,6145,776360750,0,0,0
bc2205,20220218,20220218,133213000,13:32:15,63750,2443,6144,777635550,4,-1,1274800
bc2205,20220218,20220218,133213500,13:32:15,63750,2443,6144,777635550,0,0,0
bc2205,20220218,20220218,133214000,13:32:15,63750,2443,6144,777635550,0,0,0
bc2205,20220218,20220218,133214500,13:32:16,63750,2444,6145,777954300,1,1,318750
bc2205,20220218,20220218,133215000,13:32:16,63750,2444,6145,777954300,0,0,0
bc2205,20220218,20220218,133215500,13:32:16,63760,2445,6145,778273100,1,0,318800
bc2205,20220218,20220218,133216000,13:32:17,63760,2446,6146,778591900,1,1,318800
bc2205,20220218,20220218,133216500,13:32:17,63760,2446,6146,778591900,0,0,0
bc2205,20220218,20220218,133217000,13:32:17,63760,2446,6146,778591900,0,0,0
bc2205,20220218,20220218,133217500,13:32:18,63760,2446,6146,778591900,0,0,0
bc2205,20220218,20220218,133218000,13:32:18,63760,2446,6146,778591900,0,0,0
bc2205,20220218,20220218,133218500,13:32:19,63760,2446,6146,778591900,0,0,0
bc2205,20220218,20220218,133219000,13:32:20,63760,2446,6146,778591900,0,0,0
bc2205,20220218,20220218,133219500,13:32:20,63760,2446,6146,778591900,0,0,0
bc2205,20220218,20220218,133220000,13:32:20,63760,2446,6146,778591900,0,0,0
bc2205,20220218,20220218,133221000,13:32:21,63760,2446,6146,778591900,0,0,0
bc2205,20220218,20220218,133221500,13:32:22,63760,2446,6146,778591900,0,0,0
bc2205,20220218,20220218,133222000,13:32:22,63760,2446,6146,778591900,0,0,0
bc2205,20220218,20220218,133222500,13:32:24,63760,2446,6146,778591900,0,0,0
bc2205,20220218,20220218,133223000,13:32:24,63760,2446,6146,778591900,0,0,0
bc2205,20220218,20220218,133223500,13:32:24,63760,2446,6146,778591900,0,0,0
bc2205,20220218,20220218,133224000,13:32:24,63760,2447,6146,778910700,1,0,318800
bc2205,20220218,20220218,133224500,13:32:25,63760,2447,6146,778910700,0,0,0
bc2205,20220218,20220218,133225000,13:32:25,63760,2447,6146,778910700,0,0,0
bc2205,20220218,20220218,133225500,13:32:25,63760,2447,6146,778910700,0,0,0
bc2205,20220218,20220218,133226000,13:32:27,63760,2447,6146,778910700,0,0,0
bc2205,20220218,20220218,133227500,13:32:27,63760,2447,6146,778910700,0,0,0
bc2205,20220218,20220218,133229500,13:32:34,63760,2447,6146,778910700,0,0,0
bc2205,20220218,20220218,133232000,13:32:35,63760,2447,6146,778910700,0,0,0
bc2205,20220218,20220218,133235000,13:32:36,63760,2447,6146,778910700,0,0,0
bc2205,20220218,20220218,133237500,13:32:37,63760,2447,6146,778910700,0,0,0
bc2205,20220218,20220218,133241000,13:32:41,63760,2447,6146,778910700,0,0,0
bc2205,20220218,20220218,133241500,13:32:42,63760,2447,6146,778910700,0,0,0
bc2205,20220218,20220218,133245000,13:32:45,63760,2447,6146,778910700,0,0,0
bc2205,20220218,20220218,133246000,13:32:47,63750,2448,6145,779229450,1,-1,318750
bc2205,20220218,20220218,133246500,13:32:47,63750,2449,6145,779548200,1,0,318750
bc2205,20220218,20220218,133247000,13:32:47,63750,2449,6145,779548200,0,0,0
bc2205,20220218,20220218,133247500,13:32:48,63750,2449,6145,779548200,0,0,0
bc2205,20220218,20220218,133248000,13:32:48,63750,2449,6145,779548200,0,0,0
bc2205,20220218,20220218,133248500,13:32:49,63750,2449,6145,779548200,0,0,0
bc2205,20220218,20220218,133249500,13:32:50,63750,2449,6145,779548200,0,0,0
bc2205,20220218,20220218,133250000,13:32:50,63750,2449,6145,779548200,0,0,0
bc2205,20220218,20220218,133250500,13:32:52,63750,2449,6145,779548200,0,0,0
bc2205,20220218,20220218,133251000,13:32:53,63750,2449,6145,779548200,0,0,0
bc2205,20220218,20220218,133251500,13:32:53,63750,2449,6145,779548200,0,0,0
bc2205,20220218,20220218,133252500,13:32:53,63750,2449,6145,779548200,0,0,0
bc2205,20220218,20220218,133253000,13:32:53,63750,2449,6145,779548200,0,0,0
bc2205,20220218,20220218,133255500,13:32:55,63750,2449,6145,779548200,0,0,0
bc2205,20220218,20220218,133256000,13:32:56,63750,2449,6145,779548200,0,0,0
bc2205,20220218,20220218,133256500,13:32:56,63750,2449,6145,779548200,0,0,0
bc2205,20220218,20220218,133257000,13:32:59,63750,2449,6145,779548200,0,0,0
bc2205,20220218,20220218,133257500,13:33:00,63750,2449,6145,779548200,0,0,0
bc2205,20220218,20220218,133259500,13:33:01,63750,2449,6145,779548200,0,0,0
bc2205,20220218,20220218,133300000,13:33:01,63750,2449,6145,779548200,0,0,0
bc2205,20220218,20220218,133300500,13:33:01,63750,2449,6145,779548200,0,0,0
bc2205,20220218,20220218,133301500,13:33:02,63750,2449,6145,779548200,0,0,0
bc2205,20220218,20220218,133302000,13:33:03,63750,2449,6145,779548200,0,0,0
bc2205,20220218,20220218,133302500,13:33:03,63750,2449,6145,779548200,0,0,0
bc2205,20220218,20220218,133303500,13:33:04,63750,2449,6145,779548200,0,0,0
bc2205,20220218,20220218,133304000,13:33:04,63750,2449,6145,779548200,0,0,0
bc2205,20220218,20220218,133305000,13:33:05,63750,2449,6145,779548200,0,0,0
bc2205,20220218,20220218,133305500,13:33:05,63750,2449,6145,779548200,0,0,0
bc2205,20220218,20220218,133306000,13:33:06,63750,2449,6145,779548200,0,0,0
bc2205,20220218,20220218,133306500,13:33:06,63750,2449,6145,779548200,0,0,0
bc2205,20220218,20220218,133307000,13:33:07,63750,2449,6145,779548200,0,0,0
bc2205,20220218,20220218,133308000,13:33:08,63750,2449,6145,779548200,0,0,0
bc2205,20220218,20220218,133308500,13:33:09,63750,2449,6145,779548200,0,0,0
bc2205,20220218,20220218,133309000,13:33:09,63750,2449,6145,779548200,0,0,0
bc2205,20220218,20220218,133309500,13:33:10,63750,2449,6145,779548200,0,0,0
bc2205,20220218,20220218,133310000,13:33:11,63750,2449,6145,779548200,0,0,0
bc2205,20220218,20220218,133311500,13:33:14,63750,2449,6145,779548200,0,0,0
bc2205,20220218,20220218,133312500,13:33:14,63750,2449,6145,779548200,0,0,0
bc2205,20220218,20220218,133313500,13:33:15,63750,2449,6145,779548200,0,0,0
bc2205,20220218,20220218,133314000,13:33:15,63760,2450,6146,779867000,1,1,318800
bc2205,20220218,20220218,133314500,13:33:17,63760,2450,6146,779867000,0,0,0
bc2205,20220218,20220218,133315000,13:33:18,63760,2450,6146,779867000,0,0,0
bc2205,20220218,20220218,133315500,13:33:18,63760,2450,6146,779867000,0,0,0
bc2205,20220218,20220218,133317000,13:33:18,63760,2450,6146,779867000,0,0,0
bc2205,20220218,20220218,133317500,13:33:19,63760,2450,6146,779867000,0,0,0
bc2205,20220218,20220218,133318000,13:33:19,63760,2450,6146,779867000,0,0,0
bc2205,20220218,20220218,133318500,13:33:19,63760,2450,6146,779867000,0,0,0
bc2205,20220218,20220218,133319000,13:33:20,63770,2451,6147,780185850,1,1,318850
bc2205,20220218,20220218,133319500,13:33:21,63770,2451,6147,780185850,0,0,0
bc2205,20220218,20220218,133320000,13:33:21,63770,2451,6147,780185850,0,0,0
bc2205,20220218,20220218,133322000,13:33:22,63770,2451,6147,780185850,0,0,0
bc2205,20220218,20220218,133322500,13:33:22,63770,2451,6147,780185850,0,0,0
bc2205,20220218,20220218,133323000,13:33:23,63770,2451,6147,780185850,0,0,0
bc2205,20220218,20220218,133323500,13:33:24,63770,2451,6147,780185850,0,0,0
bc2205,20220218,20220218,133324000,13:33:24,63760,2453,6145,780823450,2,-2,637600
bc2205,20220218,20220218,133324500,13:33:25,63760,2453,6145,780823450,0,0,0
bc2205,20220218,20220218,133325000,13:33:26,63760,2453,6145,780823450,0,0,0
bc2205,20220218,20220218,133325500,13:33:27,63760,2453,6145,780823450,0,0,0
bc2205,20220218,20220218,133326000,13:33:27,63760,2453,6145,780823450,0,0,0
bc2205,20220218,20220218,133326500,13:33:29,63760,2453,6145,780823450,0,0,0
bc2205,20220218,20220218,133327000,13:33:29,63760,2453,6145,780823450,0,0,0
bc2205,20220218,20220218,133328500,13:33:30,63760,2453,6145,780823450,0,0,0
bc2205,20220218,20220218,133329000,13:33:30,63760,2453,6145,780823450,0,0,0
bc2205,20220218,20220218,133329500,13:33:30,63760,2453,6145,780823450,0,0,0
bc2205,20220218,20220218,133330000,13:33:30,63760,2453,6145,780823450,0,0,0
bc2205,20220218,20220218,133331500,13:33:32,63760,2453,6145,780823450,0,0,0
bc2205,20220218,20220218,133332000,13:33:32,63760,2453,6145,780823450,0,0,0
bc2205,20220218,20220218,133332500,13:33:33,63760,2453,6145,780823450,0,0,0
bc2205,20220218,20220218,133334000,13:33:34,63760,2453,6145,780823450,0,0,0
bc2205,20220218,20220218,133334500,13:33:34,63760,2453,6145,780823450,0,0,0
bc2205,20220218,20220218,133335000,13:33:35,63760,2453,6145,780823450,0,0,0
bc2205,20220218,20220218,133335500,13:33:35,63760,2453,6145,780823450,0,0,0
bc2205,20220218,20220218,133336000,13:33:36,63760,2453,6145,780823450,0,0,0
bc2205,20220218,20220218,133336500,13:33:36,63760,2453,6145,780823450,0,0,0
bc2205,20220218,20220218,133337000,13:33:37,63760,2453,6145,780823450,0,0,0
bc2205,20220218,20220218,133337500,13:33:37,63760,2453,6145,780823450,0,0,0
bc2205,20220218,20220218,133338000,13:33:38,63760,2453,6145,780823450,0,0,0
bc2205,20220218,20220218,133338500,13:33:39,63760,2453,6145,780823450,0,0,0
bc2205,20220218,20220218,133339000,13:33:39,63760,2453,6145,780823450,0,0,0
bc2205,20220218,20220218,133339500,13:33:40,63760,2453,6145,780823450,0,0,0
bc2205,20220218,20220218,133340000,13:33:40,63760,2453,6145,780823450,0,0,0
bc2205,20220218,20220218,133340500,13:33:41,63760,2453,6145,780823450,0,0,0
bc2205,20220218,20220218,133341000,13:33:41,63760,2453,6145,780823450,0,0,0
bc2205,20220218,20220218,133341500,13:33:42,63760,2453,6145,780823450,0,0,0
bc2205,20220218,20220218,133342000,13:33:42,63760,2453,6145,780823450,0,0,0
bc2205,20220218,20220218,133342500,13:33:42,63760,2453,6145,780823450,0,0,0
bc2205,20220218,20220218,133343000,13:33:43,63760,2453,6145,780823450,0,0,0
bc2205,20220218,20220218,133343500,13:33:44,63760,2453,6145,780823450,0,0,0
bc2205,20220218,20220218,133345000,13:33:45,63760,2453,6145,780823450,0,0,0
bc2205,20220218,20220218,133345500,13:33:47,63760,2453,6145,780823450,0,0,0
bc2205,20220218,20220218,133346000,13:33:47,63760,2453,6145,780823450,0,0,0
bc2205,20220218,20220218,133346500,13:33:48,63760,2453,6145,780823450,0,0,0
bc2205,20220218,20220218,133347000,13:33:48,63760,2453,6145,780823450,0,0,0
bc2205,20220218,20220218,133348000,13:33:49,63760,2453,6145,780823450,0,0,0
bc2205,20220218,20220218,133348500,13:33:49,63760,2453,6145,780823450,0,0,0
bc2205,20220218,20220218,133349500,13:33:50,63760,2453,6145,780823450,0,0,0
bc2205,20220218,20220218,133351000,13:33:51,63760,2453,6145,780823450,0,0,0
bc2205,20220218,20220218,133351500,13:33:52,63760,2453,6145,780823450,0,0,0
bc2205,20220218,20220218,133352500,13:33:52,63760,2453,6145,780823450,0,0,0
bc2205,20220218,20220218,133355500,13:33:56,63760,2454,6144,781142250,1,-1,318800
bc2205,20220218,20220218,133356000,13:33:56,63760,2455,6144,781461050,1,0,318800
bc2205,20220218,20220218,133356500,13:33:57,63760,2455,6144,781461050,0,0,0
bc2205,20220218,20220218,133357000,13:33:57,63760,2455,6144,781461050,0,0,0
bc2205,20220218,20220218,133357500,13:33:58,63760,2455,6144,781461050,0,0,0
bc2205,20220218,20220218,133358500,13:33:58,63760,2455,6144,781461050,0,0,0
bc2205,20220218,20220218,133359000,13:33:59,63760,2455,6144,781461050,0,0,0
bc2205,20220218,20220218,133400000,13:34:00,63760,2455,6144,781461050,0,0,0
bc2205,20220218,20220218,133401000,13:34:01,63760,2455,6144,781461050,0,0,0
bc2205,20220218,20220218,133401500,13:34:02,63760,2455,6144,781461050,0,0,0
bc2205,20220218,20220218,133402000,13:34:02,63760,2455,6144,781461050,0,0,0
bc2205,20220218,20220218,133402500,13:34:10,63760,2455,6144,781461050,0,0,0
bc2205,20220218,20220218,133403000,13:34:10,63760,2455,6144,781461050,0,0,0
bc2205,20220218,20220218,133410000,13:34:12,63760,2455,6144,781461050,0,0,0
bc2205,20220218,20220218,133410500,13:34:12,63760,2455,6144,781461050,0,0,0
bc2205,20220218,20220218,133412000,13:34:12,63760,2455,6144,781461050,0,0,0
bc2205,20220218,20220218,133412500,13:34:13,63760,2455,6144,781461050,0,0,0
bc2205,20220218,20220218,133413000,13:34:13,63760,2455,6144,781461050,0,0,0
bc2205,20220218,20220218,133413500,13:34:14,63760,2455,6144,781461050,0,0,0
bc2205,20220218,20220218,133414000,13:34:14,63760,2455,6144,781461050,0,0,0
bc2205,20220218,20220218,133414500,13:34:15,63760,2455,6144,781461050,0,0,0
bc2205,20220218,20220218,133415000,13:34:15,63760,2455,6144,781461050,0,0,0
bc2205,20220218,20220218,133415500,13:34:16,63760,2455,6144,781461050,0,0,0
bc2205,20220218,20220218,133416000,13:34:16,63760,2455,6144,781461050,0,0,0
bc2205,20220218,20220218,133416500,13:34:16,63760,2455,6144,781461050,0,0,0
bc2205,20220218,20220218,133417000,13:34:17,63760,2455,6144,781461050,0,0,0
bc2205,20220218,20220218,133417500,13:34:17,63760,2455,6144,781461050,0,0,0
bc2205,20220218,20220218,133418000,13:34:18,63760,2455,6144,781461050,0,0,0
bc2205,20220218,20220218,133418500,13:34:19,63760,2455,6144,781461050,0,0,0
bc2205,20220218,20220218,133419000,13:34:19,63760,2455,6144,781461050,0,0,0
bc2205,20220218,20220218,133419500,13:34:20,63760,2455,6144,781461050,0,0,0
bc2205,20220218,20220218,133420000,13:34:20,63760,2455,6144,781461050,0,0,0
bc2205,20220218,20220218,133420500,13:34:21,63760,2455,6144,781461050,0,0,0
bc2205,20220218,20220218,133421000,13:34:23,63760,2455,6144,781461050,0,0,0
bc2205,20220218,20220218,133421500,13:34:24,63760,2455,6144,781461050,0,0,0
bc2205,20220218,20220218,133422000,13:34:24,63760,2455,6144,781461050,0,0,0
bc2205,20220218,20220218,133423500,13:34:24,63760,2455,6144,781461050,0,0,0
bc2205,20220218,20220218,133424000,13:34:24,63760,2455,6144,781461050,0,0,0
bc2205,20220218,20220218,133424500,13:34:24,63760,2455,6144,781461050,0,0,0
bc2205,20220218,20220218,133425000,13:34:25,63760,2455,6144,781461050,0,0,0
bc2205,20220218,20220218,133425500,13:34:25,63760,2455,6144,781461050,0,0,0
bc2205,20220218,20220218,133426000,13:34:26,63760,2455,6144,781461050,0,0,0
bc2205,20220218,20220218,133427500,13:34:27,63760,2455,6144,781461050,0,0,0
bc2205,20220218,20220218,133428000,13:34:28,63760,2455,6144,781461050,0,0,0
bc2205,20220218,20220218,133428500,13:34:28,63760,2455,6144,781461050,0,0,0
bc2205,20220218,20220218,133429000,13:34:29,63760,2455,6144,781461050,0,0,0
bc2205,20220218,20220218,133430000,13:34:30,63760,2455,6144,781461050,0,0,0
bc2205,20220218,20220218,133430500,13:34:30,63760,2455,6144,781461050,0,0,0
bc2205,20220218,20220218,133431000,13:34:31,63760,2455,6144,781461050,0,0,0
bc2205,20220218,20220218,133431500,13:34:31,63760,2455,6144,781461050,0,0,0
bc2205,20220218,20220218,133432000,13:34:32,63760,2455,6144,781461050,0,0,0
bc2205,20220218,20220218,133433000,13:34:33,63760,2455,6144,781461050,0,0,0
bc2205,20220218,20220218,133433500,13:34:34,63760,2455,6144,781461050,0,0,0
bc2205,20220218,20220218,133434000,13:34:34,63760,2455,6144,781461050,0,0,0
bc2205,20220218,20220218,133434500,13:34:35,63720,2468,6140,785603600,13,-4,4142550
bc2205,20220218,20220218,133435000,13:34:35,63720,2471,6140,786559400,3,0,955800
bc2205,20220218,20220218,133435500,13:34:36,63720,2471,6140,786559400,0,0,0
bc2205,20220218,20220218,133436000,13:34:36,63720,2471,6140,786559400,0,0,0
bc2205,20220218,20220218,133436500,13:34:36,63720,2471,6140,786559400,0,0,0
bc2205,20220218,20220218,133437000,13:34:37,63720,2471,6140,786559400,0,0,0
bc2205,20220218,20220218,133437500,13:34:38,63720,2471,6140,786559400,0,0,0
bc2205,20220218,20220218,133438000,13:34:38,63720,2471,6140,786559400,0,0,0
bc2205,20220218,20220218,133438500,13:34:38,63720,2471,6140,786559400,0,0,0
bc2205,20220218,20220218,133439000,13:34:39,63700,2473,6139,787196400,2,-1,637000
bc2205,20220218,20220218,133439500,13:34:39,63710,2474,6138,787514950,1,-1,318550
bc2205,20220218,20220218,133440000,13:34:40,63720,2476,6137,788152100,2,-1,637150
bc2205,20220218,20220218,133440500,13:34:41,63720,2476,6137,788152100,0,0,0
bc2205,20220218,20220218,133441000,13:34:41,63720,2476,6137,788152100,0,0,0
bc2205,20220218,20220218,133441500,13:34:42,63720,2477,6136,788470700,1,-1,318600
bc2205,20220218,20220218,133442000,13:34:43,63720,2477,6136,788470700,0,0,0
bc2205,20220218,20220218,133442500,13:34:44,63720,2477,6136,788470700,0,0,0
bc2205,20220218,20220218,133443000,13:34:45,63720,2477,6136,788470700,0,0,0
bc2205,20220218,20220218,133443500,13:34:45,63720,2477,6136,788470700,0,0,0
bc2205,20220218,20220218,133444000,13:34:45,63720,2477,6136,788470700,0,0,0
bc2205,20220218,20220218,133445000,13:34:46,63720,2477,6136,788470700,0,0,0
bc2205,20220218,20220218,133445500,13:34:46,63720,2477,6136,788470700,0,0,0
bc2205,20220218,20220218,133447000,13:34:47,63720,2477,6136,788470700,0,0,0
bc2205,20220218,20220218,133447500,13:34:47,63720,2477,6136,788470700,0,0,0
bc2205,20220218,20220218,133448000,13:34:48,63720,2477,6136,788470700,0,0,0
bc2205,20220218,20220218,133448500,13:34:49,63720,2477,6136,788470700,0,0,0
bc2205,20220218,20220218,133449000,13:34:49,63720,2477,6136,788470700,0,0,0
bc2205,20220218,20220218,133451500,13:34:51,63720,2477,6136,788470700,0,0,0
bc2205,20220218,20220218,133452000,13:34:52,63720,2477,6136,788470700,0,0,0
bc2205,20220218,20220218,133452500,13:34:53,63720,2477,6136,788470700,0,0,0
bc2205,20220218,20220218,133453000,13:34:53,63720,2477,6136,788470700,0,0,0
bc2205,20220218,20220218,133453500,13:34:55,63720,2477,6136,788470700,0,0,0
bc2205,20220218,20220218,133454000,13:34:56,63720,2477,6136,788470700,0,0,0
bc2205,20220218,20220218,133454500,13:34:56,63720,2477,6136,788470700,0,0,0
bc2205,20220218,20220218,133455500,13:34:56,63720,2477,6136,788470700,0,0,0
bc2205,20220218,20220218,133456000,13:34:57,63720,2477,6136,788470700,0,0,0
bc2205,20220218,20220218,133456500,13:34:57,63720,2477,6136,788470700,0,0,0
bc2205,20220218,20220218,133457000,13:34:57,63720,2477,6136,788470700,0,0,0
bc2205,20220218,20220218,133457500,13:34:57,63720,2477,6136,788470700,0,0,0
bc2205,20220218,20220218,133458000,13:34:58,63720,2477,6136,788470700,0,0,0
bc2205,20220218,20220218,133459000,13:34:59,63720,2477,6136,788470700,0,0,0
bc2205,20220218,20220218,133501500,13:35:05,63720,2477,6136,788470700,0,0,0
bc2205,20220218,20220218,133504500,13:35:10,63730,2481,6136,789745300,4,0,1274600
bc2205,20220218,20220218,133505000,13:35:10,63730,2481,6136,789745300,0,0,0
bc2205,20220218,20220218,133510000,13:35:10,63730,2481,6136,789745300,0,0,0
bc2205,20220218,20220218,133511000,13:35:11,63730,2481,6136,789745300,0,0,0
bc2205,20220218,20220218,133511500,13:35:11,63730,2481,6136,789745300,0,0,0
bc2205,20220218,20220218,133512000,13:35:12,63730,2481,6136,789745300,0,0,0
bc2205,20220218,20220218,133512500,13:35:13,63730,2481,6136,789745300,0,0,0
bc2205,20220218,20220218,133513000,13:35:13,63730,2481,6136,789745300,0,0,0
bc2205,20220218,20220218,133513500,13:35:14,63730,2481,6136,789745300,0,0,0
bc2205,20220218,20220218,133514000,13:35:14,63730,2481,6136,789745300,0,0,0
bc2205,20220218,20220218,133514500,13:35:14,63730,2481,6136,789745300,0,0,0
bc2205,20220218,20220218,133515000,13:35:15,63730,2481,6136,789745300,0,0,0
bc2205,20220218,20220218,133515500,13:35:16,63730,2481,6136,789745300,0,0,0
bc2205,20220218,20220218,133516000,13:35:16,63730,2481,6136,789745300,0,0,0
bc2205,20220218,20220218,133517000,13:35:17,63740,2482,6136,790064000,1,0,318700
bc2205,20220218,20220218,133517500,13:35:18,63740,2482,6136,790064000,0,0,0
bc2205,20220218,20220218,133518000,13:35:18,63740,2482,6136,790064000,0,0,0
bc2205,20220218,20220218,133518500,13:35:19,63740,2482,6136,790064000,0,0,0
bc2205,20220218,20220218,133519000,13:35:19,63740,2482,6136,790064000,0,0,0
bc2205,20220218,20220218,133519500,13:35:20,63740,2482,6136,790064000,0,0,0
bc2205,20220218,20220218,133520000,13:35:20,63740,2482,6136,790064000,0,0,0
bc2205,20220218,20220218,133520500,13:35:21,63740,2482,6136,790064000,0,0,0
bc2205,20220218,20220218,133521000,13:35:21,63740,2482,6136,790064000,0,0,0
bc2205,20220218,20220218,133521500,13:35:22,63740,2482,6136,790064000,0,0,0
bc2205,20220218,20220218,133522000,13:35:22,63740,2482,6136,790064000,0,0,0
bc2205,20220218,20220218,133522500,13:35:23,63740,2482,6136,790064000,0,0,0
bc2205,20220218,20220218,133523000,13:35:23,63740,2482,6136,790064000,0,0,0
bc2205,20220218,20220218,133523500,13:35:23,63740,2482,6136,790064000,0,0,0
bc2205,20220218,20220218,133524000,13:35:25,63740,2482,6136,790064000,0,0,0
bc2205,20220218,20220218,133525000,13:35:25,63750,2492,6139,793251500,10,3,3187500
bc2205,20220218,20220218,133525500,13:35:26,63750,2492,6139,793251500,0,0,0
bc2205,20220218,20220218,133526000,13:35:26,63750,2492,6139,793251500,0,0,0
bc2205,20220218,20220218,133526500,13:35:27,63750,2492,6139,793251500,0,0,0
bc2205,20220218,20220218,133527000,13:35:27,63750,2492,6139,793251500,0,0,0
bc2205,20220218,20220218,133527500,13:35:31,63750,2492,6139,793251500,0,0,0
bc2205,20220218,20220218,133528000,13:35:31,63750,2492,6139,793251500,0,0,0
bc2205,20220218,20220218,133528500,13:35:32,63750,2492,6139,793251500,0,0,0
bc2205,20220218,20220218,133531000,13:35:33,63750,2492,6139,793251500,0,0,0
bc2205,20220218,20220218,133531500,13:35:37,63750,2492,6139,793251500,0,0,0
bc2205,20220218,20220218,133532000,13:35:41,63770,2493,6138,793570350,1,-1,318850
bc2205,20220218,20220218,133532500,13:35:42,63770,2493,6138,793570350,0,0,0
bc2205,20220218,20220218,133540500,13:35:43,63770,2493,6138,793570350,0,0,0
bc2205,20220218,20220218,133541000,13:35:43,63770,2493,6138,793570350,0,0,0
bc2205,20220218,20220218,133542000,13:35:43,63770,2493,6138,793570350,0,0,0
bc2205,20220218,20220218,133542500,13:35:44,63760,2497,6135,794845550,4,-3,1275200
bc2205,20220218,20220218,133543500,13:35:44,63760,2497,6135,794845550,0,0,0
bc2205,20220218,20220218,133544000,13:35:45,63760,2497,6135,794845550,0,0,0
bc2205,20220218,20220218,133544500,13:35:45,63760,2497,6135,794845550,0,0,0
bc2205,20220218,20220218,133545000,13:35:46,63760,2497,6135,794845550,0,0,0
bc2205,20220218,20220218,133545500,13:35:46,63760,2500,6136,795801950,3,1,956400
bc2205,20220218,20220218,133546000,13:35:46,63760,2500,6136,795801950,0,0,0
bc2205,20220218,20220218,133546500,13:35:46,63760,2500,6136,795801950,0,0,0
bc2205,20220218,20220218,133547000,13:35:47,63760,2500,6136,795801950,0,0,0
bc2205,20220218,20220218,133548500,13:35:48,63760,2500,6136,795801950,0,0,0
bc2205,20220218,20220218,133549000,13:35:49,63760,2500,6136,795801950,0,0,0
bc2205,20220218,20220218,133549500,13:35:49,63760,2500,6136,795801950,0,0,0
bc2205,20220218,20220218,133550000,13:35:50,63760,2500,6136,795801950,0,0,0
bc2205,20220218,20220218,133550500,13:35:50,63760,2500,6136,795801950,0,0,0
bc2205,20220218,20220218,133551000,13:35:51,63760,2500,6136,795801950,0,0,0
bc2205,20220218,20220218,133551500,13:35:51,63760,2500,6136,795801950,0,0,0
bc2205,20220218,20220218,133552000,13:35:52,63760,2500,6136,795801950,0,0,0
bc2205,20220218,20220218,133553000,13:35:53,63760,2500,6136,795801950,0,0,0
bc2205,20220218,20220218,133553500,13:35:55,63760,2500,6136,795801950,0,0,0
bc2205,20220218,20220218,133554000,13:35:55,63760,2500,6136,795801950,0,0,0
bc2205,20220218,20220218,133554500,13:35:55,63760,2500,6136,795801950,0,0,0
bc2205,20220218,20220218,133555000,13:35:56,63760,2500,6136,795801950,0,0,0
bc2205,20220218,20220218,133556000,13:35:56,63760,2500,6136,795801950,0,0,0
bc2205,20220218,20220218,133556500,13:35:57,63760,2500,6136,795801950,0,0,0
bc2205,20220218,20220218,133557000,13:35:59,63760,2500,6136,795801950,0,0,0
bc2205,20220218,20220218,133557500,13:36:01,63760,2500,6136,795801950,0,0,0
bc2205,20220218,20220218,133559500,13:36:03,63760,2500,6136,795801950,0,0,0
bc2205,20220218,20220218,133600000,13:36:03,63760,2500,6136,795801950,0,0,0
bc2205,20220218,20220218,133601500,13:36:03,63760,2500,6136,795801950,0,0,0
bc2205,20220218,20220218,133602500,13:36:03,63760,2500,6136,795801950,0,0,0
bc2205,20220218,20220218,133603000,13:36:05,63760,2500,6136,795801950,0,0,0
bc2205,20220218,20220218,133603500,13:36:05,63760,2500,6136,795801950,0,0,0
bc2205,20220218,20220218,133604000,13:36:05,63760,2500,6136,795801950,0,0,0
bc2205,20220218,20220218,133606500,13:36:07,63760,2500,6136,795801950,0,0,0
bc2205,20220218,20220218,133609000,13:36:09,63760,2500,6136,795801950,0,0,0
bc2205,20220218,20220218,133609500,13:36:10,63760,2500,6136,795801950,0,0,0
bc2205,20220218,20220218,133610000,13:36:10,63760,2500,6136,795801950,0,0,0
bc2205,20220218,20220218,133611000,13:36:11,63760,2500,6136,795801950,0,0,0
bc2205,20220218,20220218,133611500,13:36:12,63760,2500,6136,795801950,0,0,0
bc2205,20220218,20220218,133612000,13:36:12,63760,2500,6136,795801950,0,0,0
bc2205,20220218,20220218,133613000,13:36:13,63760,2500,6136,795801950,0,0,0
bc2205,20220218,20220218,133618000,13:36:19,63760,2500,6136,795801950,0,0,0
bc2205,20220218,20220218,133619000,13:36:19,63760,2500,6136,795801950,0,0,0
bc2205,20220218,20220218,133620500,13:36:20,63760,2500,6136,795801950,0,0,0
bc2205,20220218,20220218,133624000,13:36:24,63760,2500,6136,795801950,0,0,0
bc2205,20220218,20220218,133626500,13:36:27,63760,2500,6136,795801950,0,0,0
bc2205,20220218,20220218,133627500,13:36:28,63760,2500,6136,795801950,0,0,0
bc2205,20220218,20220218,133628500,13:36:29,63760,2500,6136,795801950,0,0,0
bc2205,20220218,20220218,133629000,13:36:29,63760,2500,6136,795801950,0,0,0
bc2205,20220218,20220218,133629500,13:36:30,63760,2500,6136,795801950,0,0,0
bc2205,20220218,20220218,133630000,13:36:30,63760,2500,6136,795801950,0,0,0
bc2205,20220218,20220218,133630500,13:36:31,63760,2500,6136,795801950,0,0,0
bc2205,20220218,20220218,133631000,13:36:31,63760,2500,6136,795801950,0,0,0
bc2205,20220218,20220218,133631500,13:36:31,63760,2500,6136,795801950,0,0,0
bc2205,20220218,20220218,133632000,13:36:32,63760,2500,6136,795801950,0,0,0
bc2205,20220218,20220218,133634000,13:36:34,63760,2500,6136,795801950,0,0,0
bc2205,20220218,20220218,133634500,13:36:35,63760,2500,6136,795801950,0,0,0
bc2205,20220218,20220218,133635500,13:36:36,63760,2500,6136,795801950,0,0,0
bc2205,20220218,20220218,133636000,13:36:36,63760,2500,6136,795801950,0,0,0
bc2205,20220218,20220218,133636500,13:36:36,63760,2500,6136,795801950,0,0,0
bc2205,20220218,20220218,133637500,13:36:38,63760,2500,6136,795801950,0,0,0
bc2205,20220218,20220218,133638000,13:36:38,63760,2500,6136,795801950,0,0,0
bc2205,20220218,20220218,133638500,13:36:39,63760,2500,6136,795801950,0,0,0
bc2205,20220218,20220218,133639000,13:36:39,63760,2500,6136,795801950,0,0,0
bc2205,20220218,20220218,133639500,13:36:39,63760,2500,6136,795801950,0,0,0
bc2205,20220218,20220218,133640000,13:36:40,63760,2500,6136,795801950,0,0,0
bc2205,20220218,20220218,133640500,13:36:40,63760,2500,6136,795801950,0,0,0
bc2205,20220218,20220218,133641000,13:36:41,63760,2500,6136,795801950,0,0,0
bc2205,20220218,20220218,133641500,13:36:41,63760,2500,6136,795801950,0,0,0
bc2205,20220218,20220218,133642000,13:36:42,63760,2500,6136,795801950,0,0,0
bc2205,20220218,20220218,133646000,13:36:46,63760,2500,6136,795801950,0,0,0
bc2205,20220218,20220218,133651500,13:36:51,63760,2500,6136,795801950,0,0,0
bc2205,20220218,20220218,133652000,13:36:52,63760,2500,6136,795801950,0,0,0
bc2205,20220218,20220218,133652500,13:36:53,63760,2500,6136,795801950,0,0,0
bc2205,20220218,20220218,133653000,13:36:53,63760,2500,6136,795801950,0,0,0
bc2205,20220218,20220218,133653500,13:36:54,63760,2500,6136,795801950,0,0,0
bc2205,20220218,20220218,133657500,13:36:58,63760,2500,6136,795801950,0,0,0
bc2205,20220218,20220218,133700000,13:37:00,63760,2500,6136,795801950,0,0,0
bc2205,20220218,20220218,133700500,13:37:00,63760,2500,6136,795801950,0,0,0
bc2205,20220218,20220218,133701000,13:37:01,63760,2500,6136,795801950,0,0,0
bc2205,20220218,20220218,133701500,13:37:02,63760,2500,6136,795801950,0,0,0
bc2205,20220218,20220218,133703000,13:37:03,63760,2500,6136,795801950,0,0,0
bc2205,20220218,20220218,133706500,13:37:08,63760,2500,6136,795801950,0,0,0
bc2205,20220218,20220218,133707000,13:37:08,63760,2500,6136,795801950,0,0,0
bc2205,20220218,20220218,133709000,13:37:09,63760,2500,6136,795801950,0,0,0
bc2205,20220218,20220218,133710500,13:37:11,63760,2500,6136,795801950,0,0,0
bc2205,20220218,20220218,133711500,13:37:13,63760,2500,6136,795801950,0,0,0
bc2205,20220218,20220218,133712000,13:37:13,63760,2500,6136,795801950,0,0,0
bc2205,20220218,20220218,133714000,13:37:14,63760,2500,6136,795801950,0,0,0
bc2205,20220218,20220218,133714500,13:37:15,63760,2500,6136,795801950,0,0,0
bc2205,20220218,20220218,133715000,13:37:15,63760,2500,6136,795801950,0,0,0
bc2205,20220218,20220218,133715500,13:37:16,63760,2500,6136,795801950,0,0,0
bc2205,20220218,20220218,133716000,13:37:16,63760,2500,6136,795801950,0,0,0
bc2205,20220218,20220218,133716500,13:37:17,63760,2500,6136,795801950,0,0,0
bc2205,20220218,20220218,133718000,13:37:18,63760,2500,6136,795801950,0,0,0
bc2205,20220218,20220218,133718500,13:37:19,63760,2500,6136,795801950,0,0,0
bc2205,20220218,20220218,133720000,13:37:21,63760,2500,6136,795801950,0,0,0
bc2205,20220218,20220218,133720500,13:37:21,63760,2500,6136,795801950,0,0,0
bc2205,20220218,20220218,133721000,13:37:21,63760,2500,6136,795801950,0,0,0
bc2205,20220218,20220218,133721500,13:37:21,63760,2500,6136,795801950,0,0,0
bc2205,20220218,20220218,133722000,13:37:22,63760,2500,6136,795801950,0,0,0
bc2205,20220218,20220218,133722500,13:37:23,63760,2500,6136,795801950,0,0,0
bc2205,20220218,20220218,133723000,13:37:23,63760,2500,6136,795801950,0,0,0
bc2205,20220218,20220218,133724000,13:37:24,63760,2500,6136,795801950,0,0,0
bc2205,20220218,20220218,133724500,13:37:25,63760,2500,6136,795801950,0,0,0
bc2205,20220218,20220218,133725000,13:37:25,63760,2500,6136,795801950,0,0,0
bc2205,20220218,20220218,133725500,13:37:26,63760,2500,6136,795801950,0,0,0
bc2205,20220218,20220218,133726000,13:37:26,63760,2500,6136,795801950,0,0,0
bc2205,20220218,20220218,133726500,13:37:27,63760,2500,6136,795801950,0,0,0
bc2205,20220218,20220218,133728000,13:37:28,63760,2500,6136,795801950,0,0,0
bc2205,20220218,20220218,133728500,13:37:28,63760,2500,6136,795801950,0,0,0
bc2205,20220218,20220218,133729000,13:37:29,63760,2500,6136,795801950,0,0,0
bc2205,20220218,20220218,133729500,13:37:30,63760,2500,6136,795801950,0,0,0
bc2205,20220218,20220218,133730000,13:37:30,63760,2500,6136,795801950,0,0,0
bc2205,20220218,20220218,133731000,13:37:31,63760,2500,6136,795801950,0,0,0
bc2205,20220218,20220218,133731500,13:37:31,63760,2500,6136,795801950,0,0,0
bc2205,20220218,20220218,133733000,13:37:33,63760,2500,6136,795801950,0,0,0
bc2205,20220218,20220218,133733500,13:37:33,63760,2500,6136,795801950,0,0,0
bc2205,20220218,20220218,133735000,13:37:35,63760,2500,6136,795801950,0,0,0
bc2205,20220218,20220218,133735500,13:37:36,63760,2500,6136,795801950,0,0,0
bc2205,20220218,20220218,133736000,13:37:36,63760,2500,6136,795801950,0,0,0
bc2205,20220218,20220218,133737500,13:37:37,63760,2500,6136,795801950,0,0,0
bc2205,20220218,20220218,133738000,13:37:38,63760,2500,6136,795801950,0,0,0
bc2205,20220218,20220218,133742000,13:37:42,63760,2500,6136,795801950,0,0,0
bc2205,20220218,20220218,133742500,13:37:42,63760,2500,6136,795801950,0,0,0
bc2205,20220218,20220218,133743000,13:37:43,63760,2500,6136,795801950,0,0,0
bc2205,20220218,20220218,133743500,13:37:44,63760,2500,6136,795801950,0,0,0
bc2205,20220218,20220218,133744000,13:37:45,63760,2500,6136,795801950,0,0,0
bc2205,20220218,20220218,133745500,13:37:45,63760,2500,6136,795801950,0,0,0
bc2205,20220218,20220218,133747000,13:37:47,63760,2500,6136,795801950,0,0,0
bc2205,20220218,20220218,133747500,13:37:48,63760,2500,6136,795801950,0,0,0
bc2205,20220218,20220218,133748000,13:37:48,63760,2500,6136,795801950,0,0,0
bc2205,20220218,20220218,133748500,13:37:48,63760,2500,6136,795801950,0,0,0
bc2205,20220218,20220218,133753000,13:37:54,63760,2500,6136,795801950,0,0,0
bc2205,20220218,20220218,133753500,13:37:55,63760,2500,6136,795801950,0,0,0
bc2205,20220218,20220218,133754000,13:37:55,63760,2500,6136,795801950,0,0,0
bc2205,20220218,20220218,133754500,13:37:55,63760,2500,6136,795801950,0,0,0
bc2205,20220218,20220218,133800000,13:38:02,63760,2500,6136,795801950,0,0,0
bc2205,20220218,20220218,133800500,13:38:02,63760,2500,6136,795801950,0,0,0
bc2205,20220218,20220218,133801000,13:38:03,63760,2500,6136,795801950,0,0,0
bc2205,20220218,20220218,133801500,13:38:03,63760,2500,6136,795801950,0,0,0
bc2205,20220218,20220218,133802000,13:38:03,63760,2500,6136,795801950,0,0,0
bc2205,20220218,20220218,133802500,13:38:05,63760,2500,6136,795801950,0,0,0
bc2205,20220218,20220218,133804000,13:38:06,63760,2500,6136,795801950,0,0,0
bc2205,20220218,20220218,133806000,13:38:08,63760,2500,6136,795801950,0,0,0
bc2205,20220218,20220218,133806500,13:38:09,63760,2500,6136,795801950,0,0,0
bc2205,20220218,20220218,133807000,13:38:09,63760,2500,6136,795801950,0,0,0
bc2205,20220218,20220218,133807500,13:38:09,63760,2500,6136,795801950,0,0,0
bc2205,20220218,20220218,133812000,13:38:14,63760,2500,6136,795801950,0,0,0
bc2205,20220218,20220218,133812500,13:38:14,63760,2500,6136,795801950,0,0,0
bc2205,20220218,20220218,133813500,13:38:15,63760,2500,6136,795801950,0,0,0
bc2205,20220218,20220218,133814000,13:38:17,63760,2500,6136,795801950,0,0,0
bc2205,20220218,20220218,133814500,13:38:17,63760,2500,6136,795801950,0,0,0
bc2205,20220218,20220218,133815000,13:38:17,63760,2500,6136,795801950,0,0,0
bc2205,20220218,20220218,133815500,13:38:17,63760,2500,6136,795801950,0,0,0
bc2205,20220218,20220218,133817000,13:38:18,63760,2500,6136,795801950,0,0,0
bc2205,20220218,20220218,133817500,13:38:18,63760,2500,6136,795801950,0,0,0
bc2205,20220218,20220218,133818000,13:38:18,63760,2500,6136,795801950,0,0,0
bc2205,20220218,20220218,133818500,13:38:19,63760,2500,6136,795801950,0,0,0
bc2205,20220218,20220218,133819000,13:38:19,63760,2500,6136,795801950,0,0,0
bc2205,20220218,20220218,133821500,13:38:22,63760,2500,6136,795801950,0,0,0
bc2205,20220218,20220218,133822000,13:38:23,63760,2500,6136,795801950,0,0,0
bc2205,20220218,20220218,133822500,13:38:23,63760,2500,6136,795801950,0,0,0
bc2205,20220218,20220218,133823000,13:38:24,63760,2500,6136,795801950,0,0,0
bc2205,20220218,20220218,133823500,13:38:24,63760,2500,6136,795801950,0,0,0
bc2205,20220218,20220218,133824000,13:38:24,63760,2500,6136,795801950,0,0,0
bc2205,20220218,20220218,133825500,13:38:41,63760,2500,6136,795801950,0,0,0
bc2205,20220218,20220218,133838000,13:38:42,63760,2500,6136,795801950,0,0,0
bc2205,20220218,20220218,133843000,13:38:43,63760,2500,6136,795801950,0,0,0
bc2205,20220218,20220218,133843500,13:38:43,63760,2500,6136,795801950,0,0,0
bc2205,20220218,20220218,133851000,13:38:51,63760,2500,6136,795801950,0,0,0
bc2205,20220218,20220218,133853000,13:38:53,63760,2500,6136,795801950,0,0,0
bc2205,20220218,20220218,133855000,13:38:55,63760,2500,6136,795801950,0,0,0
bc2205,20220218,20220218,133856500,13:38:56,63760,2500,6136,795801950,0,0,0
bc2205,20220218,20220218,133903500,13:39:03,63760,2500,6136,795801950,0,0,0
bc2205,20220218,20220218,133906500,13:39:06,63760,2500,6136,795801950,0,0,0
bc2205,20220218,20220218,133913500,13:39:13,63760,2500,6136,795801950,0,0,0
bc2205,20220218,20220218,133914000,13:39:15,63760,2500,6136,795801950,0,0,0
bc2205,20220218,20220218,133914500,13:39:16,63760,2500,6136,795801950,0,0,0
bc2205,20220218,20220218,133915500,13:39:19,63760,2500,6136,795801950,0,0,0
bc2205,20220218,20220218,133916000,13:39:19,63760,2500,6136,795801950,0,0,0
bc2205,20220218,20220218,133918000,13:39:19,63760,2500,6136,795801950,0,0,0
bc2205,20220218,20220218,133919000,13:39:19,63760,2500,6136,795801950,0,0,0
bc2205,20220218,20220218,133920000,13:39:20,63780,2501,6136,796120850,1,0,318900
bc2205,20220218,20220218,133921500,13:39:21,63780,2501,6136,796120850,0,0,0
bc2205,20220218,20220218,133922500,13:39:23,63780,2501,6136,796120850,0,0,0
bc2205,20220218,20220218,133924000,13:39:24,63780,2501,6136,796120850,0,0,0
bc2205,20220218,20220218,133924500,13:39:24,63780,2501,6136,796120850,0,0,0
bc2205,20220218,20220218,133925000,13:39:25,63780,2501,6136,796120850,0,0,0
bc2205,20220218,20220218,133927000,13:39:27,63780,2501,6136,796120850,0,0,0
bc2205,20220218,20220218,133928000,13:39:28,63780,2501,6136,796120850,0,0,0
bc2205,20220218,20220218,133929000,13:39:29,63780,2501,6136,796120850,0,0,0
bc2205,20220218,20220218,133931000,13:39:31,63780,2501,6136,796120850,0,0,0
bc2205,20220218,20220218,133935000,13:39:35,63780,2501,6136,796120850,0,0,0
bc2205,20220218,20220218,133936000,13:39:36,63780,2501,6136,796120850,0,0,0
bc2205,20220218,20220218,133937000,13:39:37,63780,2501,6136,796120850,0,0,0
bc2205,20220218,20220218,133938000,13:39:38,63780,2501,6136,796120850,0,0,0
bc2205,20220218,20220218,133939000,13:39:39,63780,2501,6136,796120850,0,0,0
bc2205,20220218,20220218,133939500,13:39:39,63780,2501,6136,796120850,0,0,0
bc2205,20220218,20220218,133940500,13:39:41,63780,2501,6136,796120850,0,0,0
bc2205,20220218,20220218,133941000,13:39:41,63780,2501,6136,796120850,0,0,0
bc2205,20220218,20220218,133943500,13:39:43,63780,2501,6136,796120850,0,0,0
bc2205,20220218,20220218,133944500,13:39:45,63780,2501,6136,796120850,0,0,0
bc2205,20220218,20220218,133945000,13:39:45,63780,2501,6136,796120850,0,0,0
bc2205,20220218,20220218,133945500,13:39:46,63780,2501,6136,796120850,0,0,0
bc2205,20220218,20220218,133946000,13:39:47,63780,2501,6136,796120850,0,0,0
bc2205,20220218,20220218,133946500,13:39:47,63780,2501,6136,796120850,0,0,0
bc2205,20220218,20220218,133948500,13:39:48,63780,2501,6136,796120850,0,0,0
bc2205,20220218,20220218,133949000,13:39:49,63780,2501,6136,796120850,0,0,0
bc2205,20220218,20220218,133949500,13:39:50,63780,2501,6136,796120850,0,0,0
bc2205,20220218,20220218,133950000,13:39:50,63780,2501,6136,796120850,0,0,0
bc2205,20220218,20220218,133950500,13:39:50,63780,2501,6136,796120850,0,0,0
bc2205,20220218,20220218,133951500,13:39:51,63780,2501,6136,796120850,0,0,0
bc2205,20220218,20220218,133956000,13:39:56,63780,2501,6136,796120850,0,0,0
bc2205,20220218,20220218,133956500,13:39:57,63780,2501,6136,796120850,0,0,0
bc2205,20220218,20220218,133957000,13:39:57,63780,2501,6136,796120850,0,0,0
bc2205,20220218,20220218,133957500,13:40:12,63780,2501,6136,796120850,0,0,0
bc2205,20220218,20220218,133958000,13:40:13,63780,2501,6136,796120850,0,0,0
bc2205,20220218,20220218,133958500,13:40:13,63780,2501,6136,796120850,0,0,0
bc2205,20220218,20220218,134009000,13:40:13,63780,2501,6136,796120850,0,0,0
bc2205,20220218,20220218,134014500,13:40:15,63780,2501,6136,796120850,0,0,0
bc2205,20220218,20220218,134015000,13:40:16,63780,2501,6136,796120850,0,0,0
bc2205,20220218,20220218,134015500,13:40:16,63780,2501,6136,796120850,0,0,0
bc2205,20220218,20220218,134018000,13:40:19,63780,2501,6136,796120850,0,0,0
bc2205,20220218,20220218,134018500,13:40:19,63780,2501,6136,796120850,0,0,0
bc2205,20220218,20220218,134019500,13:40:20,63780,2501,6136,796120850,0,0,0
bc2205,20220218,20220218,134020000,13:40:20,63780,2501,6136,796120850,0,0,0
bc2205,20220218,20220218,134020500,13:40:21,63780,2501,6136,796120850,0,0,0
bc2205,20220218,20220218,134021500,13:40:22,63780,2501,6136,796120850,0,0,0
bc2205,20220218,20220218,134022000,13:40:22,63780,2501,6136,796120850,0,0,0
bc2205,20220218,20220218,134022500,13:40:22,63780,2501,6136,796120850,0,0,0
bc2205,20220218,20220218,134023000,13:40:23,63790,2507,6138,798034550,6,2,1913700
bc2205,20220218,20220218,134023500,13:40:23,63790,2509,6140,798672450,2,2,637900
bc2205,20220218,20220218,134024000,13:40:24,63790,2511,6141,799310350,2,1,637900
bc2205,20220218,20220218,134024500,13:40:25,63790,2511,6141,799310350,0,0,0
bc2205,20220218,20220218,134025000,13:40:25,63790,2511,6141,799310350,0,0,0
bc2205,20220218,20220218,134025500,13:40:26,63790,2511,6141,799310350,0,0,0
bc2205,20220218,20220218,134026000,13:40:26,63790,2511,6141,799310350,0,0,0
bc2205,20220218,20220218,134026500,13:40:27,63790,2511,6141,799310350,0,0,0
bc2205,20220218,20220218,134027500,13:40:27,63790,2511,6141,799310350,0,0,0
bc2205,20220218,20220218,134028000,13:40:28,63790,2511,6141,799310350,0,0,0
bc2205,20220218,20220218,134028500,13:40:29,63790,2511,6141,799310350,0,0,0
bc2205,20220218,20220218,134029000,13:40:30,63790,2511,6141,799310350,0,0,0
bc2205,20220218,20220218,134029500,13:40:30,63790,2511,6141,799310350,0,0,0
bc2205,20220218,20220218,134030000,13:40:30,63790,2512,6140,799629300,1,-1,318950
bc2205,20220218,20220218,134030500,13:40:30,63790,2512,6140,799629300,0,0,0
bc2205,20220218,20220218,134031000,13:40:31,63790,2512,6140,799629300,0,0,0
bc2205,20220218,20220218,134031500,13:40:32,63790,2512,6140,799629300,0,0,0
bc2205,20220218,20220218,134032000,13:40:32,63790,2512,6140,799629300,0,0,0
bc2205,20220218,20220218,134032500,13:40:32,63790,2512,6140,799629300,0,0,0
bc2205,20220218,20220218,134033000,13:40:33,63790,2512,6140,799629300,0,0,0
bc2205,20220218,20220218,134033500,13:40:34,63790,2512,6140,799629300,0,0,0
bc2205,20220218,20220218,134034000,13:40:34,63790,2512,6140,799629300,0,0,0
bc2205,20220218,20220218,134034500,13:40:35,63790,2512,6140,799629300,0,0,0
bc2205,20220218,20220218,134035000,13:40:35,63790,2512,6140,799629300,0,0,0
bc2205,20220218,20220218,134035500,13:40:36,63790,2512,6140,799629300,0,0,0
bc2205,20220218,20220218,134036000,13:40:36,63790,2512,6140,799629300,0,0,0
bc2205,20220218,20220218,134036500,13:40:36,63790,2512,6140,799629300,0,0,0
bc2205,20220218,20220218,134037000,13:40:37,63790,2512,6140,799629300,0,0,0
bc2205,20220218,20220218,134037500,13:40:38,63790,2512,6140,799629300,0,0,0
bc2205,20220218,20220218,134038000,13:40:38,63790,2512,6140,799629300,0,0,0
bc2205,20220218,20220218,134038500,13:40:38,63790,2512,6140,799629300,0,0,0
bc2205,20220218,20220218,134039500,13:40:40,63790,2512,6140,799629300,0,0,0
bc2205,20220218,20220218,134040000,13:40:41,63790,2512,6140,799629300,0,0,0
bc2205,20220218,20220218,134040500,13:40:41,63790,2512,6140,799629300,0,0,0
bc2205,20220218,20220218,134041000,13:40:42,63790,2512,6140,799629300,0,0,0
bc2205,20220218,20220218,134041500,13:40:42,63790,2512,6140,799629300,0,0,0
bc2205,20220218,20220218,134042000,13:40:42,63790,2512,6140,799629300,0,0,0
bc2205,20220218,20220218,134042500,13:40:43,63790,2512,6140,799629300,0,0,0
bc2205,20220218,20220218,134043000,13:40:43,63790,2512,6140,799629300,0,0,0
bc2205,20220218,20220218,134043500,13:40:44,63790,2512,6140,799629300,0,0,0
bc2205,20220218,20220218,134045000,13:40:45,63790,2512,6140,799629300,0,0,0
bc2205,20220218,20220218,134045500,13:40:45,63790,2512,6140,799629300,0,0,0
bc2205,20220218,20220218,134046000,13:40:46,63790,2512,6140,799629300,0,0,0
bc2205,20220218,20220218,134047000,13:40:47,63790,2512,6140,799629300,0,0,0
bc2205,20220218,20220218,134048000,13:40:48,63790,2512,6140,799629300,0,0,0
bc2205,20220218,20220218,134048500,13:40:48,63790,2512,6140,799629300,0,0,0
bc2205,20220218,20220218,134050000,13:40:50,63790,2512,6140,799629300,0,0,0
bc2205,20220218,20220218,134050500,13:40:50,63790,2512,6140,799629300,0,0,0
bc2205,20220218,20220218,134051000,13:40:51,63790,2512,6140,799629300,0,0,0
bc2205,20220218,20220218,134052500,13:40:55,63790,2512,6140,799629300,0,0,0
bc2205,20220218,20220218,134054000,13:40:55,63790,2512,6140,799629300,0,0,0
bc2205,20220218,20220218,134057000,13:40:58,63790,2512,6140,799629300,0,0,0
bc2205,20220218,20220218,134057500,13:40:58,63790,2512,6140,799629300,0,0,0
bc2205,20220218,20220218,134058000,13:40:58,63790,2512,6140,799629300,0,0,0
bc2205,20220218,20220218,134058500,13:40:59,63790,2512,6140,799629300,0,0,0
bc2205,20220218,20220218,134059000,13:40:59,63790,2512,6140,799629300,0,0,0
bc2205,20220218,20220218,134104000,13:41:05,63790,2512,6140,799629300,0,0,0
bc2205,20220218,20220218,134104500,13:41:05,63790,2512,6140,799629300,0,0,0
bc2205,20220218,20220218,134105000,13:41:06,63790,2512,6140,799629300,0,0,0
bc2205,20220218,20220218,134105500,13:41:06,63790,2512,6140,799629300,0,0,0
bc2205,20220218,20220218,134106000,13:41:07,63790,2512,6140,799629300,0,0,0
bc2205,20220218,20220218,134106500,13:41:07,63790,2512,6140,799629300,0,0,0
bc2205,20220218,20220218,134107000,13:41:07,63790,2512,6140,799629300,0,0,0
bc2205,20220218,20220218,134107500,13:41:09,63800,2514,6140,800267300,2,0,638000
bc2205,20220218,20220218,134108000,13:41:09,63800,2514,6140,800267300,0,0,0
bc2205,20220218,20220218,134109000,13:41:10,63800,2514,6140,800267300,0,0,0
bc2205,20220218,20220218,134109500,13:41:10,63800,2515,6140,800586300,1,0,319000
bc2205,20220218,20220218,134110000,13:41:10,63800,2515,6140,800586300,0,0,0
bc2205,20220218,20220218,134110500,13:41:10,63800,2515,6140,800586300,0,0,0
bc2205,20220218,20220218,134111000,13:41:11,63800,2515,6140,800586300,0,0,0
bc2205,20220218,20220218,134112000,13:41:12,63800,2515,6140,800586300,0,0,0
bc2205,20220218,20220218,134112500,13:41:12,63800,2515,6140,800586300,0,0,0
bc2205,20220218,20220218,134113000,13:41:13,63800,2515,6140,800586300,0,0,0
bc2205,20220218,20220218,134113500,13:41:13,63800,2515,6140,800586300,0,0,0
bc2205,20220218,20220218,134114000,13:41:15,63800,2515,6140,800586300,0,0,0
bc2205,20220218,20220218,134114500,13:41:16,63800,2515,6140,800586300,0,0,0
bc2205,20220218,20220218,134115000,13:41:16,63800,2515,6140,800586300,0,0,0
bc2205,20220218,20220218,134116000,13:41:17,63800,2515,6140,800586300,0,0,0
bc2205,20220218,20220218,134117000,13:41:17,63810,2519,6142,801862500,4,2,1276200
bc2205,20220218,20220218,134117500,13:41:18,63810,2519,6142,801862500,0,0,0
bc2205,20220218,20220218,134118000,13:41:19,63810,2519,6142,801862500,0,0,0
bc2205,20220218,20220218,134118500,13:41:19,63810,2519,6142,801862500,0,0,0
bc2205,20220218,20220218,134119000,13:41:19,63810,2519,6142,801862500,0,0,0
bc2205,20220218,20220218,134119500,13:41:19,63810,2519,6142,801862500,0,0,0
bc2205,20220218,20220218,134120000,13:41:20,63810,2519,6142,801862500,0,0,0
bc2205,20220218,20220218,134120500,13:41:23,63810,2519,6142,801862500,0,0,0
bc2205,20220218,20220218,134121000,13:41:23,63810,2519,6142,801862500,0,0,0
bc2205,20220218,20220218,134121500,13:41:24,63810,2519,6142,801862500,0,0,0
bc2205,20220218,20220218,134123000,13:41:24,63810,2519,6142,801862500,0,0,0
bc2205,20220218,20220218,134123500,13:41:24,63810,2519,6142,801862500,0,0,0
bc2205,20220218,20220218,134124000,13:41:24,63810,2519,6142,801862500,0,0,0
bc2205,20220218,20220218,134124500,13:41:26,63810,2519,6142,801862500,0,0,0
bc2205,20220218,20220218,134125000,13:41:26,63810,2519,6142,801862500,0,0,0
bc2205,20220218,20220218,134125500,13:41:27,63810,2519,6142,801862500,0,0,0
bc2205,20220218,20220218,134126000,13:41:27,63810,2519,6142,801862500,0,0,0
bc2205,20220218,20220218,134126500,13:41:27,63810,2519,6142,801862500,0,0,0
bc2205,20220218,20220218,134127000,13:41:27,63810,2519,6142,801862500,0,0,0
bc2205,20220218,20220218,134127500,13:41:28,63810,2519,6142,801862500,0,0,0
bc2205,20220218,20220218,134128000,13:41:28,63810,2519,6142,801862500,0,0,0
bc2205,20220218,20220218,134128500,13:41:28,63810,2519,6142,801862500,0,0,0
bc2205,20220218,20220218,134129000,13:41:29,63810,2519,6142,801862500,0,0,0
bc2205,20220218,20220218,134129500,13:41:30,63810,2519,6142,801862500,0,0,0
bc2205,20220218,20220218,134132000,13:41:32,63810,2519,6142,801862500,0,0,0
bc2205,20220218,20220218,134132500,13:41:33,63810,2519,6142,801862500,0,0,0
bc2205,20220218,20220218,134133000,13:41:33,63810,2519,6142,801862500,0,0,0
bc2205,20220218,20220218,134133500,13:41:34,63810,2519,6142,801862500,0,0,0
bc2205,20220218,20220218,134134000,13:41:34,63810,2521,6141,802500600,2,-1,638100
bc2205,20220218,20220218,134134500,13:41:34,63810,2521,6141,802500600,0,0,0
bc2205,20220218,20220218,134135000,13:41:35,63810,2521,6141,802500600,0,0,0
bc2205,20220218,20220218,134135500,13:41:35,63810,2521,6141,802500600,0,0,0
bc2205,20220218,20220218,134136000,13:41:39,63810,2521,6141,802500600,0,0,0
bc2205,20220218,20220218,134136500,13:41:39,63810,2521,6141,802500600,0,0,0
bc2205,20220218,20220218,134137000,13:41:40,63810,2521,6141,802500600,0,0,0
bc2205,20220218,20220218,134139500,13:41:42,63810,2521,6141,802500600,0,0,0
bc2205,20220218,20220218,134140000,13:41:42,63810,2521,6141,802500600,0,0,0
bc2205,20220218,20220218,134140500,13:41:42,63810,2521,6141,802500600,0,0,0
bc2205,20220218,20220218,134142000,13:41:42,63810,2521,6141,802500600,0,0,0
bc2205,20220218,20220218,134142500,13:41:42,63810,2521,6141,802500600,0,0,0
bc2205,20220218,20220218,134143500,13:41:44,63810,2521,6141,802500600,0,0,0
bc2205,20220218,20220218,134144000,13:41:44,63810,2521,6141,802500600,0,0,0
bc2205,20220218,20220218,134145500,13:41:45,63810,2521,6141,802500600,0,0,0
bc2205,20220218,20220218,134146000,13:41:46,63810,2521,6141,802500600,0,0,0
bc2205,20220218,20220218,134147000,13:41:47,63810,2521,6141,802500600,0,0,0
bc2205,20220218,20220218,134147500,13:41:48,63810,2521,6141,802500600,0,0,0
bc2205,20220218,20220218,134151500,13:41:52,63810,2521,6141,802500600,0,0,0
bc2205,20220218,20220218,134155000,13:42:04,63810,2521,6141,802500600,0,0,0
bc2205,20220218,20220218,134200000,13:42:10,63810,2521,6141,802500600,0,0,0
bc2205,20220218,20220218,134203000,13:42:11,63810,2521,6141,802500600,0,0,0
bc2205,20220218,20220218,134209000,13:42:12,63810,2521,6141,802500600,0,0,0
bc2205,20220218,20220218,134213500,13:42:14,63810,2521,6141,802500600,0,0,0
bc2205,20220218,20220218,134214000,13:42:14,63810,2521,6141,802500600,0,0,0
bc2205,20220218,20220218,134214500,13:42:15,63810,2521,6141,802500600,0,0,0
bc2205,20220218,20220218,134215000,13:42:15,63810,2521,6141,802500600,0,0,0
bc2205,20220218,20220218,134215500,13:42:16,63810,2521,6141,802500600,0,0,0
bc2205,20220218,20220218,134218000,13:42:20,63810,2521,6141,802500600,0,0,0
bc2205,20220218,20220218,134218500,13:42:20,63810,2521,6141,802500600,0,0,0
bc2205,20220218,20220218,134219500,13:42:20,63810,2521,6141,802500600,0,0,0
bc2205,20220218,20220218,134220000,13:42:21,63810,2521,6141,802500600,0,0,0
bc2205,20220218,20220218,134220500,13:42:21,63810,2521,6141,802500600,0,0,0
bc2205,20220218,20220218,134221000,13:42:21,63810,2521,6141,802500600,0,0,0
bc2205,20220218,20220218,134221500,13:42:21,63810,2521,6141,802500600,0,0,0
bc2205,20220218,20220218,134222000,13:42:22,63810,2521,6141,802500600,0,0,0
bc2205,20220218,20220218,134222500,13:42:22,63810,2521,6141,802500600,0,0,0
bc2205,20220218,20220218,134223000,13:42:23,63810,2521,6141,802500600,0,0,0
bc2205,20220218,20220218,134223500,13:42:24,63810,2521,6141,802500600,0,0,0
bc2205,20220218,20220218,134224000,13:42:24,63810,2521,6141,802500600,0,0,0
bc2205,20220218,20220218,134224500,13:42:25,63810,2521,6141,802500600,0,0,0
bc2205,20220218,20220218,134225000,13:42:25,63810,2521,6141,802500600,0,0,0
bc2205,20220218,20220218,134225500,13:42:25,63810,2521,6141,802500600,0,0,0
bc2205,20220218,20220218,134226000,13:42:27,63810,2521,6141,802500600,0,0,0
bc2205,20220218,20220218,134235000,13:42:35,63810,2521,6141,802500600,0,0,0
bc2205,20220218,20220218,134244000,13:42:44,63810,2521,6141,802500600,0,0,0
bc2205,20220218,20220218,134246500,13:42:46,63810,2521,6141,802500600,0,0,0
bc2205,20220218,20220218,134249000,13:42:49,63810,2521,6141,802500600,0,0,0
bc2205,20220218,20220218,134255500,13:42:55,63810,2521,6141,802500600,0,0,0
bc2205,20220218,20220218,134256500,13:42:57,63810,2521,6141,802500600,0,0,0
bc2205,20220218,20220218,134257000,13:42:59,63810,2521,6141,802500600,0,0,0
bc2205,20220218,20220218,134300000,13:43:01,63810,2521,6141,802500600,0,0,0
bc2205,20220218,20220218,134300500,13:43:02,63810,2521,6141,802500600,0,0,0
bc2205,20220218,20220218,134301000,13:43:02,63810,2521,6141,802500600,0,0,0
bc2205,20220218,20220218,134301500,13:43:02,63810,2521,6141,802500600,0,0,0
bc2205,20220218,20220218,134302000,13:43:02,63810,2521,6141,802500600,0,0,0
bc2205,20220218,20220218,134308500,13:43:12,63810,2521,6141,802500600,0,0,0
bc2205,20220218,20220218,134312500,13:43:14,63810,2521,6141,802500600,0,0,0
bc2205,20220218,20220218,134314000,13:43:14,63800,2523,6140,803138600,2,-1,638000
bc2205,20220218,20220218,134314500,13:43:15,63800,2523,6140,803138600,0,0,0
bc2205,20220218,20220218,134315000,13:43:15,63800,2523,6140,803138600,0,0,0
bc2205,20220218,20220218,134315500,13:43:15,63800,2523,6140,803138600,0,0,0
bc2205,20220218,20220218,134316000,13:43:16,63800,2523,6140,803138600,0,0,0
bc2205,20220218,20220218,134320500,13:43:21,63800,2523,6140,803138600,0,0,0
bc2205,20220218,20220218,134321500,13:43:21,63800,2523,6140,803138600,0,0,0
bc2205,20220218,20220218,134322000,13:43:22,63800,2523,6140,803138600,0,0,0
bc2205,20220218,20220218,134325000,13:43:25,63800,2523,6140,803138600,0,0,0
bc2205,20220218,20220218,134326000,13:43:26,63800,2523,6140,803138600,0,0,0
bc2205,20220218,20220218,134326500,13:43:26,63800,2523,6140,803138600,0,0,0
bc2205,20220218,20220218,134327000,13:43:27,63800,2523,6140,803138600,0,0,0
bc2205,20220218,20220218,134327500,13:43:27,63800,2523,6140,803138600,0,0,0
bc2205,20220218,20220218,134328000,13:43:29,63800,2523,6140,803138600,0,0,0
bc2205,20220218,20220218,134332000,13:43:32,63800,2523,6140,803138600,0,0,0
bc2205,20220218,20220218,134332500,13:43:32,63800,2523,6140,803138600,0,0,0
bc2205,20220218,20220218,134335000,13:43:35,63800,2523,6140,803138600,0,0,0
bc2205,20220218,20220218,134337500,13:43:37,63800,2523,6140,803138600,0,0,0
bc2205,20220218,20220218,134338000,13:43:38,63800,2523,6140,803138600,0,0,0
bc2205,20220218,20220218,134338500,13:43:38,63800,2523,6140,803138600,0,0,0
bc2205,20220218,20220218,134339000,13:43:39,63800,2523,6140,803138600,0,0,0
bc2205,20220218,20220218,134354500,13:44:04,63800,2523,6140,803138600,0,0,0
bc2205,20220218,20220218,134355000,13:44:04,63800,2523,6140,803138600,0,0,0
bc2205,20220218,20220218,134356500,13:44:04,63800,2523,6140,803138600,0,0,0
bc2205,20220218,20220218,134403000,13:44:04,63800,2523,6140,803138600,0,0,0
bc2205,20220218,20220218,134406000,13:44:06,63800,2523,6140,803138600,0,0,0
bc2205,20220218,20220218,134406500,13:44:06,63800,2523,6140,803138600,0,0,0
bc2205,20220218,20220218,134409000,13:44:09,63800,2523,6140,803138600,0,0,0
bc2205,20220218,20220218,134416000,13:44:17,63800,2523,6140,803138600,0,0,0
bc2205,20220218,20220218,134418000,13:44:18,63800,2523,6140,803138600,0,0,0
bc2205,20220218,20220218,134420000,13:44:23,63800,2523,6140,803138600,0,0,0
bc2205,20220218,20220218,134420500,13:44:23,63800,2523,6140,803138600,0,0,0
bc2205,20220218,20220218,134421000,13:44:23,63800,2523,6140,803138600,0,0,0
bc2205,20220218,20220218,134422000,13:44:23,63800,2523,6140,803138600,0,0,0
bc2205,20220218,20220218,134423500,13:44:24,63800,2523,6140,803138600,0,0,0
bc2205,20220218,20220218,134424000,13:44:24,63800,2523,6140,803138600,0,0,0
bc2205,20220218,20220218,134424500,13:44:24,63800,2523,6140,803138600,0,0,0
bc2205,20220218,20220218,134425000,13:44:25,63800,2523,6140,803138600,0,0,0
bc2205,20220218,20220218,134425500,13:44:25,63800,2523,6140,803138600,0,0,0
bc2205,20220218,20220218,134426000,13:44:26,63800,2523,6140,803138600,0,0,0
bc2205,20220218,20220218,134426500,13:44:26,63800,2523,6140,803138600,0,0,0
bc2205,20220218,20220218,134427000,13:44:27,63800,2523,6140,803138600,0,0,0
bc2205,20220218,20220218,134427500,13:44:27,63800,2523,6140,803138600,0,0,0
bc2205,20220218,20220218,134428000,13:44:29,63800,2523,6140,803138600,0,0,0
bc2205,20220218,20220218,134429000,13:44:29,63800,2523,6140,803138600,0,0,0
bc2205,20220218,20220218,134429500,13:44:31,63800,2523,6140,803138600,0,0,0
bc2205,20220218,20220218,134435000,13:44:37,63800,2523,6140,803138600,0,0,0
bc2205,20220218,20220218,134438500,13:44:38,63800,2523,6140,803138600,0,0,0
bc2205,20220218,20220218,134439500,13:44:39,63800,2523,6140,803138600,0,0,0
bc2205,20220218,20220218,134441000,13:44:41,63800,2523,6140,803138600,0,0,0
bc2205,20220218,20220218,134441500,13:44:41,63800,2523,6140,803138600,0,0,0
bc2205,20220218,20220218,134446500,13:44:46,63800,2523,6140,803138600,0,0,0
bc2205,20220218,20220218,134447000,13:44:47,63800,2523,6140,803138600,0,0,0
bc2205,20220218,20220218,134449500,13:44:50,63800,2523,6140,803138600,0,0,0
bc2205,20220218,20220218,134451000,13:44:51,63800,2523,6140,803138600,0,0,0
bc2205,20220218,20220218,134452500,13:44:53,63800,2523,6140,803138600,0,0,0
bc2205,20220218,20220218,134453000,13:44:53,63800,2523,6140,803138600,0,0,0
bc2205,20220218,20220218,134455000,13:44:55,63800,2523,6140,803138600,0,0,0
bc2205,20220218,20220218,134455500,13:44:55,63800,2523,6140,803138600,0,0,0
bc2205,20220218,20220218,134456000,13:44:56,63800,2523,6140,803138600,0,0,0
bc2205,20220218,20220218,134456500,13:44:56,63800,2523,6140,803138600,0,0,0
bc2205,20220218,20220218,134458500,13:44:59,63800,2523,6140,803138600,0,0,0
bc2205,20220218,20220218,134459500,13:44:59,63800,2523,6140,803138600,0,0,0
bc2205,20220218,20220218,134500000,13:45:00,63800,2523,6140,803138600,0,0,0
bc2205,20220218,20220218,134500500,13:45:01,63800,2523,6140,803138600,0,0,0
bc2205,20220218,20220218,134501500,13:45:02,63800,2523,6140,803138600,0,0,0
bc2205,20220218,20220218,134502500,13:45:03,63800,2523,6140,803138600,0,0,0
bc2205,20220218,20220218,134504500,13:45:08,63800,2523,6140,803138600,0,0,0
bc2205,20220218,20220218,134508000,13:45:09,63800,2523,6140,803138600,0,0,0
bc2205,20220218,20220218,134508500,13:45:09,63800,2523,6140,803138600,0,0,0
bc2205,20220218,20220218,134509000,13:45:10,63800,2523,6140,803138600,0,0,0
bc2205,20220218,20220218,134509500,13:45:10,63800,2523,6140,803138600,0,0,0
bc2205,20220218,20220218,134510000,13:45:10,63800,2523,6140,803138600,0,0,0
bc2205,20220218,20220218,134512000,13:45:12,63800,2523,6140,803138600,0,0,0
bc2205,20220218,20220218,134512500,13:45:13,63800,2523,6140,803138600,0,0,0
bc2205,20220218,20220218,134513000,13:45:13,63800,2523,6140,803138600,0,0,0
bc2205,20220218,20220218,134513500,13:45:14,63800,2523,6140,803138600,0,0,0
bc2205,20220218,20220218,134514000,13:45:15,63800,2523,6140,803138600,0,0,0
bc2205,20220218,20220218,134514500,13:45:16,63800,2523,6140,803138600,0,0,0
bc2205,20220218,20220218,134515500,13:45:17,63800,2523,6140,803138600,0,0,0
