lu2205,20220218,20220218,112003000,11:20:05,4184,57894,57439,2437493490,57894,-973,2437493490
lu2205,20220218,20220218,112004500,11:20:09,4184,57894,57439,2437493490,0,0,0
lu2205,20220218,20220218,112006000,11:20:10,4185,57895,57439,2437535340,1,0,41850
lu2205,20220218,20220218,112006500,11:20:10,4185,57906,57444,2437995690,11,5,460350
lu2205,20220218,20220218,112007000,11:20:10,4185,57906,57444,2437995690,0,0,0
lu2205,20220218,20220218,112007500,11:20:10,4185,57906,57444,2437995690,0,0,0
lu2205,20220218,20220218,112008000,11:20:10,4185,57906,57444,2437995690,0,0,0
lu2205,20220218,20220218,112008500,11:20:10,4185,57906,57444,2437995690,0,0,0
lu2205,20220218,20220218,112009000,11:20:10,4185,57906,57444,2437995690,0,0,0
lu2205,20220218,20220218,112010000,11:20:10,4185,57906,57444,2437995690,0,0,0
lu2205,20220218,20220218,112010500,11:20:10,4185,57906,57444,2437995690,0,0,0
lu2205,20220218,20220218,112011000,11:20:11,4185,57906,57444,2437995690,0,0,0
lu2205,20220218,20220218,112011500,11:20:12,4185,57906,57444,2437995690,0,0,0
lu2205,20220218,20220218,112012000,11:20:12,4185,57906,57444,2437995690,0,0,0
lu2205,20220218,20220218,112012500,11:20:12,4185,57906,57444,2437995690,0,0,0
lu2205,20220218,20220218,112013000,11:20:13,4185,57906,57444,2437995690,0,0,0
lu2205,20220218,20220218,112013500,11:20:13,4185,57906,57444,2437995690,0,0,0
lu2205,20220218,20220218,112014000,11:20:14,4185,57907,57443,2438037540,1,-1,41850
lu2205,20220218,20220218,112014500,11:20:14,4185,57907,57443,2438037540,0,0,0
lu2205,20220218,20220218,112015000,11:20:15,4185,57907,57443,2438037540,0,0,0
lu2205,20220218,20220218,112015500,11:20:16,4185,57907,57443,2438037540,0,0,0
lu2205,20220218,20220218,112016000,11:20:16,4185,57907,57443,2438037540,0,0,0
lu2205,20220218,20220218,112016500,11:20:16,4185,57907,57443,2438037540,0,0,0
lu2205,20220218,20220218,112017000,11:20:17,4185,57907,57443,2438037540,0,0,0
lu2205,20220218,20220218,112017500,11:20:17,4185,57907,57443,2438037540,0,0,0
lu2205,20220218,20220218,112018000,11:20:18,4185,57907,57443,2438037540,0,0,0
lu2205,20220218,20220218,112018500,11:20:18,4185,57907,57443,2438037540,0,0,0
lu2205,20220218,20220218,112019000,11:20:19,4185,57907,57443,2438037540,0,0,0
lu2205,20220218,20220218,112019500,11:20:20,4185,57907,57443,2438037540,0,0,0
lu2205,20220218,20220218,112020000,11:20:20,4185,57907,57443,2438037540,0,0,0
lu2205,20220218,20220218,112020500,11:20:20,4185,57907,57443,2438037540,0,0,0
lu2205,20220218,20220218,112021000,11:20:21,4185,57907,57443,2438037540,0,0,0
lu2205,20220218,20220218,112021500,11:20:21,4185,57907,57443,2438037540,0,0,0
lu2205,20220218,20220218,112022000,11:20:22,4185,57907,57443,2438037540,0,0,0
lu2205,20220218,20220218,112022500,11:20:23,4185,57907,57443,2438037540,0,0,0
lu2205,20220218,20220218,112023000,11:20:23,4185,57907,57443,2438037540,0,0,0
lu2205,20220218,20220218,112023500,11:20:23,4185,57907,57443,2438037540,0,0,0
lu2205,20220218,20220218,112024000,11:20:24,4185,57907,57443,2438037540,0,0,0
lu2205,20220218,20220218,112024500,11:20:24,4185,57907,57443,2438037540,0,0,0
lu2205,20220218,20220218,112025000,11:20:25,4185,57907,57443,2438037540,0,0,0
lu2205,20220218,20220218,112025500,11:20:26,4185,57907,57443,2438037540,0,0,0
lu2205,20220218,20220218,112026000,11:20:26,4185,57907,57443,2438037540,0,0,0
lu2205,20220218,20220218,112026500,11:20:26,4185,57907,57443,2438037540,0,0,0
lu2205,20220218,20220218,112027000,11:20:27,4185,57907,57443,2438037540,0,0,0
lu2205,20220218,20220218,112027500,11:20:28,4185,57907,57443,2438037540,0,0,0
lu2205,20220218,20220218,112028000,11:20:28,4186,57908,57443,2438079400,1,0,41860
lu2205,20220218,20220218,112028500,11:20:28,4186,57908,57443,2438079400,0,0,0
lu2205,20220218,20220218,112029000,11:20:29,4186,57908,57443,2438079400,0,0,0
lu2205,20220218,20220218,112029500,11:20:31,4186,57908,57443,2438079400,0,0,0
lu2205,20220218,20220218,112030000,11:20:31,4186,57908,57443,2438079400,0,0,0
lu2205,20220218,20220218,112030500,11:20:31,4186,57908,57443,2438079400,0,0,0
lu2205,20220218,20220218,112031000,11:20:32,4185,57914,57443,2438330500,6,0,251100
lu2205,20220218,20220218,112031500,11:20:32,4185,57914,57443,2438330500,0,0,0
lu2205,20220218,20220218,112032000,11:20:32,4185,57914,57443,2438330500,0,0,0
lu2205,20220218,20220218,112032500,11:20:32,4185,57914,57443,2438330500,0,0,0
lu2205,20220218,20220218,112033000,11:20:33,4185,57914,57443,2438330500,0,0,0
lu2205,20220218,20220218,112033500,11:20:33,4185,57914,57443,2438330500,0,0,0
lu2205,20220218,20220218,112034000,11:20:34,4185,57914,57443,2438330500,0,0,0
lu2205,20220218,20220218,112034500,11:20:34,4185,57914,57443,2438330500,0,0,0
lu2205,20220218,20220218,112035000,11:20:35,4185,57914,57443,2438330500,0,0,0
lu2205,20220218,20220218,112035500,11:20:35,4185,57914,57443,2438330500,0,0,0
lu2205,20220218,20220218,112036000,11:20:36,4184,57923,57441,2438707060,9,-2,376560
lu2205,20220218,20220218,112036500,11:20:37,4184,57924,57442,2438748900,1,1,41840
lu2205,20220218,20220218,112037000,11:20:37,4184,57925,57441,2438790740,1,-1,41840
lu2205,20220218,20220218,112037500,11:20:38,4184,57926,57440,2438832580,1,-1,41840
lu2205,20220218,20220218,112038000,11:20:38,4184,57926,57440,2438832580,0,0,0
lu2205,20220218,20220218,112038500,11:20:38,4184,57926,57440,2438832580,0,0,0
lu2205,20220218,20220218,112039000,11:20:39,4184,57927,57440,2438874420,1,0,41840
lu2205,20220218,20220218,112039500,11:20:40,4184,57927,57440,2438874420,0,0,0
lu2205,20220218,20220218,112040000,11:20:40,4184,57927,57440,2438874420,0,0,0
lu2205,20220218,20220218,112040500,11:20:41,4184,57927,57440,2438874420,0,0,0
lu2205,20220218,20220218,112041000,11:20:41,4184,57927,57440,2438874420,0,0,0
lu2205,20220218,20220218,112041500,11:20:41,4184,57927,57440,2438874420,0,0,0
lu2205,20220218,20220218,112042000,11:20:42,4184,57927,57440,2438874420,0,0,0
lu2205,20220218,20220218,112042500,11:20:42,4184,57927,57440,2438874420,0,0,0
lu2205,20220218,20220218,112043000,11:20:43,4184,57927,57440,2438874420,0,0,0
lu2205,20220218,20220218,112043500,11:20:44,4184,57927,57440,2438874420,0,0,0
lu2205,20220218,20220218,112044000,11:20:44,4184,57927,57440,2438874420,0,0,0
lu2205,20220218,20220218,112044500,11:20:45,4184,57927,57440,2438874420,0,0,0
lu2205,20220218,20220218,112045000,11:20:45,4184,57927,57440,2438874420,0,0,0
lu2205,20220218,20220218,112045500,11:20:46,4184,57927,57440,2438874420,0,0,0
lu2205,20220218,20220218,112046000,11:20:46,4184,57927,57440,2438874420,0,0,0
lu2205,20220218,20220218,112046500,11:20:46,4184,57927,57440,2438874420,0,0,0
lu2205,20220218,20220218,112047000,11:20:48,4184,57927,57440,2438874420,0,0,0
lu2205,20220218,20220218,112047500,11:20:48,4184,57927,57440,2438874420,0,0,0
lu2205,20220218,20220218,112048000,11:20:48,4184,57927,57440,2438874420,0,0,0
lu2205,20220218,20220218,112048500,11:20:50,4184,57927,57440,2438874420,0,0,0
lu2205,20220218,20220218,112049000,11:20:50,4184,57927,57440,2438874420,0,0,0
lu2205,20220218,20220218,112049500,11:20:50,4184,57927,57440,2438874420,0,0,0
lu2205,20220218,20220218,112050500,11:20:51,4184,57927,57440,2438874420,0,0,0
lu2205,20220218,20220218,112051000,11:20:51,4184,57927,57440,2438874420,0,0,0
lu2205,20220218,20220218,112051500,11:20:51,4184,57927,57440,2438874420,0,0,0
lu2205,20220218,20220218,112052000,11:20:53,4184,57927,57440,2438874420,0,0,0
lu2205,20220218,20220218,112052500,11:20:53,4184,57927,57440,2438874420,0,0,0
lu2205,20220218,20220218,112053000,11:20:53,4184,57927,57440,2438874420,0,0,0
lu2205,20220218,20220218,112053500,11:20:53,4184,57927,57440,2438874420,0,0,0
lu2205,20220218,20220218,112054000,11:20:54,4184,57927,57440,2438874420,0,0,0
lu2205,20220218,20220218,112054500,11:20:55,4184,57927,57440,2438874420,0,0,0
lu2205,20220218,20220218,112055000,11:20:55,4184,57927,57440,2438874420,0,0,0
lu2205,20220218,20220218,112055500,11:20:56,4184,57927,57440,2438874420,0,0,0
lu2205,20220218,20220218,112056000,11:20:56,4184,57927,57440,2438874420,0,0,0
lu2205,20220218,20220218,112056500,11:20:56,4185,57941,57441,2439460270,14,1,585850
lu2205,20220218,20220218,112057000,11:20:58,4185,57941,57441,2439460270,0,0,0
lu2205,20220218,20220218,112057500,11:20:58,4185,57941,57441,2439460270,0,0,0
lu2205,20220218,20220218,112058000,11:20:59,4185,57941,57441,2439460270,0,0,0
lu2205,20220218,20220218,112058500,11:20:59,4185,57941,57441,2439460270,0,0,0
lu2205,20220218,20220218,112059000,11:21:00,4185,57941,57441,2439460270,0,0,0
lu2205,20220218,20220218,112059500,11:21:00,4185,57941,57441,2439460270,0,0,0
lu2205,20220218,20220218,112100000,11:21:00,4185,57941,57441,2439460270,0,0,0
lu2205,20220218,20220218,112100500,11:21:01,4185,57941,57441,2439460270,0,0,0
lu2205,20220218,20220218,112101000,11:21:01,4185,57941,57441,2439460270,0,0,0
lu2205,20220218,20220218,112101500,11:21:02,4185,57941,57441,2439460270,0,0,0
lu2205,20220218,20220218,112102000,11:21:02,4185,57941,57441,2439460270,0,0,0
lu2205,20220218,20220218,112102500,11:21:03,4185,57941,57441,2439460270,0,0,0
lu2205,20220218,20220218,112103000,11:21:03,4185,57941,57441,2439460270,0,0,0
lu2205,20220218,20220218,112103500,11:21:04,4185,57941,57441,2439460270,0,0,0
lu2205,20220218,20220218,112104000,11:21:04,4185,57941,57441,2439460270,0,0,0
lu2205,20220218,20220218,112104500,11:21:05,4185,57941,57441,2439460270,0,0,0
lu2205,20220218,20220218,112105000,11:21:06,4185,57941,57441,2439460270,0,0,0
lu2205,20220218,20220218,112105500,11:21:07,4185,57941,57441,2439460270,0,0,0
lu2205,20220218,20220218,112106000,11:21:07,4185,57941,57441,2439460270,0,0,0
lu2205,20220218,20220218,112106500,11:21:09,4185,57941,57441,2439460270,0,0,0
lu2205,20220218,20220218,112107000,11:21:10,4185,57941,57441,2439460270,0,0,0
lu2205,20220218,20220218,112107500,11:21:10,4185,57941,57441,2439460270,0,0,0
lu2205,20220218,20220218,112108000,11:21:10,4185,57941,57441,2439460270,0,0,0
lu2205,20220218,20220218,112110000,11:21:10,4185,57941,57441,2439460270,0,0,0
lu2205,20220218,20220218,112110500,11:21:11,4185,57941,57441,2439460270,0,0,0
lu2205,20220218,20220218,112111000,11:21:11,4185,57941,57441,2439460270,0,0,0
lu2205,20220218,20220218,112111500,11:21:12,4185,57941,57441,2439460270,0,0,0
lu2205,20220218,20220218,112112000,11:21:12,4185,57941,57441,2439460270,0,0,0
lu2205,20220218,20220218,112112500,11:21:13,4185,57941,57441,2439460270,0,0,0
lu2205,20220218,20220218,112113000,11:21:13,4185,57941,57441,2439460270,0,0,0
lu2205,20220218,20220218,112113500,11:21:13,4185,57941,57441,2439460270,0,0,0
lu2205,20220218,20220218,112114000,11:21:14,4185,57941,57441,2439460270,0,0,0
lu2205,20220218,20220218,112114500,11:21:15,4185,57941,57441,2439460270,0,0,0
lu2205,20220218,20220218,112115000,11:21:15,4185,57941,57441,2439460270,0,0,0
lu2205,20220218,20220218,112115500,11:21:15,4186,57951,57443,2439878870,10,2,418600
lu2205,20220218,20220218,112116000,11:21:16,4186,57951,57443,2439878870,0,0,0
lu2205,20220218,20220218,112116500,11:21:17,4187,57959,57443,2440213830,8,0,334960
lu2205,20220218,20220218,112117000,11:21:17,4187,57964,57445,2440423180,5,2,209350
lu2205,20220218,20220218,112117500,11:21:18,4187,57964,57445,2440423180,0,0,0
lu2205,20220218,20220218,112118000,11:21:18,4187,57964,57445,2440423180,0,0,0
lu2205,20220218,20220218,112118500,11:21:18,4187,57964,57445,2440423180,0,0,0
lu2205,20220218,20220218,112119000,11:21:19,4187,57964,57445,2440423180,0,0,0
lu2205,20220218,20220218,112119500,11:21:20,4187,57964,57445,2440423180,0,0,0
lu2205,20220218,20220218,112120000,11:21:21,4187,57964,57445,2440423180,0,0,0
lu2205,20220218,20220218,112120500,11:21:22,4187,57964,57445,2440423180,0,0,0
lu2205,20220218,20220218,112121000,11:21:22,4187,57964,57445,2440423180,0,0,0
lu2205,20220218,20220218,112121500,11:21:22,4187,57964,57445,2440423180,0,0,0
lu2205,20220218,20220218,112122000,11:21:22,4187,57964,57445,2440423180,0,0,0
lu2205,20220218,20220218,112122500,11:21:22,4187,57964,57445,2440423180,0,0,0
lu2205,20220218,20220218,112123000,11:21:23,4188,57966,57444,2440506940,2,-1,83760
lu2205,20220218,20220218,112123500,11:21:24,4188,57966,57444,2440506940,0,0,0
lu2205,20220218,20220218,112124000,11:21:24,4188,57966,57444,2440506940,0,0,0
lu2205,20220218,20220218,112124500,11:21:25,4188,57966,57444,2440506940,0,0,0
lu2205,20220218,20220218,112125000,11:21:33,4188,57966,57444,2440506940,0,0,0
lu2205,20220218,20220218,112125500,11:23:32,4187,57967,57444,2440548810,1,0,41870
lu2205,20220218,20220218,112126000,11:23:33,4187,57968,57444,2440590680,1,0,41870
lu2205,20220218,20220218,112126500,11:23:33,4187,57968,57444,2440590680,0,0,0
lu2205,20220218,20220218,112332500,11:23:33,4187,57968,57444,2440590680,0,0,0
lu2205,20220218,20220218,112333000,11:23:33,4188,58017,57444,2442641990,49,0,2051310
lu2205,20220218,20220218,112333500,11:23:33,4188,58017,57444,2442641990,0,0,0
lu2205,20220218,20220218,112334000,11:23:34,4188,58017,57444,2442641990,0,0,0
lu2205,20220218,20220218,112334500,11:23:34,4188,58017,57444,2442641990,0,0,0
lu2205,20220218,20220218,112335000,11:23:35,4188,58017,57444,2442641990,0,0,0
lu2205,20220218,20220218,112335500,11:23:35,4188,58017,57444,2442641990,0,0,0
lu2205,20220218,20220218,112336000,11:23:37,4188,58017,57444,2442641990,0,0,0
lu2205,20220218,20220218,112336500,11:23:38,4188,58017,57444,2442641990,0,0,0
lu2205,20220218,20220218,112337000,11:23:38,4188,58017,57444,2442641990,0,0,0
lu2205,20220218,20220218,112337500,11:23:38,4188,58017,57444,2442641990,0,0,0
lu2205,20220218,20220218,112338000,11:23:38,4188,58017,57444,2442641990,0,0,0
lu2205,20220218,20220218,112338500,11:23:38,4188,58017,57444,2442641990,0,0,0
lu2205,20220218,20220218,112339000,11:23:39,4188,58017,57444,2442641990,0,0,0
lu2205,20220218,20220218,112339500,11:23:39,4188,58017,57444,2442641990,0,0,0
lu2205,20220218,20220218,112340000,11:23:40,4188,58017,57444,2442641990,0,0,0
lu2205,20220218,20220218,112340500,11:23:40,4188,58017,57444,2442641990,0,0,0
lu2205,20220218,20220218,112341000,11:23:41,4188,58017,57444,2442641990,0,0,0
lu2205,20220218,20220218,112341500,11:23:42,4187,58018,57444,2442683860,1,0,41870
lu2205,20220218,20220218,112342000,11:23:42,4187,58018,57444,2442683860,0,0,0
lu2205,20220218,20220218,112342500,11:23:42,4187,58018,57444,2442683860,0,0,0
lu2205,20220218,20220218,112343000,11:23:43,4187,58018,57444,2442683860,0,0,0
lu2205,20220218,20220218,112343500,11:23:43,4187,58018,57444,2442683860,0,0,0
lu2205,20220218,20220218,112344000,11:23:48,4187,58018,57444,2442683860,0,0,0
lu2205,20220218,20220218,112344500,11:23:48,4187,58018,57444,2442683860,0,0,0
lu2205,20220218,20220218,112345000,11:23:48,4187,58018,57444,2442683860,0,0,0
lu2205,20220218,20220218,112345500,11:23:48,4187,58018,57444,2442683860,0,0,0
lu2205,20220218,20220218,112348000,11:23:48,4187,58018,57444,2442683860,0,0,0
lu2205,20220218,20220218,112348500,11:23:49,4187,58018,57444,2442683860,0,0,0
lu2205,20220218,20220218,112349000,11:23:49,4187,58018,57444,2442683860,0,0,0
lu2205,20220218,20220218,112349500,11:23:50,4187,58018,57444,2442683860,0,0,0
lu2205,20220218,20220218,112350000,11:23:50,4187,58018,57444,2442683860,0,0,0
lu2205,20220218,20220218,112350500,11:23:50,4187,58018,57444,2442683860,0,0,0
lu2205,20220218,20220218,112351000,11:23:51,4187,58018,57444,2442683860,0,0,0
lu2205,20220218,20220218,112351500,11:23:51,4187,58018,57444,2442683860,0,0,0
lu2205,20220218,20220218,112352000,11:23:52,4187,58018,57444,2442683860,0,0,0
lu2205,20220218,20220218,112352500,11:23:52,4187,58018,57444,2442683860,0,0,0
lu2205,20220218,20220218,112353000,11:23:53,4187,58018,57444,2442683860,0,0,0
lu2205,20220218,20220218,112353500,11:23:53,4187,58023,57444,2442893210,5,0,209350
lu2205,20220218,20220218,112354000,11:23:54,4187,58023,57444,2442893210,0,0,0
lu2205,20220218,20220218,112354500,11:23:55,4187,58023,57444,2442893210,0,0,0
lu2205,20220218,20220218,112355000,11:23:55,4187,58023,57444,2442893210,0,0,0
lu2205,20220218,20220218,112355500,11:23:55,4187,58023,57444,2442893210,0,0,0
lu2205,20220218,20220218,112356000,11:23:56,4186,58024,57444,2442935070,1,0,41860
lu2205,20220218,20220218,112356500,11:23:56,4186,58024,57444,2442935070,0,0,0
lu2205,20220218,20220218,112357000,11:23:57,4186,58024,57444,2442935070,0,0,0
lu2205,20220218,20220218,112357500,11:23:57,4186,58024,57444,2442935070,0,0,0
lu2205,20220218,20220218,112358000,11:23:58,4186,58024,57444,2442935070,0,0,0
lu2205,20220218,20220218,112358500,11:23:58,4186,58024,57444,2442935070,0,0,0
lu2205,20220218,20220218,112359000,11:23:59,4186,58024,57444,2442935070,0,0,0
lu2205,20220218,20220218,112359500,11:23:59,4186,58024,57444,2442935070,0,0,0
lu2205,20220218,20220218,112400000,11:24:00,4186,58024,57444,2442935070,0,0,0
lu2205,20220218,20220218,112400500,11:24:00,4186,58024,57444,2442935070,0,0,0
lu2205,20220218,20220218,112401000,11:24:01,4186,58024,57444,2442935070,0,0,0
lu2205,20220218,20220218,112401500,11:24:01,4186,58024,57444,2442935070,0,0,0
lu2205,20220218,20220218,112402000,11:24:02,4186,58024,57444,2442935070,0,0,0
lu2205,20220218,20220218,112402500,11:24:02,4186,58024,57444,2442935070,0,0,0
lu2205,20220218,20220218,112403000,11:24:03,4186,58024,57444,2442935070,0,0,0
lu2205,20220218,20220218,112403500,11:24:04,4186,58024,57444,2442935070,0,0,0
lu2205,20220218,20220218,112404000,11:24:04,4186,58024,57444,2442935070,0,0,0
lu2205,20220218,20220218,112404500,11:24:04,4186,58024,57444,2442935070,0,0,0
lu2205,20220218,20220218,112405000,11:24:05,4186,58024,57444,2442935070,0,0,0
lu2205,20220218,20220218,112405500,11:24:05,4186,58024,57444,2442935070,0,0,0
lu2205,20220218,20220218,112406000,11:24:06,4186,58024,57444,2442935070,0,0,0
lu2205,20220218,20220218,112406500,11:24:06,4186,58024,57444,2442935070,0,0,0
lu2205,20220218,20220218,112407000,11:24:07,4186,58024,57444,2442935070,0,0,0
lu2205,20220218,20220218,112407500,11:24:08,4186,58024,57444,2442935070,0,0,0
lu2205,20220218,20220218,112408000,11:24:08,4186,58024,57444,2442935070,0,0,0
lu2205,20220218,20220218,112408500,11:24:08,4186,58024,57444,2442935070,0,0,0
lu2205,20220218,20220218,112409000,11:24:09,4186,58024,57444,2442935070,0,0,0
lu2205,20220218,20220218,112409500,11:24:11,4186,58024,57444,2442935070,0,0,0
lu2205,20220218,20220218,112410000,11:24:12,4186,58024,57444,2442935070,0,0,0
lu2205,20220218,20220218,112410500,11:24:12,4186,58024,57444,2442935070,0,0,0
lu2205,20220218,20220218,112411000,11:24:12,4186,58024,57444,2442935070,0,0,0
lu2205,20220218,20220218,112411500,11:24:12,4186,58024,57444,2442935070,0,0,0
lu2205,20220218,20220218,112412000,11:24:12,4186,58024,57444,2442935070,0,0,0
lu2205,20220218,20220218,112412500,11:24:13,4186,58024,57444,2442935070,0,0,0
lu2205,20220218,20220218,112413000,11:24:13,4186,58024,57444,2442935070,0,0,0
lu2205,20220218,20220218,112413500,11:24:14,4186,58024,57444,2442935070,0,0,0
lu2205,20220218,20220218,112414000,11:24:14,4186,58024,57444,2442935070,0,0,0
lu2205,20220218,20220218,112414500,11:24:15,4186,58024,57444,2442935070,0,0,0
lu2205,20220218,20220218,112415000,11:24:15,4186,58024,57444,2442935070,0,0,0
lu2205,20220218,20220218,112415500,11:24:15,4186,58024,57444,2442935070,0,0,0
lu2205,20220218,20220218,112416000,11:24:16,4186,58024,57444,2442935070,0,0,0
lu2205,20220218,20220218,112416500,11:24:17,4186,58024,57444,2442935070,0,0,0
lu2205,20220218,20220218,112417000,11:24:17,4186,58024,57444,2442935070,0,0,0
lu2205,20220218,20220218,112417500,11:24:18,4186,58024,57444,2442935070,0,0,0
lu2205,20220218,20220218,112418000,11:24:18,4187,58026,57444,2443018810,2,0,83740
lu2205,20220218,20220218,112418500,11:24:19,4187,58026,57444,2443018810,0,0,0
lu2205,20220218,20220218,112419000,11:24:19,4187,58026,57444,2443018810,0,0,0
lu2205,20220218,20220218,112419500,11:24:20,4186,58027,57444,2443060670,1,0,41860
lu2205,20220218,20220218,112420000,11:24:20,4186,58027,57444,2443060670,0,0,0
lu2205,20220218,20220218,112420500,11:24:21,4186,58027,57444,2443060670,0,0,0
lu2205,20220218,20220218,112421000,11:24:21,4186,58027,57444,2443060670,0,0,0
lu2205,20220218,20220218,112421500,11:24:22,4186,58027,57444,2443060670,0,0,0
lu2205,20220218,20220218,112422000,11:24:22,4186,58027,57444,2443060670,0,0,0
lu2205,20220218,20220218,112422500,11:24:23,4186,58027,57444,2443060670,0,0,0
lu2205,20220218,20220218,112423000,11:24:23,4186,58027,57444,2443060670,0,0,0
lu2205,20220218,20220218,112423500,11:24:23,4186,58027,57444,2443060670,0,0,0
lu2205,20220218,20220218,112424000,11:24:24,4186,58027,57444,2443060670,0,0,0
lu2205,20220218,20220218,112424500,11:24:24,4186,58027,57444,2443060670,0,0,0
lu2205,20220218,20220218,112425000,11:24:25,4186,58027,57444,2443060670,0,0,0
lu2205,20220218,20220218,112425500,11:24:25,4186,58027,57444,2443060670,0,0,0
lu2205,20220218,20220218,112426000,11:24:26,4186,58027,57444,2443060670,0,0,0
lu2205,20220218,20220218,112426500,11:24:26,4186,58027,57444,2443060670,0,0,0
lu2205,20220218,20220218,112427000,11:24:27,4186,58027,57444,2443060670,0,0,0
lu2205,20220218,20220218,112427500,11:24:28,4186,58027,57444,2443060670,0,0,0
lu2205,20220218,20220218,112428000,11:24:28,4186,58027,57444,2443060670,0,0,0
lu2205,20220218,20220218,112428500,11:24:28,4186,58027,57444,2443060670,0,0,0
lu2205,20220218,20220218,112429000,11:24:29,4186,58027,57444,2443060670,0,0,0
lu2205,20220218,20220218,112429500,11:24:29,4186,58027,57444,2443060670,0,0,0
lu2205,20220218,20220218,112430000,11:24:30,4186,58027,57444,2443060670,0,0,0
lu2205,20220218,20220218,112430500,11:24:30,4186,58027,57444,2443060670,0,0,0
lu2205,20220218,20220218,112431000,11:24:31,4186,58027,57444,2443060670,0,0,0
lu2205,20220218,20220218,112431500,11:24:31,4186,58027,57444,2443060670,0,0,0
lu2205,20220218,20220218,112432000,11:24:32,4186,58027,57444,2443060670,0,0,0
lu2205,20220218,20220218,112432500,11:24:32,4186,58027,57444,2443060670,0,0,0
lu2205,20220218,20220218,112433000,11:24:33,4186,58027,57444,2443060670,0,0,0
lu2205,20220218,20220218,112433500,11:24:33,4186,58029,57443,2443144390,2,-1,83720
lu2205,20220218,20220218,112434000,11:24:34,4185,58030,57443,2443186240,1,0,41850
lu2205,20220218,20220218,112434500,11:24:34,4185,58034,57441,2443353660,4,-2,167420
lu2205,20220218,20220218,112435000,11:24:35,4185,58034,57441,2443353660,0,0,0
lu2205,20220218,20220218,112435500,11:24:35,4185,58034,57441,2443353660,0,0,0
lu2205,20220218,20220218,112436000,11:24:36,4186,58035,57440,2443395520,1,-1,41860
lu2205,20220218,20220218,112436500,11:24:36,4186,58035,57440,2443395520,0,0,0
lu2205,20220218,20220218,112437000,11:24:37,4186,58035,57440,2443395520,0,0,0
lu2205,20220218,20220218,112437500,11:24:37,4185,58038,57439,2443521070,3,-1,125550
lu2205,20220218,20220218,112438000,11:24:39,4185,58038,57439,2443521070,0,0,0
lu2205,20220218,20220218,112438500,11:24:40,4185,58038,57439,2443521070,0,0,0
lu2205,20220218,20220218,112439000,11:24:40,4185,58038,57439,2443521070,0,0,0
lu2205,20220218,20220218,112439500,11:24:40,4184,58040,57437,2443604760,2,-2,83690
lu2205,20220218,20220218,112440000,11:24:40,4184,58040,57437,2443604760,0,0,0
lu2205,20220218,20220218,112440500,11:24:40,4184,58040,57437,2443604760,0,0,0
lu2205,20220218,20220218,112441000,11:24:41,4184,58040,57437,2443604760,0,0,0
lu2205,20220218,20220218,112441500,11:24:41,4184,58040,57437,2443604760,0,0,0
lu2205,20220218,20220218,112442000,11:24:42,4184,58040,57437,2443604760,0,0,0
lu2205,20220218,20220218,112442500,11:24:42,4184,58040,57437,2443604760,0,0,0
lu2205,20220218,20220218,112443000,11:24:43,4184,58040,57437,2443604760,0,0,0
lu2205,20220218,20220218,112443500,11:24:43,4184,58040,57437,2443604760,0,0,0
lu2205,20220218,20220218,112444000,11:24:44,4184,58040,57437,2443604760,0,0,0
lu2205,20220218,20220218,112444500,11:24:44,4184,58040,57437,2443604760,0,0,0
lu2205,20220218,20220218,112445000,11:24:45,4184,58040,57437,2443604760,0,0,0
lu2205,20220218,20220218,112445500,11:24:45,4184,58040,57437,2443604760,0,0,0
lu2205,20220218,20220218,112446000,11:24:46,4184,58040,57437,2443604760,0,0,0
lu2205,20220218,20220218,112446500,11:24:46,4184,58041,57437,2443646600,1,0,41840
lu2205,20220218,20220218,112447000,11:24:47,4184,58041,57437,2443646600,0,0,0
lu2205,20220218,20220218,112447500,11:24:47,4184,58041,57437,2443646600,0,0,0
lu2205,20220218,20220218,112448000,11:24:48,4184,58041,57437,2443646600,0,0,0
lu2205,20220218,20220218,112448500,11:24:49,4184,58041,57437,2443646600,0,0,0
lu2205,20220218,20220218,112449000,11:24:49,4184,58041,57437,2443646600,0,0,0
lu2205,20220218,20220218,112449500,11:24:49,4184,58041,57437,2443646600,0,0,0
lu2205,20220218,20220218,112450000,11:24:50,4184,58041,57437,2443646600,0,0,0
lu2205,20220218,20220218,112450500,11:24:50,4184,58041,57437,2443646600,0,0,0
lu2205,20220218,20220218,112451000,11:24:51,4184,58041,57437,2443646600,0,0,0
lu2205,20220218,20220218,112451500,11:24:52,4184,58041,57437,2443646600,0,0,0
lu2205,20220218,20220218,112452000,11:24:52,4184,58041,57437,2443646600,0,0,0
lu2205,20220218,20220218,112452500,11:24:52,4184,58041,57437,2443646600,0,0,0
lu2205,20220218,20220218,112453000,11:24:53,4184,58041,57437,2443646600,0,0,0
lu2205,20220218,20220218,112453500,11:24:53,4184,58041,57437,2443646600,0,0,0
lu2205,20220218,20220218,112454000,11:24:54,4184,58041,57437,2443646600,0,0,0
lu2205,20220218,20220218,112454500,11:24:54,4184,58041,57437,2443646600,0,0,0
lu2205,20220218,20220218,112455000,11:24:55,4184,58041,57437,2443646600,0,0,0
lu2205,20220218,20220218,112455500,11:24:56,4184,58041,57437,2443646600,0,0,0
lu2205,20220218,20220218,112456000,11:24:56,4184,58041,57437,2443646600,0,0,0
lu2205,20220218,20220218,112456500,11:24:56,4184,58042,57437,2443688440,1,0,41840
lu2205,20220218,20220218,112457000,11:24:57,4184,58042,57437,2443688440,0,0,0
lu2205,20220218,20220218,112457500,11:24:57,4184,58042,57437,2443688440,0,0,0
lu2205,20220218,20220218,112458000,11:24:58,4185,58043,57437,2443730290,1,0,41850
lu2205,20220218,20220218,112458500,11:24:58,4185,58043,57437,2443730290,0,0,0
lu2205,20220218,20220218,112459000,11:24:59,4185,58043,57437,2443730290,0,0,0
lu2205,20220218,20220218,112459500,11:24:59,4185,58043,57437,2443730290,0,0,0
lu2205,20220218,20220218,112500000,11:25:00,4185,58043,57437,2443730290,0,0,0
lu2205,20220218,20220218,112500500,11:25:01,4185,58043,57437,2443730290,0,0,0
lu2205,20220218,20220218,112501000,11:25:02,4185,58043,57437,2443730290,0,0,0
lu2205,20220218,20220218,112501500,11:25:04,4184,58044,57437,2443772130,1,0,41840
lu2205,20220218,20220218,112502000,11:25:05,4184,58044,57437,2443772130,0,0,0
lu2205,20220218,20220218,112502500,11:25:06,4185,58046,57436,2443855830,2,-1,83700
lu2205,20220218,20220218,112504500,11:25:06,4185,58046,57436,2443855830,0,0,0
lu2205,20220218,20220218,112505500,11:25:06,4185,58046,57436,2443855830,0,0,0
lu2205,20220218,20220218,112506000,11:25:07,4185,58046,57436,2443855830,0,0,0
lu2205,20220218,20220218,112506500,11:25:07,4185,58051,57434,2444065080,5,-2,209250
lu2205,20220218,20220218,112507000,11:25:07,4185,58051,57434,2444065080,0,0,0
lu2205,20220218,20220218,112507500,11:25:07,4185,58051,57434,2444065080,0,0,0
lu2205,20220218,20220218,112508000,11:25:08,4185,58051,57434,2444065080,0,0,0
lu2205,20220218,20220218,112508500,11:25:08,4185,58051,57434,2444065080,0,0,0
lu2205,20220218,20220218,112509000,11:25:09,4185,58051,57434,2444065080,0,0,0
lu2205,20220218,20220218,112509500,11:25:10,4185,58051,57434,2444065080,0,0,0
lu2205,20220218,20220218,112510000,11:25:10,4185,58051,57434,2444065080,0,0,0
lu2205,20220218,20220218,112510500,11:25:10,4185,58051,57434,2444065080,0,0,0
lu2205,20220218,20220218,112511000,11:25:11,4185,58051,57434,2444065080,0,0,0
lu2205,20220218,20220218,112511500,11:25:11,4185,58051,57434,2444065080,0,0,0
lu2205,20220218,20220218,112512000,11:25:12,4185,58051,57434,2444065080,0,0,0
lu2205,20220218,20220218,112512500,11:25:12,4185,58052,57434,2444106930,1,0,41850
lu2205,20220218,20220218,112513000,11:25:13,4185,58052,57434,2444106930,0,0,0
lu2205,20220218,20220218,112513500,11:25:15,4185,58052,57434,2444106930,0,0,0
lu2205,20220218,20220218,112514000,11:25:15,4185,58052,57434,2444106930,0,0,0
lu2205,20220218,20220218,112514500,11:25:15,4185,58052,57434,2444106930,0,0,0
lu2205,20220218,20220218,112515000,11:25:16,4184,58053,57434,2444148770,1,0,41840
lu2205,20220218,20220218,112515500,11:25:16,4184,58053,57434,2444148770,0,0,0
lu2205,20220218,20220218,112516000,11:25:16,4184,58053,57434,2444148770,0,0,0
lu2205,20220218,20220218,112516500,11:25:16,4184,58053,57434,2444148770,0,0,0
lu2205,20220218,20220218,112517000,11:25:18,4184,58053,57434,2444148770,0,0,0
lu2205,20220218,20220218,112517500,11:25:18,4184,58053,57434,2444148770,0,0,0
lu2205,20220218,20220218,112518000,11:25:18,4184,58053,57434,2444148770,0,0,0
lu2205,20220218,20220218,112518500,11:25:19,4184,58053,57434,2444148770,0,0,0
lu2205,20220218,20220218,112519000,11:25:19,4184,58053,57434,2444148770,0,0,0
lu2205,20220218,20220218,112519500,11:25:20,4184,58053,57434,2444148770,0,0,0
lu2205,20220218,20220218,112520000,11:25:21,4184,58054,57434,2444190610,1,0,41840
lu2205,20220218,20220218,112520500,11:25:21,4184,58055,57433,2444232450,1,-1,41840
lu2205,20220218,20220218,112521000,11:25:21,4184,58055,57433,2444232450,0,0,0
lu2205,20220218,20220218,112521500,11:25:22,4184,58055,57433,2444232450,0,0,0
lu2205,20220218,20220218,112522000,11:25:22,4184,58055,57433,2444232450,0,0,0
lu2205,20220218,20220218,112522500,11:25:23,4185,58057,57432,2444316150,2,-1,83700
lu2205,20220218,20220218,112523000,11:25:23,4186,58058,57432,2444358010,1,0,41860
lu2205,20220218,20220218,112523500,11:25:24,4185,58059,57432,2444399860,1,0,41850
lu2205,20220218,20220218,112524000,11:25:25,4185,58061,57432,2444483560,2,0,83700
lu2205,20220218,20220218,112524500,11:25:25,4185,58061,57432,2444483560,0,0,0
lu2205,20220218,20220218,112525000,11:25:25,4185,58061,57432,2444483560,0,0,0
lu2205,20220218,20220218,112525500,11:25:26,4185,58061,57432,2444483560,0,0,0
lu2205,20220218,20220218,112526000,11:25:26,4185,58061,57432,2444483560,0,0,0
lu2205,20220218,20220218,112526500,11:25:27,4185,58061,57432,2444483560,0,0,0
lu2205,20220218,20220218,112527000,11:25:28,4185,58061,57432,2444483560,0,0,0
lu2205,20220218,20220218,112527500,11:25:28,4185,58061,57432,2444483560,0,0,0
lu2205,20220218,20220218,112528000,11:25:28,4185,58061,57432,2444483560,0,0,0
lu2205,20220218,20220218,112528500,11:25:28,4185,58061,57432,2444483560,0,0,0
lu2205,20220218,20220218,112529000,11:25:29,4185,58061,57432,2444483560,0,0,0
lu2205,20220218,20220218,112529500,11:25:30,4185,58061,57432,2444483560,0,0,0
lu2205,20220218,20220218,112530000,11:25:31,4185,58061,57432,2444483560,0,0,0
lu2205,20220218,20220218,112530500,11:25:31,4185,58061,57432,2444483560,0,0,0
lu2205,20220218,20220218,112531000,11:25:31,4184,58062,57433,2444525400,1,1,41840
lu2205,20220218,20220218,112531500,11:25:32,4184,58062,57433,2444525400,0,0,0
lu2205,20220218,20220218,112532000,11:25:32,4184,58062,57433,2444525400,0,0,0
lu2205,20220218,20220218,112532500,11:25:33,4184,58062,57433,2444525400,0,0,0
lu2205,20220218,20220218,112533000,11:25:33,4184,58062,57433,2444525400,0,0,0
lu2205,20220218,20220218,112533500,11:25:33,4184,58062,57433,2444525400,0,0,0
lu2205,20220218,20220218,112534000,11:25:34,4184,58062,57433,2444525400,0,0,0
lu2205,20220218,20220218,112534500,11:25:36,4184,58062,57433,2444525400,0,0,0
lu2205,20220218,20220218,112535000,11:25:36,4184,58062,57433,2444525400,0,0,0
lu2205,20220218,20220218,112535500,11:25:37,4184,58062,57433,2444525400,0,0,0
lu2205,20220218,20220218,112536000,11:25:37,4184,58062,57433,2444525400,0,0,0
lu2205,20220218,20220218,112536500,11:25:37,4184,58062,57433,2444525400,0,0,0
lu2205,20220218,20220218,112537000,11:25:38,4184,58062,57433,2444525400,0,0,0
lu2205,20220218,20220218,112537500,11:25:38,4184,58063,57433,2444567240,1,0,41840
lu2205,20220218,20220218,112538000,11:25:38,4184,58063,57433,2444567240,0,0,0
lu2205,20220218,20220218,112538500,11:25:39,4184,58063,57433,2444567240,0,0,0
lu2205,20220218,20220218,112539000,11:25:39,4184,58063,57433,2444567240,0,0,0
lu2205,20220218,20220218,112539500,11:25:40,4184,58063,57433,2444567240,0,0,0
lu2205,20220218,20220218,112540000,11:25:40,4184,58063,57433,2444567240,0,0,0
lu2205,20220218,20220218,112540500,11:25:40,4184,58063,57433,2444567240,0,0,0
lu2205,20220218,20220218,112541000,11:25:41,4184,58063,57433,2444567240,0,0,0
lu2205,20220218,20220218,112541500,11:25:41,4184,58063,57433,2444567240,0,0,0
lu2205,20220218,20220218,112542000,11:25:42,4184,58063,57433,2444567240,0,0,0
lu2205,20220218,20220218,112542500,11:25:43,4184,58063,57433,2444567240,0,0,0
lu2205,20220218,20220218,112543000,11:25:43,4184,58063,57433,2444567240,0,0,0
lu2205,20220218,20220218,112543500,11:25:43,4184,58063,57433,2444567240,0,0,0
lu2205,20220218,20220218,112544000,11:25:44,4184,58063,57433,2444567240,0,0,0
lu2205,20220218,20220218,112544500,11:25:44,4184,58063,57433,2444567240,0,0,0
lu2205,20220218,20220218,112545000,11:25:45,4184,58063,57433,2444567240,0,0,0
lu2205,20220218,20220218,112545500,11:25:46,4184,58063,57433,2444567240,0,0,0
lu2205,20220218,20220218,112546000,11:25:47,4184,58063,57433,2444567240,0,0,0
lu2205,20220218,20220218,112546500,11:25:48,4184,58063,57433,2444567240,0,0,0
lu2205,20220218,20220218,112547000,11:25:48,4184,58063,57433,2444567240,0,0,0
lu2205,20220218,20220218,112547500,11:25:48,4184,58063,57433,2444567240,0,0,0
lu2205,20220218,20220218,112548000,11:25:48,4184,58063,57433,2444567240,0,0,0
lu2205,20220218,20220218,112548500,11:25:48,4184,58063,57433,2444567240,0,0,0
lu2205,20220218,20220218,112549000,11:25:49,4184,58063,57433,2444567240,0,0,0
lu2205,20220218,20220218,112549500,11:25:49,4184,58063,57433,2444567240,0,0,0
lu2205,20220218,20220218,112550000,11:25:50,4184,58063,57433,2444567240,0,0,0
lu2205,20220218,20220218,112550500,11:25:51,4184,58063,57433,2444567240,0,0,0
lu2205,20220218,20220218,112551000,11:25:51,4184,58063,57433,2444567240,0,0,0
lu2205,20220218,20220218,112551500,11:25:51,4184,58063,57433,2444567240,0,0,0
lu2205,20220218,20220218,112552000,11:25:52,4184,58063,57433,2444567240,0,0,0
lu2205,20220218,20220218,112552500,11:25:53,4184,58063,57433,2444567240,0,0,0
lu2205,20220218,20220218,112553000,11:25:53,4184,58063,57433,2444567240,0,0,0
lu2205,20220218,20220218,112553500,11:25:54,4184,58063,57433,2444567240,0,0,0
lu2205,20220218,20220218,112554000,11:25:54,4184,58063,57433,2444567240,0,0,0
lu2205,20220218,20220218,112554500,11:25:55,4184,58063,57433,2444567240,0,0,0
lu2205,20220218,20220218,112555000,11:25:56,4184,58063,57433,2444567240,0,0,0
lu2205,20220218,20220218,112555500,11:25:56,4184,58063,57433,2444567240,0,0,0
lu2205,20220218,20220218,112556000,11:25:57,4184,58063,57433,2444567240,0,0,0
lu2205,20220218,20220218,112556500,11:25:57,4184,58063,57433,2444567240,0,0,0
lu2205,20220218,20220218,112557000,11:25:57,4184,58067,57433,2444734600,4,0,167360
lu2205,20220218,20220218,112557500,11:25:57,4184,58067,57433,2444734600,0,0,0
lu2205,20220218,20220218,112558000,11:25:59,4184,58067,57433,2444734600,0,0,0
lu2205,20220218,20220218,112558500,11:25:59,4184,58067,57433,2444734600,0,0,0
lu2205,20220218,20220218,112559000,11:26:00,4184,58067,57433,2444734600,0,0,0
lu2205,20220218,20220218,112559500,11:26:00,4184,58067,57433,2444734600,0,0,0
lu2205,20220218,20220218,112600000,11:26:00,4184,58067,57433,2444734600,0,0,0
lu2205,20220218,20220218,112600500,11:26:01,4184,58067,57433,2444734600,0,0,0
lu2205,20220218,20220218,112601000,11:26:01,4184,58067,57433,2444734600,0,0,0
lu2205,20220218,20220218,112601500,11:26:02,4184,58067,57433,2444734600,0,0,0
lu2205,20220218,20220218,112602000,11:26:03,4184,58067,57433,2444734600,0,0,0
lu2205,20220218,20220218,112602500,11:26:03,4184,58067,57433,2444734600,0,0,0
lu2205,20220218,20220218,112603000,11:26:03,4184,58067,57433,2444734600,0,0,0
lu2205,20220218,20220218,112603500,11:26:04,4184,58067,57433,2444734600,0,0,0
lu2205,20220218,20220218,112604000,11:26:05,4184,58068,57432,2444776440,1,-1,41840
lu2205,20220218,20220218,112604500,11:26:05,4183,58069,57432,2444818270,1,0,41830
lu2205,20220218,20220218,112605000,11:26:05,4183,58069,57432,2444818270,0,0,0
lu2205,20220218,20220218,112605500,11:26:06,4183,58069,57432,2444818270,0,0,0
lu2205,20220218,20220218,112606000,11:26:06,4184,58071,57430,2444901950,2,-2,83680
lu2205,20220218,20220218,112606500,11:26:07,4184,58071,57430,2444901950,0,0,0
lu2205,20220218,20220218,112607000,11:26:09,4184,58071,57430,2444901950,0,0,0
lu2205,20220218,20220218,112607500,11:26:09,4184,58071,57430,2444901950,0,0,0
lu2205,20220218,20220218,112609000,11:26:10,4184,58071,57430,2444901950,0,0,0
lu2205,20220218,20220218,112609500,11:26:10,4184,58071,57430,2444901950,0,0,0
lu2205,20220218,20220218,112610000,11:26:10,4184,58072,57429,2444943790,1,-1,41840
lu2205,20220218,20220218,112610500,11:26:11,4184,58072,57429,2444943790,0,0,0
lu2205,20220218,20220218,112611000,11:26:11,4184,58072,57429,2444943790,0,0,0
lu2205,20220218,20220218,112611500,11:26:13,4184,58072,57429,2444943790,0,0,0
lu2205,20220218,20220218,112612000,11:26:14,4184,58072,57429,2444943790,0,0,0
lu2205,20220218,20220218,112612500,11:26:14,4184,58072,57429,2444943790,0,0,0
lu2205,20220218,20220218,112613000,11:26:15,4184,58072,57429,2444943790,0,0,0
lu2205,20220218,20220218,112613500,11:26:15,4184,58072,57429,2444943790,0,0,0
lu2205,20220218,20220218,112614000,11:26:15,4184,58072,57429,2444943790,0,0,0
lu2205,20220218,20220218,112614500,11:26:16,4184,58072,57429,2444943790,0,0,0
lu2205,20220218,20220218,112615000,11:26:16,4184,58072,57429,2444943790,0,0,0
lu2205,20220218,20220218,112615500,11:26:16,4184,58072,57429,2444943790,0,0,0
lu2205,20220218,20220218,112616000,11:26:16,4184,58072,57429,2444943790,0,0,0
lu2205,20220218,20220218,112616500,11:26:17,4184,58072,57429,2444943790,0,0,0
lu2205,20220218,20220218,112617000,11:26:17,4184,58072,57429,2444943790,0,0,0
lu2205,20220218,20220218,112617500,11:26:17,4184,58072,57429,2444943790,0,0,0
lu2205,20220218,20220218,112618000,11:26:18,4184,58072,57429,2444943790,0,0,0
lu2205,20220218,20220218,112618500,11:26:19,4184,58072,57429,2444943790,0,0,0
lu2205,20220218,20220218,112619000,11:26:19,4184,58074,57428,2445027470,2,-1,83680
lu2205,20220218,20220218,112619500,11:26:20,4184,58074,57428,2445027470,0,0,0
lu2205,20220218,20220218,112620000,11:26:20,4184,58074,57428,2445027470,0,0,0
lu2205,20220218,20220218,112620500,11:26:20,4184,58074,57428,2445027470,0,0,0
lu2205,20220218,20220218,112621000,11:26:21,4184,58074,57428,2445027470,0,0,0
lu2205,20220218,20220218,112621500,11:26:21,4183,58075,57428,2445069300,1,0,41830
lu2205,20220218,20220218,112622000,11:26:22,4183,58075,57428,2445069300,0,0,0
lu2205,20220218,20220218,112622500,11:26:23,4183,58075,57428,2445069300,0,0,0
lu2205,20220218,20220218,112623000,11:26:23,4183,58075,57428,2445069300,0,0,0
lu2205,20220218,20220218,112623500,11:26:23,4183,58075,57428,2445069300,0,0,0
lu2205,20220218,20220218,112624000,11:26:24,4183,58120,57440,2446951650,45,12,1882350
lu2205,20220218,20220218,112624500,11:26:24,4183,58120,57440,2446951650,0,0,0
lu2205,20220218,20220218,112625000,11:26:25,4183,58120,57440,2446951650,0,0,0
lu2205,20220218,20220218,112625500,11:26:26,4183,58120,57440,2446951650,0,0,0
lu2205,20220218,20220218,112626000,11:26:26,4183,58120,57440,2446951650,0,0,0
lu2205,20220218,20220218,112626500,11:26:26,4183,58120,57440,2446951650,0,0,0
lu2205,20220218,20220218,112627000,11:26:27,4183,58120,57440,2446951650,0,0,0
lu2205,20220218,20220218,112627500,11:26:27,4183,58120,57440,2446951650,0,0,0
lu2205,20220218,20220218,112628000,11:26:28,4183,58120,57440,2446951650,0,0,0
lu2205,20220218,20220218,112628500,11:26:28,4183,58120,57440,2446951650,0,0,0
lu2205,20220218,20220218,112629000,11:26:30,4182,58122,57440,2447035290,2,0,83640
lu2205,20220218,20220218,112629500,11:26:30,4182,58122,57440,2447035290,0,0,0
lu2205,20220218,20220218,112630000,11:26:31,4182,58122,57440,2447035290,0,0,0
lu2205,20220218,20220218,112630500,11:26:31,4182,58122,57440,2447035290,0,0,0
lu2205,20220218,20220218,112631000,11:26:31,4182,58122,57440,2447035290,0,0,0
lu2205,20220218,20220218,112631500,11:26:32,4182,58122,57440,2447035290,0,0,0
lu2205,20220218,20220218,112632000,11:26:32,4182,58122,57440,2447035290,0,0,0
lu2205,20220218,20220218,112632500,11:26:32,4182,58122,57440,2447035290,0,0,0
lu2205,20220218,20220218,112633000,11:26:33,4182,58124,57438,2447118930,2,-2,83640
lu2205,20220218,20220218,112633500,11:26:34,4182,58124,57438,2447118930,0,0,0
lu2205,20220218,20220218,112634000,11:26:36,4181,58126,57438,2447202550,2,0,83620
lu2205,20220218,20220218,112634500,11:26:37,4181,58129,57441,2447327980,3,3,125430
lu2205,20220218,20220218,112635000,11:26:37,4181,58129,57441,2447327980,0,0,0
lu2205,20220218,20220218,112635500,11:26:38,4182,58130,57441,2447369800,1,0,41820
lu2205,20220218,20220218,112637000,11:26:54,4182,58130,57441,2447369800,0,0,0
lu2205,20220218,20220218,112637500,11:27:10,4182,58130,57441,2447369800,0,0,0
lu2205,20220218,20220218,112638000,11:27:10,4182,58130,57441,2447369800,0,0,0
lu2205,20220218,20220218,112653500,11:27:11,4182,58130,57441,2447369800,0,0,0
lu2205,20220218,20220218,112710000,11:27:12,4182,58130,57441,2447369800,0,0,0
lu2205,20220218,20220218,112712000,11:27:12,4181,58186,57417,2449711310,56,-24,2341510
lu2205,20220218,20220218,112712500,11:27:13,4181,58187,57416,2449753120,1,-1,41810
lu2205,20220218,20220218,112713000,11:27:13,4181,58187,57416,2449753120,0,0,0
lu2205,20220218,20220218,112713500,11:27:14,4181,58187,57416,2449753120,0,0,0
lu2205,20220218,20220218,112714000,11:27:15,4181,58187,57416,2449753120,0,0,0
lu2205,20220218,20220218,112714500,11:27:15,4181,58187,57416,2449753120,0,0,0
lu2205,20220218,20220218,112715000,11:27:16,4181,58187,57416,2449753120,0,0,0
lu2205,20220218,20220218,112715500,11:27:16,4181,58187,57416,2449753120,0,0,0
lu2205,20220218,20220218,112716000,11:27:17,4181,58187,57416,2449753120,0,0,0
lu2205,20220218,20220218,112716500,11:27:17,4181,58187,57416,2449753120,0,0,0
lu2205,20220218,20220218,112717000,11:27:17,4182,58188,57416,2449794940,1,0,41820
lu2205,20220218,20220218,112717500,11:27:17,4182,58188,57416,2449794940,0,0,0
lu2205,20220218,20220218,112718000,11:27:18,4182,58188,57416,2449794940,0,0,0
lu2205,20220218,20220218,112718500,11:27:19,4181,58189,57416,2449836750,1,0,41810
lu2205,20220218,20220218,112719000,11:27:19,4181,58189,57416,2449836750,0,0,0
lu2205,20220218,20220218,112719500,11:27:20,4181,58189,57416,2449836750,0,0,0
lu2205,20220218,20220218,112720000,11:27:20,4181,58189,57416,2449836750,0,0,0
lu2205,20220218,20220218,112720500,11:27:21,4181,58189,57416,2449836750,0,0,0
lu2205,20220218,20220218,112721000,11:27:21,4181,58189,57416,2449836750,0,0,0
lu2205,20220218,20220218,112721500,11:27:22,4181,58197,57408,2450171230,8,-8,334480
lu2205,20220218,20220218,112722000,11:27:22,4181,58197,57408,2450171230,0,0,0
lu2205,20220218,20220218,112722500,11:27:26,4181,58197,57408,2450171230,0,0,0
lu2205,20220218,20220218,112723000,11:27:26,4181,58197,57408,2450171230,0,0,0
lu2205,20220218,20220218,112723500,11:27:27,4181,58197,57408,2450171230,0,0,0
lu2205,20220218,20220218,112724000,11:27:27,4181,58197,57408,2450171230,0,0,0
lu2205,20220218,20220218,112726500,11:27:27,4181,58197,57408,2450171230,0,0,0
lu2205,20220218,20220218,112727000,11:27:27,4181,58197,57408,2450171230,0,0,0
lu2205,20220218,20220218,112727500,11:27:27,4181,58197,57408,2450171230,0,0,0
lu2205,20220218,20220218,112728000,11:27:28,4181,58197,57408,2450171230,0,0,0
lu2205,20220218,20220218,112728500,11:27:28,4181,58197,57408,2450171230,0,0,0
lu2205,20220218,20220218,112729000,11:27:29,4181,58197,57408,2450171230,0,0,0
lu2205,20220218,20220218,112729500,11:27:30,4181,58197,57408,2450171230,0,0,0
lu2205,20220218,20220218,112730000,11:27:30,4181,58197,57408,2450171230,0,0,0
lu2205,20220218,20220218,112730500,11:27:31,4181,58197,57408,2450171230,0,0,0
lu2205,20220218,20220218,112731000,11:27:33,4181,58197,57408,2450171230,0,0,0
lu2205,20220218,20220218,112731500,11:27:35,4181,58197,57408,2450171230,0,0,0
lu2205,20220218,20220218,112732000,11:27:36,4181,58197,57408,2450171230,0,0,0
lu2205,20220218,20220218,112732500,11:27:36,4183,58205,57408,2450505790,8,0,334560
lu2205,20220218,20220218,112735500,11:27:36,4182,58208,57408,2450631250,3,0,125460
lu2205,20220218,20220218,112736000,11:27:37,4181,58209,57407,2450673060,1,-1,41810
lu2205,20220218,20220218,112736500,11:27:38,4181,58210,57406,2450714870,1,-1,41810
lu2205,20220218,20220218,112737000,11:27:38,4181,58210,57406,2450714870,0,0,0
lu2205,20220218,20220218,112737500,11:27:38,4181,58210,57406,2450714870,0,0,0
lu2205,20220218,20220218,112738000,11:27:38,4181,58210,57406,2450714870,0,0,0
lu2205,20220218,20220218,112738500,11:27:39,4181,58210,57406,2450714870,0,0,0
lu2205,20220218,20220218,112739000,11:27:39,4181,58210,57406,2450714870,0,0,0
lu2205,20220218,20220218,112739500,11:27:39,4181,58210,57406,2450714870,0,0,0
lu2205,20220218,20220218,112740000,11:27:40,4181,58210,57406,2450714870,0,0,0
lu2205,20220218,20220218,112740500,11:27:40,4181,58210,57406,2450714870,0,0,0
lu2205,20220218,20220218,112741000,11:27:41,4182,58214,57405,2450882140,4,-1,167270
lu2205,20220218,20220218,112741500,11:27:42,4182,58214,57405,2450882140,0,0,0
lu2205,20220218,20220218,112742000,11:27:42,4182,58214,57405,2450882140,0,0,0
lu2205,20220218,20220218,112742500,11:27:43,4182,58214,57405,2450882140,0,0,0
lu2205,20220218,20220218,112743000,11:27:43,4181,58215,57404,2450923950,1,-1,41810
lu2205,20220218,20220218,112743500,11:27:44,4181,58217,57404,2451007570,2,0,83620
lu2205,20220218,20220218,112744000,11:27:44,4181,58217,57404,2451007570,0,0,0
lu2205,20220218,20220218,112744500,11:27:45,4181,58217,57404,2451007570,0,0,0
lu2205,20220218,20220218,112745000,11:27:45,4181,58217,57404,2451007570,0,0,0
lu2205,20220218,20220218,112745500,11:27:46,4181,58217,57404,2451007570,0,0,0
lu2205,20220218,20220218,112746000,11:27:46,4181,58217,57404,2451007570,0,0,0
lu2205,20220218,20220218,112746500,11:27:47,4181,58217,57404,2451007570,0,0,0
lu2205,20220218,20220218,112747000,11:27:47,4181,58217,57404,2451007570,0,0,0
lu2205,20220218,20220218,112747500,11:27:48,4181,58217,57404,2451007570,0,0,0
lu2205,20220218,20220218,112748000,11:27:52,4181,58217,57404,2451007570,0,0,0
lu2205,20220218,20220218,112748500,11:27:54,4181,58217,57404,2451007570,0,0,0
lu2205,20220218,20220218,112749000,11:27:54,4181,58217,57404,2451007570,0,0,0
lu2205,20220218,20220218,112749500,11:27:54,4181,58217,57404,2451007570,0,0,0
lu2205,20220218,20220218,112754000,11:27:54,4181,58217,57404,2451007570,0,0,0
lu2205,20220218,20220218,112754500,11:27:54,4181,58217,57404,2451007570,0,0,0
lu2205,20220218,20220218,112755000,11:27:55,4181,58217,57404,2451007570,0,0,0
lu2205,20220218,20220218,112755500,11:27:55,4181,58217,57404,2451007570,0,0,0
lu2205,20220218,20220218,112756000,11:27:56,4181,58217,57404,2451007570,0,0,0
lu2205,20220218,20220218,112756500,11:27:56,4181,58221,57403,2451174850,4,-1,167280
lu2205,20220218,20220218,112757000,11:27:57,4181,58221,57403,2451174850,0,0,0
lu2205,20220218,20220218,112757500,11:27:57,4181,58221,57403,2451174850,0,0,0
lu2205,20220218,20220218,112758000,11:27:58,4181,58221,57403,2451174850,0,0,0
lu2205,20220218,20220218,112758500,11:27:59,4181,58221,57403,2451174850,0,0,0
lu2205,20220218,20220218,112759000,11:27:59,4181,58221,57403,2451174850,0,0,0
lu2205,20220218,20220218,112759500,11:27:59,4181,58221,57403,2451174850,0,0,0
lu2205,20220218,20220218,112800000,11:28:00,4182,58224,57401,2451300320,3,-2,125470
lu2205,20220218,20220218,112800500,11:28:01,4182,58224,57401,2451300320,0,0,0
lu2205,20220218,20220218,112801000,11:28:01,4182,58224,57401,2451300320,0,0,0
lu2205,20220218,20220218,112801500,11:28:02,4182,58224,57401,2451300320,0,0,0
lu2205,20220218,20220218,112802000,11:28:03,4182,58224,57401,2451300320,0,0,0
lu2205,20220218,20220218,112802500,11:28:03,4182,58224,57401,2451300320,0,0,0
lu2205,20220218,20220218,112803000,11:28:04,4183,58244,57387,2452136920,20,-14,836600
lu2205,20220218,20220218,112803500,11:28:04,4182,58245,57387,2452178740,1,0,41820
lu2205,20220218,20220218,112804000,11:28:04,4182,58245,57387,2452178740,0,0,0
lu2205,20220218,20220218,112804500,11:28:05,4182,58245,57387,2452178740,0,0,0
lu2205,20220218,20220218,112805000,11:28:06,4183,58247,57387,2452262400,2,0,83660
lu2205,20220218,20220218,112805500,11:28:06,4183,58247,57387,2452262400,0,0,0
lu2205,20220218,20220218,112806000,11:28:10,4183,58247,57387,2452262400,0,0,0
lu2205,20220218,20220218,112806500,11:28:10,4183,58247,57387,2452262400,0,0,0
lu2205,20220218,20220218,112807000,11:28:10,4183,58247,57387,2452262400,0,0,0
lu2205,20220218,20220218,112807500,11:28:10,4183,58247,57387,2452262400,0,0,0
lu2205,20220218,20220218,112810000,11:28:11,4183,58247,57387,2452262400,0,0,0
lu2205,20220218,20220218,112810500,11:28:12,4183,58247,57387,2452262400,0,0,0
lu2205,20220218,20220218,112811000,11:28:12,4183,58247,57387,2452262400,0,0,0
lu2205,20220218,20220218,112811500,11:28:12,4183,58247,57387,2452262400,0,0,0
lu2205,20220218,20220218,112812000,11:28:12,4183,58247,57387,2452262400,0,0,0
lu2205,20220218,20220218,112812500,11:28:13,4183,58247,57387,2452262400,0,0,0
lu2205,20220218,20220218,112813000,11:28:13,4183,58247,57387,2452262400,0,0,0
lu2205,20220218,20220218,112813500,11:28:14,4183,58247,57387,2452262400,0,0,0
lu2205,20220218,20220218,112814000,11:28:14,4183,58247,57387,2452262400,0,0,0
lu2205,20220218,20220218,112814500,11:28:14,4183,58247,57387,2452262400,0,0,0
lu2205,20220218,20220218,112815000,11:28:15,4183,58249,57385,2452346070,2,-2,83670
lu2205,20220218,20220218,112815500,11:28:15,4183,58249,57385,2452346070,0,0,0
lu2205,20220218,20220218,112816000,11:28:16,4184,58255,57379,2452597110,6,-6,251040
lu2205,20220218,20220218,112816500,11:28:16,4184,58255,57379,2452597110,0,0,0
lu2205,20220218,20220218,112817000,11:28:17,4183,58256,57379,2452638940,1,0,41830
lu2205,20220218,20220218,112817500,11:28:18,4183,58257,57379,2452680770,1,0,41830
lu2205,20220218,20220218,112818000,11:28:18,4183,58257,57379,2452680770,0,0,0
lu2205,20220218,20220218,112818500,11:28:18,4183,58257,57379,2452680770,0,0,0
lu2205,20220218,20220218,112819000,11:28:19,4183,58257,57379,2452680770,0,0,0
lu2205,20220218,20220218,112819500,11:28:20,4183,58257,57379,2452680770,0,0,0
lu2205,20220218,20220218,112820000,11:28:20,4183,58257,57379,2452680770,0,0,0
lu2205,20220218,20220218,112820500,11:28:21,4183,58257,57379,2452680770,0,0,0
lu2205,20220218,20220218,112821000,11:28:21,4183,58257,57379,2452680770,0,0,0
lu2205,20220218,20220218,112821500,11:28:22,4183,58257,57379,2452680770,0,0,0
lu2205,20220218,20220218,112822000,11:28:22,4183,58257,57379,2452680770,0,0,0
lu2205,20220218,20220218,112822500,11:28:22,4183,58257,57379,2452680770,0,0,0
lu2205,20220218,20220218,112823000,11:28:23,4183,58257,57379,2452680770,0,0,0
lu2205,20220218,20220218,112823500,11:28:23,4183,58257,57379,2452680770,0,0,0
lu2205,20220218,20220218,112824000,11:28:24,4183,58257,57379,2452680770,0,0,0
lu2205,20220218,20220218,112824500,11:28:25,4183,58257,57379,2452680770,0,0,0
lu2205,20220218,20220218,112825000,11:28:25,4184,58259,57379,2452764450,2,0,83680
lu2205,20220218,20220218,112825500,11:28:25,4184,58259,57379,2452764450,0,0,0
lu2205,20220218,20220218,112826000,11:28:26,4184,58259,57379,2452764450,0,0,0
lu2205,20220218,20220218,112826500,11:28:27,4184,58259,57379,2452764450,0,0,0
lu2205,20220218,20220218,112827000,11:28:27,4184,58259,57379,2452764450,0,0,0
lu2205,20220218,20220218,112827500,11:28:27,4185,58260,57378,2452806300,1,-1,41850
lu2205,20220218,20220218,112828000,11:28:28,4184,58262,57377,2452889980,2,-1,83680
lu2205,20220218,20220218,112828500,11:28:28,4184,58262,57377,2452889980,0,0,0
lu2205,20220218,20220218,112829000,11:28:29,4184,58262,57377,2452889980,0,0,0
lu2205,20220218,20220218,112829500,11:28:30,4184,58262,57377,2452889980,0,0,0
lu2205,20220218,20220218,112830000,11:28:30,4184,58262,57377,2452889980,0,0,0
lu2205,20220218,20220218,112830500,11:28:31,4184,58262,57377,2452889980,0,0,0
lu2205,20220218,20220218,112831000,11:28:31,4184,58262,57377,2452889980,0,0,0
lu2205,20220218,20220218,112831500,11:28:31,4184,58262,57377,2452889980,0,0,0
lu2205,20220218,20220218,112832000,11:28:33,4184,58262,57377,2452889980,0,0,0
lu2205,20220218,20220218,112832500,11:28:33,4184,58262,57377,2452889980,0,0,0
lu2205,20220218,20220218,112836500,11:28:37,4185,58263,57376,2452931830,1,-1,41850
lu2205,20220218,20220218,112837000,11:28:37,4184,58265,57376,2453015510,2,0,83680
lu2205,20220218,20220218,112837500,11:28:37,4184,58265,57376,2453015510,0,0,0
lu2205,20220218,20220218,112838000,11:28:38,4184,58265,57376,2453015510,0,0,0
lu2205,20220218,20220218,112838500,11:28:38,4184,58265,57376,2453015510,0,0,0
lu2205,20220218,20220218,112842000,11:28:42,4184,58265,57376,2453015510,0,0,0
lu2205,20220218,20220218,112842500,11:28:42,4184,58266,57376,2453057350,1,0,41840
lu2205,20220218,20220218,112843000,11:28:43,4184,58268,57376,2453141030,2,0,83680
lu2205,20220218,20220218,112844500,11:28:44,4184,58268,57376,2453141030,0,0,0
lu2205,20220218,20220218,112845500,11:28:46,4184,58268,57376,2453141030,0,0,0
lu2205,20220218,20220218,112847500,11:28:48,4184,58268,57376,2453141030,0,0,0
lu2205,20220218,20220218,112848000,11:28:48,4184,58269,57376,2453182870,1,0,41840
lu2205,20220218,20220218,112848500,11:28:48,4184,58269,57376,2453182870,0,0,0
lu2205,20220218,20220218,112849500,11:28:50,4185,58281,57380,2453685070,12,4,502200
lu2205,20220218,20220218,112850000,11:28:50,4185,58284,57380,2453810620,3,0,125550
lu2205,20220218,20220218,112850500,11:28:51,4185,58284,57380,2453810620,0,0,0
lu2205,20220218,20220218,112851000,11:28:51,4185,58284,57380,2453810620,0,0,0
lu2205,20220218,20220218,112851500,11:28:51,4185,58284,57380,2453810620,0,0,0
lu2205,20220218,20220218,112852500,11:28:54,4185,58284,57380,2453810620,0,0,0
lu2205,20220218,20220218,112853000,11:28:54,4185,58284,57380,2453810620,0,0,0
lu2205,20220218,20220218,112853500,11:28:54,4185,58284,57380,2453810620,0,0,0
lu2205,20220218,20220218,112854500,11:28:54,4185,58284,57380,2453810620,0,0,0
lu2205,20220218,20220218,112855000,11:28:55,4185,58284,57380,2453810620,0,0,0
lu2205,20220218,20220218,112855500,11:28:56,4185,58284,57380,2453810620,0,0,0
lu2205,20220218,20220218,112856000,11:28:56,4185,58284,57380,2453810620,0,0,0
lu2205,20220218,20220218,112856500,11:28:56,4185,58284,57380,2453810620,0,0,0
lu2205,20220218,20220218,112857000,11:28:57,4186,58291,57381,2454103640,7,1,293020
lu2205,20220218,20220218,112857500,11:28:58,4186,58294,57384,2454229220,3,3,125580
lu2205,20220218,20220218,112858000,11:28:59,4186,58294,57384,2454229220,0,0,0
lu2205,20220218,20220218,112858500,11:28:59,4186,58294,57384,2454229220,0,0,0
lu2205,20220218,20220218,112859000,11:28:59,4186,58295,57385,2454271080,1,1,41860
lu2205,20220218,20220218,112859500,11:29:00,4186,58297,57385,2454354800,2,0,83720
lu2205,20220218,20220218,112900000,11:29:00,4186,58299,57385,2454438520,2,0,83720
lu2205,20220218,20220218,112900500,11:29:01,4186,58299,57385,2454438520,0,0,0
lu2205,20220218,20220218,112904000,11:29:04,4185,58300,57384,2454480370,1,-1,41850
lu2205,20220218,20220218,112904500,11:29:04,4185,58300,57384,2454480370,0,0,0
lu2205,20220218,20220218,112905500,11:29:06,4185,58300,57384,2454480370,0,0,0
lu2205,20220218,20220218,112906500,11:29:06,4185,58300,57384,2454480370,0,0,0
lu2205,20220218,20220218,112907000,11:29:08,4186,58305,57379,2454689670,5,-5,209300
lu2205,20220218,20220218,112907500,11:29:08,4187,58311,57373,2454940880,6,-6,251210
lu2205,20220218,20220218,112908000,11:29:08,4187,58311,57373,2454940880,0,0,0
lu2205,20220218,20220218,112908500,11:29:08,4187,58314,57372,2455066490,3,-1,125610
lu2205,20220218,20220218,112909000,11:29:09,4187,58314,57372,2455066490,0,0,0
lu2205,20220218,20220218,112909500,11:29:09,4187,58314,57372,2455066490,0,0,0
lu2205,20220218,20220218,112910000,11:29:10,4187,58314,57372,2455066490,0,0,0
lu2205,20220218,20220218,112910500,11:29:10,4187,58314,57372,2455066490,0,0,0
lu2205,20220218,20220218,112915500,11:29:16,4187,58314,57372,2455066490,0,0,0
lu2205,20220218,20220218,112916500,11:29:20,4186,58315,57371,2455108350,1,-1,41860
lu2205,20220218,20220218,112917000,11:29:20,4186,58315,57371,2455108350,0,0,0
lu2205,20220218,20220218,112920500,11:29:21,4186,58315,57371,2455108350,0,0,0
lu2205,20220218,20220218,112921000,11:29:22,4186,58315,57371,2455108350,0,0,0
lu2205,20220218,20220218,112921500,11:29:24,4186,58315,57371,2455108350,0,0,0
lu2205,20220218,20220218,112922000,11:29:24,4187,58317,57371,2455192080,2,0,83730
lu2205,20220218,20220218,112922500,11:29:24,4187,58317,57371,2455192080,0,0,0
lu2205,20220218,20220218,112923000,11:29:24,4187,58317,57371,2455192080,0,0,0
lu2205,20220218,20220218,112923500,11:29:24,4187,58317,57371,2455192080,0,0,0
lu2205,20220218,20220218,112925000,11:29:25,4187,58317,57371,2455192080,0,0,0
lu2205,20220218,20220218,112925500,11:29:25,4187,58317,57371,2455192080,0,0,0
lu2205,20220218,20220218,112928000,11:29:28,4186,58318,57371,2455233940,1,0,41860
lu2205,20220218,20220218,112928500,11:29:29,4187,58320,57372,2455317680,2,1,83740
lu2205,20220218,20220218,112929000,11:29:29,4187,58320,57372,2455317680,0,0,0
lu2205,20220218,20220218,112929500,11:29:29,4187,58320,57372,2455317680,0,0,0
lu2205,20220218,20220218,112931500,11:29:32,4187,58322,57373,2455401420,2,1,83740
lu2205,20220218,20220218,112932000,11:29:32,4187,58322,57373,2455401420,0,0,0
lu2205,20220218,20220218,112932500,11:29:37,4187,58322,57373,2455401420,0,0,0
lu2205,20220218,20220218,112936500,11:29:38,4187,58322,57373,2455401420,0,0,0
lu2205,20220218,20220218,112937500,11:29:38,4187,58325,57370,2455527020,3,-3,125600
lu2205,20220218,20220218,112938000,11:29:38,4187,58326,57369,2455568890,1,-1,41870
lu2205,20220218,20220218,112938500,11:29:39,4187,58326,57369,2455568890,0,0,0
lu2205,20220218,20220218,112942000,11:29:44,4187,58326,57369,2455568890,0,0,0
lu2205,20220218,20220218,112942500,11:29:44,4187,58326,57369,2455568890,0,0,0
lu2205,20220218,20220218,112945000,11:29:46,4187,58326,57369,2455568890,0,0,0
lu2205,20220218,20220218,112946000,11:29:46,4186,58330,57369,2455736390,4,0,167500
lu2205,20220218,20220218,112946500,11:29:47,4186,58330,57369,2455736390,0,0,0
lu2205,20220218,20220218,112948000,11:29:49,4186,58330,57369,2455736390,0,0,0
lu2205,20220218,20220218,112950500,11:29:51,4186,58330,57369,2455736390,0,0,0
lu2205,20220218,20220218,112951000,11:29:52,4188,58331,57369,2455778270,1,0,41880
lu2205,20220218,20220218,112952000,11:29:52,4186,58332,57369,2455820130,1,0,41860
lu2205,20220218,20220218,112952500,11:29:53,4186,58334,57367,2455903850,2,-2,83720
lu2205,20220218,20220218,112953500,11:29:54,4186,58334,57367,2455903850,0,0,0
lu2205,20220218,20220218,112954000,11:29:54,4186,58334,57367,2455903850,0,0,0
lu2205,20220218,20220218,112954500,11:29:54,4186,58334,57367,2455903850,0,0,0
lu2205,20220218,20220218,112955000,11:29:55,4186,58334,57367,2455903850,0,0,0
lu2205,20220218,20220218,112955500,11:29:56,4186,58334,57367,2455903850,0,0,0
lu2205,20220218,20220218,112956000,11:30:00,4187,58335,57367,2455945720,1,0,41870
lu2205,20220218,20220218,112956500,11:30:00,4187,58335,57367,2455945720,0,0,0
lu2205,20220218,20220218,112959500,11:30:02,4187,58337,57369,2456029460,2,2,83740
lu2205,20220218,20220218,113000000,11:30:03,4187,58337,57369,2456029460,0,0,0
lu2205,20220218,20220218,113000500,11:30:03,4187,58337,57369,2456029460,0,0,0
lu2205,20220218,20220218,113001500,11:30:03,4187,58337,57369,2456029460,0,0,0
lu2205,20220218,20220218,133002000,13:30:08,4185,58339,57370,2456113160,2,1,83700
lu2205,20220218,20220218,133002500,13:30:10,4187,58345,57375,2456364380,6,5,251220
lu2205,20220218,20220218,133008000,13:30:10,4187,58345,57375,2456364380,0,0,0
lu2205,20220218,20220218,133008500,13:30:10,4187,58345,57375,2456364380,0,0,0
lu2205,20220218,20220218,133009500,13:30:10,4188,58413,57376,2459212540,68,1,2848160
lu2205,20220218,20220218,133010000,13:30:11,4188,58413,57376,2459212540,0,0,0
lu2205,20220218,20220218,133010500,13:30:12,4186,58436,57388,2460175430,23,12,962890
lu2205,20220218,20220218,133011000,13:30:13,4186,58436,57388,2460175430,0,0,0
lu2205,20220218,20220218,133012500,13:30:13,4184,58448,57381,2460677590,12,-7,502160
lu2205,20220218,20220218,133013000,13:30:14,4184,58451,57383,2460803110,3,2,125520
lu2205,20220218,20220218,133013500,13:30:14,4184,58451,57383,2460803110,0,0,0
lu2205,20220218,20220218,133014000,13:30:16,4184,58456,57382,2461012310,5,-1,209200
lu2205,20220218,20220218,133015000,13:30:18,4184,58456,57382,2461012310,0,0,0
lu2205,20220218,20220218,133016500,13:30:18,4184,58456,57382,2461012310,0,0,0
lu2205,20220218,20220218,133017500,13:30:19,4184,58456,57382,2461012310,0,0,0
lu2205,20220218,20220218,133018000,13:30:19,4184,58456,57382,2461012310,0,0,0
lu2205,20220218,20220218,133018500,13:30:20,4184,58456,57382,2461012310,0,0,0
lu2205,20220218,20220218,133019000,13:30:20,4184,58456,57382,2461012310,0,0,0
lu2205,20220218,20220218,133019500,13:30:20,4184,58456,57382,2461012310,0,0,0
lu2205,20220218,20220218,133021000,13:30:21,4184,58457,57381,2461054150,1,-1,41840
lu2205,20220218,20220218,133021500,13:30:22,4184,58457,57381,2461054150,0,0,0
lu2205,20220218,20220218,133023000,13:30:38,4185,58458,57382,2461096000,1,1,41850
lu2205,20220218,20220218,133038000,13:30:40,4183,58469,57379,2461556120,11,-3,460120
lu2205,20220218,20220218,133038500,13:30:41,4183,58469,57379,2461556120,0,0,0
lu2205,20220218,20220218,133040000,13:30:42,4183,58469,57379,2461556120,0,0,0
lu2205,20220218,20220218,133042000,13:30:44,4183,58472,57378,2461681610,3,-1,125490
lu2205,20220218,20220218,133043000,13:30:44,4183,58472,57378,2461681610,0,0,0
lu2205,20220218,20220218,133043500,13:30:45,4183,58472,57378,2461681610,0,0,0
lu2205,20220218,20220218,133046000,13:30:47,4183,58474,57380,2461765270,2,2,83660
lu2205,20220218,20220218,133047000,13:30:48,4183,58474,57380,2461765270,0,0,0
lu2205,20220218,20220218,133047500,13:30:48,4183,58474,57380,2461765270,0,0,0
lu2205,20220218,20220218,133048000,13:30:48,4183,58474,57380,2461765270,0,0,0
lu2205,20220218,20220218,133048500,13:30:49,4183,58474,57380,2461765270,0,0,0
lu2205,20220218,20220218,133049000,13:30:50,4183,58475,57379,2461807100,1,-1,41830
lu2205,20220218,20220218,133050500,13:30:51,4183,58475,57379,2461807100,0,0,0
lu2205,20220218,20220218,133051000,13:30:52,4183,58475,57379,2461807100,0,0,0
lu2205,20220218,20220218,133051500,13:30:52,4183,58477,57379,2461890760,2,0,83660
lu2205,20220218,20220218,133052000,13:30:53,4183,58477,57379,2461890760,0,0,0
lu2205,20220218,20220218,133052500,13:30:54,4183,58477,57379,2461890760,0,0,0
lu2205,20220218,20220218,133053000,13:30:54,4183,58477,57379,2461890760,0,0,0
lu2205,20220218,20220218,133053500,13:30:54,4183,58477,57379,2461890760,0,0,0
lu2205,20220218,20220218,133054000,13:30:54,4183,58477,57379,2461890760,0,0,0
lu2205,20220218,20220218,133054500,13:30:55,4184,58486,57382,2462267320,9,3,376560
lu2205,20220218,20220218,133055000,13:30:55,4184,58486,57382,2462267320,0,0,0
lu2205,20220218,20220218,133055500,13:30:56,4184,58487,57382,2462309160,1,0,41840
lu2205,20220218,20220218,133056000,13:30:57,4184,58487,57382,2462309160,0,0,0
lu2205,20220218,20220218,133056500,13:30:57,4185,58491,57380,2462476560,4,-2,167400
lu2205,20220218,20220218,133057000,13:30:58,4185,58491,57380,2462476560,0,0,0
lu2205,20220218,20220218,133057500,13:30:58,4185,58491,57380,2462476560,0,0,0
lu2205,20220218,20220218,133058500,13:30:59,4185,58491,57380,2462476560,0,0,0
lu2205,20220218,20220218,133101000,13:31:01,4185,58491,57380,2462476560,0,0,0
lu2205,20220218,20220218,133101500,13:31:01,4185,58491,57380,2462476560,0,0,0
lu2205,20220218,20220218,133102000,13:31:02,4185,58493,57378,2462560260,2,-2,83700
lu2205,20220218,20220218,133102500,13:31:03,4185,58493,57378,2462560260,0,0,0
lu2205,20220218,20220218,133103000,13:31:03,4185,58493,57378,2462560260,0,0,0
lu2205,20220218,20220218,133104000,13:31:06,4186,58499,57378,2462811420,6,0,251160
lu2205,20220218,20220218,133104500,13:31:07,4186,58499,57378,2462811420,0,0,0
lu2205,20220218,20220218,133105500,13:31:08,4186,58501,57377,2462895140,2,-1,83720
lu2205,20220218,20220218,133107000,13:31:09,4186,58501,57377,2462895140,0,0,0
lu2205,20220218,20220218,133107500,13:31:09,4186,58501,57377,2462895140,0,0,0
lu2205,20220218,20220218,133108500,13:31:09,4187,58510,57374,2463271970,9,-3,376830
lu2205,20220218,20220218,133109000,13:31:10,4187,58510,57374,2463271970,0,0,0
lu2205,20220218,20220218,133109500,13:31:10,4187,58511,57375,2463313840,1,1,41870
lu2205,20220218,20220218,133110000,13:31:11,4187,58511,57375,2463313840,0,0,0
lu2205,20220218,20220218,133110500,13:31:11,4187,58511,57375,2463313840,0,0,0
lu2205,20220218,20220218,133111000,13:31:11,4187,58511,57375,2463313840,0,0,0
lu2205,20220218,20220218,133111500,13:31:12,4187,58511,57375,2463313840,0,0,0
lu2205,20220218,20220218,133112000,13:31:12,4187,58516,57376,2463523190,5,1,209350
lu2205,20220218,20220218,133112500,13:31:13,4187,58518,57376,2463606930,2,0,83740
lu2205,20220218,20220218,133113000,13:31:13,4187,58518,57376,2463606930,0,0,0
lu2205,20220218,20220218,133113500,13:31:15,4187,58518,57376,2463606930,0,0,0
lu2205,20220218,20220218,133114000,13:31:15,4187,58518,57376,2463606930,0,0,0
lu2205,20220218,20220218,133114500,13:31:15,4187,58518,57376,2463606930,0,0,0
lu2205,20220218,20220218,133115000,13:31:15,4187,58518,57376,2463606930,0,0,0
lu2205,20220218,20220218,133115500,13:31:16,4187,58518,57376,2463606930,0,0,0
lu2205,20220218,20220218,133116000,13:31:16,4187,58518,57376,2463606930,0,0,0
lu2205,20220218,20220218,133117000,13:31:18,4188,58523,57376,2463816330,5,0,209400
lu2205,20220218,20220218,133117500,13:31:18,4188,58523,57376,2463816330,0,0,0
lu2205,20220218,20220218,133118000,13:31:19,4188,58523,57376,2463816330,0,0,0
lu2205,20220218,20220218,133118500,13:31:19,4188,58523,57376,2463816330,0,0,0
lu2205,20220218,20220218,133119000,13:31:20,4188,58526,57374,2463941970,3,-2,125640
lu2205,20220218,20220218,133119500,13:31:20,4188,58527,57374,2463983850,1,0,41880
lu2205,20220218,20220218,133120000,13:31:20,4188,58531,57374,2464151370,4,0,167520
lu2205,20220218,20220218,133120500,13:31:21,4188,58531,57374,2464151370,0,0,0
lu2205,20220218,20220218,133121000,13:31:21,4188,58531,57374,2464151370,0,0,0
lu2205,20220218,20220218,133121500,13:31:22,4188,58531,57374,2464151370,0,0,0
lu2205,20220218,20220218,133122000,13:31:23,4188,58531,57374,2464151370,0,0,0
lu2205,20220218,20220218,133122500,13:31:25,4188,58531,57374,2464151370,0,0,0
lu2205,20220218,20220218,133123000,13:31:25,4188,58531,57374,2464151370,0,0,0
lu2205,20220218,20220218,133124500,13:31:25,4188,58531,57374,2464151370,0,0,0
lu2205,20220218,20220218,133150000,13:31:50,4189,58534,57375,2464277040,3,1,125670
lu2205,20220218,20220218,133158000,13:31:58,4189,58537,57372,2464402710,3,-3,125670
lu2205,20220218,20220218,133158500,13:31:58,4189,58538,57372,2464444600,1,0,41890
lu2205,20220218,20220218,133159500,13:32:00,4189,58538,57372,2464444600,0,0,0
lu2205,20220218,20220218,133200500,13:32:01,4189,58652,57360,2469218760,114,-12,4774160
lu2205,20220218,20220218,133201000,13:32:01,4190,58669,57359,2469930900,17,-1,712140
lu2205,20220218,20220218,133201500,13:32:01,4190,58671,57359,2470014700,2,0,83800
lu2205,20220218,20220218,133202000,13:32:03,4190,58672,57359,2470056600,1,0,41900
lu2205,20220218,20220218,133202500,13:32:04,4190,58675,57359,2470182300,3,0,125700
lu2205,20220218,20220218,133203000,13:32:05,4190,58676,57359,2470224200,1,0,41900
lu2205,20220218,20220218,133203500,13:32:05,4190,58679,57358,2470349900,3,-1,125700
lu2205,20220218,20220218,133205000,13:32:06,4189,58683,57358,2470517460,4,0,167560
lu2205,20220218,20220218,133205500,13:32:06,4189,58683,57358,2470517460,0,0,0
lu2205,20220218,20220218,133206000,13:32:07,4189,58683,57358,2470517460,0,0,0
lu2205,20220218,20220218,133206500,13:32:07,4189,58683,57358,2470517460,0,0,0
lu2205,20220218,20220218,133207000,13:32:07,4189,58683,57358,2470517460,0,0,0
lu2205,20220218,20220218,133207500,13:32:07,4189,58683,57358,2470517460,0,0,0
lu2205,20220218,20220218,133208000,13:32:09,4189,58683,57358,2470517460,0,0,0
lu2205,20220218,20220218,133208500,13:32:10,4189,58683,57358,2470517460,0,0,0
lu2205,20220218,20220218,133209000,13:32:10,4188,58699,57360,2471187540,16,2,670080
lu2205,20220218,20220218,133209500,13:32:10,4188,58706,57363,2471480680,7,3,293140
lu2205,20220218,20220218,133210000,13:32:13,4187,58719,57357,2472024990,13,-6,544310
lu2205,20220218,20220218,133210500,13:32:13,4187,58720,57356,2472066860,1,-1,41870
lu2205,20220218,20220218,133211000,13:32:14,4187,58720,57356,2472066860,0,0,0
lu2205,20220218,20220218,133213000,13:32:15,4187,58720,57356,2472066860,0,0,0
lu2205,20220218,20220218,133214000,13:32:15,4187,58720,57356,2472066860,0,0,0
lu2205,20220218,20220218,133215000,13:32:16,4187,58720,57356,2472066860,0,0,0
lu2205,20220218,20220218,133215500,13:32:17,4187,58720,57356,2472066860,0,0,0
lu2205,20220218,20220218,133216000,13:32:17,4187,58720,57356,2472066860,0,0,0
lu2205,20220218,20220218,133216500,13:32:17,4187,58720,57356,2472066860,0,0,0
lu2205,20220218,20220218,133217000,13:32:18,4187,58722,57354,2472150600,2,-2,83740
lu2205,20220218,20220218,133217500,13:32:18,4187,58722,57354,2472150600,0,0,0
lu2205,20220218,20220218,133218000,13:32:18,4187,58722,57354,2472150600,0,0,0
lu2205,20220218,20220218,133218500,13:32:19,4187,58723,57354,2472192470,1,0,41870
lu2205,20220218,20220218,133219000,13:32:20,4187,58725,57356,2472276210,2,2,83740
lu2205,20220218,20220218,133219500,13:32:20,4187,58725,57356,2472276210,0,0,0
lu2205,20220218,20220218,133220000,13:32:20,4187,58725,57356,2472276210,0,0,0
lu2205,20220218,20220218,133220500,13:32:21,4187,58729,57359,2472443690,4,3,167480
lu2205,20220218,20220218,133221000,13:32:22,4187,58730,57359,2472485560,1,0,41870
lu2205,20220218,20220218,133221500,13:32:22,4187,58730,57359,2472485560,0,0,0
lu2205,20220218,20220218,133222000,13:32:23,4187,58730,57359,2472485560,0,0,0
lu2205,20220218,20220218,133222500,13:32:24,4187,58730,57359,2472485560,0,0,0
lu2205,20220218,20220218,133223000,13:32:24,4187,58730,57359,2472485560,0,0,0
lu2205,20220218,20220218,133223500,13:32:24,4187,58730,57359,2472485560,0,0,0
lu2205,20220218,20220218,133224000,13:32:24,4187,58730,57359,2472485560,0,0,0
lu2205,20220218,20220218,133224500,13:32:25,4187,58730,57359,2472485560,0,0,0
lu2205,20220218,20220218,133225000,13:32:25,4187,58730,57359,2472485560,0,0,0
lu2205,20220218,20220218,133225500,13:32:25,4187,58730,57359,2472485560,0,0,0
lu2205,20220218,20220218,133226000,13:32:27,4188,58733,57361,2472611200,3,2,125640
lu2205,20220218,20220218,133226500,13:32:27,4188,58735,57361,2472694960,2,0,83760
lu2205,20220218,20220218,133227000,13:32:27,4189,58740,57357,2472904410,5,-4,209450
lu2205,20220218,20220218,133227500,13:32:32,4190,58767,57356,2474035480,27,-1,1131070
lu2205,20220218,20220218,133228000,13:32:32,4190,58784,57356,2474747780,17,0,712300
lu2205,20220218,20220218,133228500,13:32:33,4191,58790,57357,2474999220,6,1,251440
lu2205,20220218,20220218,133229000,13:32:33,4191,58795,57357,2475208770,5,0,209550
lu2205,20220218,20220218,133232000,13:32:35,4192,58870,57310,2478352280,75,-47,3143510
lu2205,20220218,20220218,133234500,13:32:35,4192,58870,57310,2478352280,0,0,0
lu2205,20220218,20220218,133235000,13:32:36,4192,58870,57310,2478352280,0,0,0
lu2205,20220218,20220218,133235500,13:32:36,4192,58870,57310,2478352280,0,0,0
lu2205,20220218,20220218,133236000,13:32:37,4191,58871,57310,2478394190,1,0,41910
lu2205,20220218,20220218,133236500,13:32:37,4191,58875,57310,2478561860,4,0,167670
lu2205,20220218,20220218,133237000,13:32:37,4191,58875,57310,2478561860,0,0,0
lu2205,20220218,20220218,133237500,13:32:38,4192,58876,57309,2478603780,1,-1,41920
lu2205,20220218,20220218,133238000,13:32:38,4192,58876,57309,2478603780,0,0,0
lu2205,20220218,20220218,133238500,13:32:39,4192,58876,57309,2478603780,0,0,0
lu2205,20220218,20220218,133239000,13:32:39,4192,58876,57309,2478603780,0,0,0
lu2205,20220218,20220218,133239500,13:32:40,4192,58876,57309,2478603780,0,0,0
lu2205,20220218,20220218,133240000,13:32:40,4192,58876,57309,2478603780,0,0,0
lu2205,20220218,20220218,133240500,13:32:40,4192,58876,57309,2478603780,0,0,0
lu2205,20220218,20220218,133241000,13:32:41,4192,58876,57309,2478603780,0,0,0
lu2205,20220218,20220218,133241500,13:32:42,4192,58876,57309,2478603780,0,0,0
lu2205,20220218,20220218,133242000,13:32:42,4192,58876,57309,2478603780,0,0,0
lu2205,20220218,20220218,133242500,13:32:42,4192,58877,57308,2478645700,1,-1,41920
lu2205,20220218,20220218,133243000,13:32:43,4192,58877,57308,2478645700,0,0,0
lu2205,20220218,20220218,133243500,13:32:44,4192,58877,57308,2478645700,0,0,0
lu2205,20220218,20220218,133244000,13:32:44,4192,58877,57308,2478645700,0,0,0
lu2205,20220218,20220218,133244500,13:32:45,4192,58878,57308,2478687620,1,0,41920
lu2205,20220218,20220218,133245000,13:32:45,4192,58878,57308,2478687620,0,0,0
lu2205,20220218,20220218,133245500,13:32:45,4192,58878,57308,2478687620,0,0,0
lu2205,20220218,20220218,133246000,13:32:47,4192,58878,57308,2478687620,0,0,0
lu2205,20220218,20220218,133246500,13:32:47,4192,58878,57308,2478687620,0,0,0
lu2205,20220218,20220218,133247000,13:32:47,4192,58878,57308,2478687620,0,0,0
lu2205,20220218,20220218,133247500,13:32:48,4191,58879,57307,2478729530,1,-1,41910
lu2205,20220218,20220218,133248000,13:32:48,4191,58879,57307,2478729530,0,0,0
lu2205,20220218,20220218,133248500,13:32:49,4191,58879,57307,2478729530,0,0,0
lu2205,20220218,20220218,133249000,13:32:49,4191,58879,57307,2478729530,0,0,0
lu2205,20220218,20220218,133249500,13:32:50,4191,58879,57307,2478729530,0,0,0
lu2205,20220218,20220218,133250000,13:32:50,4191,58879,57307,2478729530,0,0,0
lu2205,20220218,20220218,133250500,13:32:52,4191,58879,57307,2478729530,0,0,0
lu2205,20220218,20220218,133251000,13:32:53,4191,58879,57307,2478729530,0,0,0
lu2205,20220218,20220218,133251500,13:32:53,4191,58879,57307,2478729530,0,0,0
lu2205,20220218,20220218,133252500,13:32:53,4191,58885,57305,2478980990,6,-2,251460
lu2205,20220218,20220218,133253000,13:32:53,4191,58886,57304,2479022900,1,-1,41910
lu2205,20220218,20220218,133253500,13:32:54,4191,58887,57303,2479064810,1,-1,41910
lu2205,20220218,20220218,133254000,13:32:54,4191,58889,57302,2479148620,2,-1,83810
lu2205,20220218,20220218,133254500,13:32:55,4191,58889,57302,2479148620,0,0,0
lu2205,20220218,20220218,133255000,13:32:55,4191,58889,57302,2479148620,0,0,0
lu2205,20220218,20220218,133255500,13:32:55,4191,58889,57302,2479148620,0,0,0
lu2205,20220218,20220218,133256000,13:32:56,4191,58889,57302,2479148620,0,0,0
lu2205,20220218,20220218,133256500,13:32:56,4191,58889,57302,2479148620,0,0,0
lu2205,20220218,20220218,133257000,13:32:59,4191,58889,57302,2479148620,0,0,0
lu2205,20220218,20220218,133257500,13:33:00,4191,58889,57302,2479148620,0,0,0
lu2205,20220218,20220218,133258000,13:33:00,4191,58889,57302,2479148620,0,0,0
lu2205,20220218,20220218,133259500,13:33:01,4191,58889,57302,2479148620,0,0,0
lu2205,20220218,20220218,133300000,13:33:01,4191,58892,57301,2479274350,3,-1,125730
lu2205,20220218,20220218,133300500,13:33:01,4191,58892,57301,2479274350,0,0,0
lu2205,20220218,20220218,133301000,13:33:02,4192,58893,57301,2479316270,1,0,41920
lu2205,20220218,20220218,133301500,13:33:02,4192,58894,57300,2479358190,1,-1,41920
lu2205,20220218,20220218,133302000,13:33:03,4192,58894,57300,2479358190,0,0,0
lu2205,20220218,20220218,133302500,13:33:03,4191,58895,57300,2479400100,1,0,41910
lu2205,20220218,20220218,133303000,13:33:04,4191,58895,57300,2479400100,0,0,0
lu2205,20220218,20220218,133303500,13:33:04,4191,58895,57300,2479400100,0,0,0
lu2205,20220218,20220218,133304000,13:33:04,4191,58895,57300,2479400100,0,0,0
lu2205,20220218,20220218,133304500,13:33:05,4191,58895,57300,2479400100,0,0,0
lu2205,20220218,20220218,133305000,13:33:05,4191,58895,57300,2479400100,0,0,0
lu2205,20220218,20220218,133305500,13:33:06,4191,58895,57300,2479400100,0,0,0
lu2205,20220218,20220218,133306000,13:33:06,4191,58901,57305,2479651560,6,5,251460
lu2205,20220218,20220218,133306500,13:33:06,4191,58902,57305,2479693470,1,0,41910
lu2205,20220218,20220218,133307000,13:33:07,4190,58903,57304,2479735370,1,-1,41900
lu2205,20220218,20220218,133307500,13:33:08,4190,58908,57303,2479944870,5,-1,209500
lu2205,20220218,20220218,133308000,13:33:08,4190,58910,57301,2480028670,2,-2,83800
lu2205,20220218,20220218,133308500,13:33:09,4190,58910,57301,2480028670,0,0,0
lu2205,20220218,20220218,133309000,13:33:09,4190,58910,57301,2480028670,0,0,0
lu2205,20220218,20220218,133309500,13:33:11,4190,58911,57300,2480070570,1,-1,41900
lu2205,20220218,20220218,133310000,13:33:11,4190,58912,57300,2480112470,1,0,41900
lu2205,20220218,20220218,133310500,13:33:12,4190,58912,57300,2480112470,0,0,0
lu2205,20220218,20220218,133311000,13:33:13,4190,58912,57300,2480112470,0,0,0
lu2205,20220218,20220218,133311500,13:33:14,4190,58912,57300,2480112470,0,0,0
lu2205,20220218,20220218,133312000,13:33:14,4190,58912,57300,2480112470,0,0,0
lu2205,20220218,20220218,133312500,13:33:14,4190,58912,57300,2480112470,0,0,0
lu2205,20220218,20220218,133313500,13:33:15,4190,58912,57300,2480112470,0,0,0
lu2205,20220218,20220218,133314000,13:33:17,4190,58912,57300,2480112470,0,0,0
lu2205,20220218,20220218,133314500,13:33:17,4190,58912,57300,2480112470,0,0,0
lu2205,20220218,20220218,133315000,13:33:18,4189,58914,57302,2480196250,2,2,83780
lu2205,20220218,20220218,133315500,13:33:18,4189,58918,57301,2480363800,4,-1,167550
lu2205,20220218,20220218,133317000,13:33:18,4189,58918,57301,2480363800,0,0,0
lu2205,20220218,20220218,133318000,13:33:19,4189,58918,57301,2480363800,0,0,0
lu2205,20220218,20220218,133318500,13:33:19,4189,58918,57301,2480363800,0,0,0
lu2205,20220218,20220218,133319000,13:33:20,4189,58918,57301,2480363800,0,0,0
lu2205,20220218,20220218,133319500,13:33:21,4189,58918,57301,2480363800,0,0,0
lu2205,20220218,20220218,133320000,13:33:21,4189,58918,57301,2480363800,0,0,0
lu2205,20220218,20220218,133320500,13:33:21,4189,58918,57301,2480363800,0,0,0
lu2205,20220218,20220218,133321000,13:33:22,4189,58918,57301,2480363800,0,0,0
lu2205,20220218,20220218,133321500,13:33:22,4189,58918,57301,2480363800,0,0,0
lu2205,20220218,20220218,133322000,13:33:22,4189,58918,57301,2480363800,0,0,0
lu2205,20220218,20220218,133322500,13:33:22,4189,58918,57301,2480363800,0,0,0
lu2205,20220218,20220218,133323000,13:33:23,4189,58918,57301,2480363800,0,0,0
lu2205,20220218,20220218,133323500,13:33:24,4189,58919,57301,2480405690,1,0,41890
lu2205,20220218,20220218,133324000,13:33:24,4189,58922,57304,2480531360,3,3,125670
lu2205,20220218,20220218,133324500,13:33:25,4189,58922,57304,2480531360,0,0,0
lu2205,20220218,20220218,133325000,13:33:26,4189,58922,57304,2480531360,0,0,0
lu2205,20220218,20220218,133325500,13:33:27,4189,58922,57304,2480531360,0,0,0
lu2205,20220218,20220218,133326000,13:33:28,4188,58923,57304,2480573240,1,0,41880
lu2205,20220218,20220218,133326500,13:33:29,4188,58923,57304,2480573240,0,0,0
lu2205,20220218,20220218,133327000,13:33:29,4188,58923,57304,2480573240,0,0,0
lu2205,20220218,20220218,133328500,13:33:30,4188,58925,57304,2480657000,2,0,83760
lu2205,20220218,20220218,133329000,13:33:30,4188,58925,57304,2480657000,0,0,0
lu2205,20220218,20220218,133329500,13:33:30,4188,58925,57304,2480657000,0,0,0
lu2205,20220218,20220218,133330000,13:33:30,4188,58925,57304,2480657000,0,0,0
lu2205,20220218,20220218,133330500,13:33:31,4188,58925,57304,2480657000,0,0,0
lu2205,20220218,20220218,133331000,13:33:32,4188,58925,57304,2480657000,0,0,0
lu2205,20220218,20220218,133331500,13:33:32,4188,58928,57306,2480782640,3,2,125640
lu2205,20220218,20220218,133332000,13:33:32,4188,58928,57306,2480782640,0,0,0
lu2205,20220218,20220218,133332500,13:33:33,4188,58928,57306,2480782640,0,0,0
lu2205,20220218,20220218,133333000,13:33:33,4188,58928,57306,2480782640,0,0,0
lu2205,20220218,20220218,133333500,13:33:33,4188,58929,57306,2480824520,1,0,41880
lu2205,20220218,20220218,133334000,13:33:34,4188,58929,57306,2480824520,0,0,0
lu2205,20220218,20220218,133334500,13:33:34,4188,58929,57306,2480824520,0,0,0
lu2205,20220218,20220218,133335000,13:33:35,4188,58929,57306,2480824520,0,0,0
lu2205,20220218,20220218,133335500,13:33:35,4188,58929,57306,2480824520,0,0,0
lu2205,20220218,20220218,133336000,13:33:36,4188,58929,57306,2480824520,0,0,0
lu2205,20220218,20220218,133336500,13:33:36,4188,58929,57306,2480824520,0,0,0
lu2205,20220218,20220218,133337000,13:33:37,4188,58929,57306,2480824520,0,0,0
lu2205,20220218,20220218,133337500,13:33:37,4188,58929,57306,2480824520,0,0,0
lu2205,20220218,20220218,133338000,13:33:38,4188,58929,57306,2480824520,0,0,0
lu2205,20220218,20220218,133338500,13:33:39,4189,58930,57305,2480866410,1,-1,41890
lu2205,20220218,20220218,133339000,13:33:39,4189,58930,57305,2480866410,0,0,0
lu2205,20220218,20220218,133339500,13:33:40,4189,58930,57305,2480866410,0,0,0
lu2205,20220218,20220218,133340000,13:33:40,4189,58935,57302,2481075860,5,-3,209450
lu2205,20220218,20220218,133340500,13:33:41,4189,58936,57301,2481117750,1,-1,41890
lu2205,20220218,20220218,133341000,13:33:41,4189,58936,57301,2481117750,0,0,0
lu2205,20220218,20220218,133341500,13:33:42,4189,58936,57301,2481117750,0,0,0
lu2205,20220218,20220218,133342000,13:33:42,4189,58936,57301,2481117750,0,0,0
lu2205,20220218,20220218,133342500,13:33:42,4189,58936,57301,2481117750,0,0,0
lu2205,20220218,20220218,133343000,13:33:43,4189,58936,57301,2481117750,0,0,0
lu2205,20220218,20220218,133343500,13:33:44,4189,58936,57301,2481117750,0,0,0
lu2205,20220218,20220218,133344000,13:33:44,4189,58936,57301,2481117750,0,0,0
lu2205,20220218,20220218,133344500,13:33:45,4189,58936,57301,2481117750,0,0,0
lu2205,20220218,20220218,133345000,13:33:45,4189,58936,57301,2481117750,0,0,0
lu2205,20220218,20220218,133345500,13:33:47,4189,58936,57301,2481117750,0,0,0
lu2205,20220218,20220218,133346000,13:33:47,4189,58936,57301,2481117750,0,0,0
lu2205,20220218,20220218,133346500,13:33:48,4189,58936,57301,2481117750,0,0,0
lu2205,20220218,20220218,133347000,13:33:48,4189,58936,57301,2481117750,0,0,0
lu2205,20220218,20220218,133347500,13:33:49,4189,58936,57301,2481117750,0,0,0
lu2205,20220218,20220218,133348000,13:33:49,4189,58936,57301,2481117750,0,0,0
lu2205,20220218,20220218,133348500,13:33:49,4189,58936,57301,2481117750,0,0,0
lu2205,20220218,20220218,133349000,13:33:50,4189,58936,57301,2481117750,0,0,0
lu2205,20220218,20220218,133349500,13:33:50,4189,58936,57301,2481117750,0,0,0
lu2205,20220218,20220218,133350000,13:33:50,4189,58936,57301,2481117750,0,0,0
lu2205,20220218,20220218,133350500,13:33:50,4189,58936,57301,2481117750,0,0,0
lu2205,20220218,20220218,133351000,13:33:51,4189,58936,57301,2481117750,0,0,0
lu2205,20220218,20220218,133351500,13:33:52,4189,58936,57301,2481117750,0,0,0
lu2205,20220218,20220218,133352000,13:33:52,4189,58936,57301,2481117750,0,0,0
lu2205,20220218,20220218,133352500,13:33:53,4189,58936,57301,2481117750,0,0,0
lu2205,20220218,20220218,133353000,13:33:53,4189,58936,57301,2481117750,0,0,0
lu2205,20220218,20220218,133353500,13:33:53,4189,58936,57301,2481117750,0,0,0
lu2205,20220218,20220218,133354000,13:33:54,4189,58936,57301,2481117750,0,0,0
lu2205,20220218,20220218,133354500,13:33:55,4189,58936,57301,2481117750,0,0,0
lu2205,20220218,20220218,133355000,13:33:56,4189,58936,57301,2481117750,0,0,0
lu2205,20220218,20220218,133355500,13:33:56,4189,58938,57299,2481201530,2,-2,83780
lu2205,20220218,20220218,133356000,13:33:57,4189,58940,57299,2481285310,2,0,83780
lu2205,20220218,20220218,133356500,13:33:57,4189,58942,57299,2481369080,2,0,83770
lu2205,20220218,20220218,133357000,13:33:57,4189,58942,57299,2481369080,0,0,0
lu2205,20220218,20220218,133357500,13:33:58,4189,58942,57299,2481369080,0,0,0
lu2205,20220218,20220218,133358000,13:33:58,4189,58942,57299,2481369080,0,0,0
lu2205,20220218,20220218,133358500,13:33:58,4189,58942,57299,2481369080,0,0,0
lu2205,20220218,20220218,133359000,13:33:59,4189,58942,57299,2481369080,0,0,0
lu2205,20220218,20220218,133359500,13:33:59,4189,58942,57299,2481369080,0,0,0
lu2205,20220218,20220218,133400000,13:34:00,4189,58942,57299,2481369080,0,0,0
lu2205,20220218,20220218,133400500,13:34:01,4189,58942,57299,2481369080,0,0,0
lu2205,20220218,20220218,133401000,13:34:01,4189,58942,57299,2481369080,0,0,0
lu2205,20220218,20220218,133401500,13:34:02,4190,58964,57286,2482290820,22,-13,921740
lu2205,20220218,20220218,133402000,13:34:10,4190,58969,57281,2482500320,5,-5,209500
lu2205,20220218,20220218,133402500,13:34:10,4190,58969,57281,2482500320,0,0,0
lu2205,20220218,20220218,133403000,13:34:10,4190,58969,57281,2482500320,0,0,0
lu2205,20220218,20220218,133410000,13:34:12,4190,58969,57281,2482500320,0,0,0
lu2205,20220218,20220218,133410500,13:34:12,4190,58969,57281,2482500320,0,0,0
lu2205,20220218,20220218,133411000,13:34:12,4190,58969,57281,2482500320,0,0,0
lu2205,20220218,20220218,133411500,13:34:12,4190,58969,57281,2482500320,0,0,0
lu2205,20220218,20220218,133412000,13:34:12,4190,58969,57281,2482500320,0,0,0
lu2205,20220218,20220218,133412500,13:34:13,4190,58969,57281,2482500320,0,0,0
lu2205,20220218,20220218,133413000,13:34:13,4190,58969,57281,2482500320,0,0,0
lu2205,20220218,20220218,133413500,13:34:14,4190,58969,57281,2482500320,0,0,0
lu2205,20220218,20220218,133414000,13:34:14,4190,58969,57281,2482500320,0,0,0
lu2205,20220218,20220218,133414500,13:34:15,4190,58972,57278,2482626000,3,-3,125680
lu2205,20220218,20220218,133415000,13:34:15,4190,58972,57278,2482626000,0,0,0
lu2205,20220218,20220218,133415500,13:34:16,4190,58972,57278,2482626000,0,0,0
lu2205,20220218,20220218,133416000,13:34:16,4190,58972,57278,2482626000,0,0,0
lu2205,20220218,20220218,133416500,13:34:17,4190,58972,57278,2482626000,0,0,0
lu2205,20220218,20220218,133417000,13:34:17,4190,58972,57278,2482626000,0,0,0
lu2205,20220218,20220218,133417500,13:34:17,4190,58972,57278,2482626000,0,0,0
lu2205,20220218,20220218,133418000,13:34:18,4190,58972,57278,2482626000,0,0,0
lu2205,20220218,20220218,133418500,13:34:19,4190,58972,57278,2482626000,0,0,0
lu2205,20220218,20220218,133419000,13:34:19,4190,58972,57278,2482626000,0,0,0
lu2205,20220218,20220218,133419500,13:34:20,4190,58972,57278,2482626000,0,0,0
lu2205,20220218,20220218,133420000,13:34:20,4190,58972,57278,2482626000,0,0,0
lu2205,20220218,20220218,133420500,13:34:21,4190,58972,57278,2482626000,0,0,0
lu2205,20220218,20220218,133421000,13:34:23,4190,58972,57278,2482626000,0,0,0
lu2205,20220218,20220218,133421500,13:34:24,4190,58972,57278,2482626000,0,0,0
lu2205,20220218,20220218,133423000,13:34:24,4190,58972,57278,2482626000,0,0,0
lu2205,20220218,20220218,133423500,13:34:24,4190,58972,57278,2482626000,0,0,0
lu2205,20220218,20220218,133424000,13:34:24,4190,58972,57278,2482626000,0,0,0
lu2205,20220218,20220218,133424500,13:34:24,4190,58972,57278,2482626000,0,0,0
lu2205,20220218,20220218,133425000,13:34:25,4190,58972,57278,2482626000,0,0,0
lu2205,20220218,20220218,133425500,13:34:25,4190,58972,57278,2482626000,0,0,0
lu2205,20220218,20220218,133426000,13:34:26,4190,58972,57278,2482626000,0,0,0
lu2205,20220218,20220218,133426500,13:34:26,4189,58973,57278,2482667890,1,0,41890
lu2205,20220218,20220218,133427000,13:34:27,4189,58973,57278,2482667890,0,0,0
lu2205,20220218,20220218,133427500,13:34:28,4189,58973,57278,2482667890,0,0,0
lu2205,20220218,20220218,133428000,13:34:28,4189,58973,57278,2482667890,0,0,0
lu2205,20220218,20220218,133428500,13:34:29,4189,58973,57278,2482667890,0,0,0
lu2205,20220218,20220218,133429000,13:34:29,4189,58973,57278,2482667890,0,0,0
lu2205,20220218,20220218,133429500,13:34:29,4189,58973,57278,2482667890,0,0,0
lu2205,20220218,20220218,133430000,13:34:30,4189,58973,57278,2482667890,0,0,0
lu2205,20220218,20220218,133430500,13:34:30,4189,58973,57278,2482667890,0,0,0
lu2205,20220218,20220218,133431000,13:34:31,4189,58973,57278,2482667890,0,0,0
lu2205,20220218,20220218,133431500,13:34:31,4189,58973,57278,2482667890,0,0,0
lu2205,20220218,20220218,133432000,13:34:32,4189,58973,57278,2482667890,0,0,0
lu2205,20220218,20220218,133432500,13:34:32,4189,58973,57278,2482667890,0,0,0
lu2205,20220218,20220218,133433000,13:34:34,4189,58973,57278,2482667890,0,0,0
lu2205,20220218,20220218,133433500,13:34:34,4189,58973,57278,2482667890,0,0,0
lu2205,20220218,20220218,133434000,13:34:34,4189,58973,57278,2482667890,0,0,0
lu2205,20220218,20220218,133434500,13:34:35,4189,58973,57278,2482667890,0,0,0
lu2205,20220218,20220218,133435000,13:34:35,4189,58973,57278,2482667890,0,0,0
lu2205,20220218,20220218,133435500,13:34:36,4189,58973,57278,2482667890,0,0,0
lu2205,20220218,20220218,133436000,13:34:36,4189,58977,57280,2482835450,4,2,167560
lu2205,20220218,20220218,133436500,13:34:36,4190,58981,57277,2483003020,4,-3,167570
lu2205,20220218,20220218,133437000,13:34:37,4188,58982,57277,2483044900,1,0,41880
lu2205,20220218,20220218,133437500,13:34:38,4188,58982,57277,2483044900,0,0,0
lu2205,20220218,20220218,133438000,13:34:38,4188,58982,57277,2483044900,0,0,0
lu2205,20220218,20220218,133438500,13:34:39,4188,58982,57277,2483044900,0,0,0
lu2205,20220218,20220218,133439000,13:34:39,4188,58982,57277,2483044900,0,0,0
lu2205,20220218,20220218,133439500,13:34:39,4189,58983,57276,2483086790,1,-1,41890
lu2205,20220218,20220218,133440000,13:34:40,4189,58983,57276,2483086790,0,0,0
lu2205,20220218,20220218,133440500,13:34:41,4189,58983,57276,2483086790,0,0,0
lu2205,20220218,20220218,133441000,13:34:41,4190,58984,57276,2483128690,1,0,41900
lu2205,20220218,20220218,133441500,13:34:42,4190,58984,57276,2483128690,0,0,0
lu2205,20220218,20220218,133442000,13:34:44,4190,58984,57276,2483128690,0,0,0
lu2205,20220218,20220218,133442500,13:34:44,4190,58984,57276,2483128690,0,0,0
lu2205,20220218,20220218,133443500,13:34:45,4190,58984,57276,2483128690,0,0,0
lu2205,20220218,20220218,133444000,13:34:45,4188,58985,57276,2483170570,1,0,41880
lu2205,20220218,20220218,133445000,13:34:46,4188,58985,57276,2483170570,0,0,0
lu2205,20220218,20220218,133445500,13:34:46,4188,58985,57276,2483170570,0,0,0
lu2205,20220218,20220218,133446000,13:34:46,4188,58985,57276,2483170570,0,0,0
lu2205,20220218,20220218,133446500,13:34:47,4188,58985,57276,2483170570,0,0,0
lu2205,20220218,20220218,133447000,13:34:47,4188,58985,57276,2483170570,0,0,0
lu2205,20220218,20220218,133447500,13:34:47,4188,58985,57276,2483170570,0,0,0
lu2205,20220218,20220218,133448000,13:34:48,4188,58985,57276,2483170570,0,0,0
lu2205,20220218,20220218,133448500,13:34:49,4188,58985,57276,2483170570,0,0,0
lu2205,20220218,20220218,133449000,13:34:49,4188,58985,57276,2483170570,0,0,0
lu2205,20220218,20220218,133449500,13:34:49,4188,58985,57276,2483170570,0,0,0
lu2205,20220218,20220218,133450000,13:34:51,4188,58985,57276,2483170570,0,0,0
lu2205,20220218,20220218,133450500,13:34:51,4188,58985,57276,2483170570,0,0,0
lu2205,20220218,20220218,133451000,13:34:51,4188,58985,57276,2483170570,0,0,0
lu2205,20220218,20220218,133451500,13:34:51,4188,58985,57276,2483170570,0,0,0
lu2205,20220218,20220218,133452000,13:34:52,4188,58985,57276,2483170570,0,0,0
lu2205,20220218,20220218,133452500,13:34:53,4188,58985,57276,2483170570,0,0,0
lu2205,20220218,20220218,133453000,13:34:53,4188,58985,57276,2483170570,0,0,0
lu2205,20220218,20220218,133453500,13:34:56,4188,58985,57276,2483170570,0,0,0
lu2205,20220218,20220218,133454000,13:34:56,4188,58985,57276,2483170570,0,0,0
lu2205,20220218,20220218,133454500,13:34:56,4188,58985,57276,2483170570,0,0,0
lu2205,20220218,20220218,133455500,13:34:56,4188,58990,57271,2483380000,5,-5,209430
lu2205,20220218,20220218,133456000,13:34:57,4188,58990,57271,2483380000,0,0,0
lu2205,20220218,20220218,133456500,13:34:57,4188,58990,57271,2483380000,0,0,0
lu2205,20220218,20220218,133457000,13:34:57,4188,58990,57271,2483380000,0,0,0
lu2205,20220218,20220218,133457500,13:34:58,4188,58990,57271,2483380000,0,0,0
lu2205,20220218,20220218,133458000,13:34:58,4188,58992,57271,2483463770,2,0,83770
lu2205,20220218,20220218,133458500,13:34:59,4188,58992,57271,2483463770,0,0,0
lu2205,20220218,20220218,133459000,13:34:59,4188,58992,57271,2483463770,0,0,0
lu2205,20220218,20220218,133459500,13:35:00,4188,58992,57271,2483463770,0,0,0
lu2205,20220218,20220218,133500000,13:35:00,4188,58992,57271,2483463770,0,0,0
lu2205,20220218,20220218,133500500,13:35:00,4188,58992,57271,2483463770,0,0,0
lu2205,20220218,20220218,133501000,13:35:04,4188,58992,57271,2483463770,0,0,0
lu2205,20220218,20220218,133501500,13:35:05,4189,58994,57271,2483547550,2,0,83780
lu2205,20220218,20220218,133502000,13:35:10,4189,58994,57271,2483547550,0,0,0
lu2205,20220218,20220218,133504500,13:35:10,4189,58994,57271,2483547550,0,0,0
lu2205,20220218,20220218,133510000,13:35:10,4189,58994,57271,2483547550,0,0,0
lu2205,20220218,20220218,133510500,13:35:11,4189,58994,57271,2483547550,0,0,0
lu2205,20220218,20220218,133511000,13:35:11,4189,58994,57271,2483547550,0,0,0
lu2205,20220218,20220218,133511500,13:35:12,4189,58994,57271,2483547550,0,0,0
lu2205,20220218,20220218,133512000,13:35:13,4189,58994,57271,2483547550,0,0,0
lu2205,20220218,20220218,133512500,13:35:13,4189,58994,57271,2483547550,0,0,0
lu2205,20220218,20220218,133513000,13:35:13,4188,59001,57270,2483840710,7,-1,293160
lu2205,20220218,20220218,133513500,13:35:14,4188,59012,57264,2484301390,11,-6,460680
lu2205,20220218,20220218,133514000,13:35:14,4187,59013,57264,2484343260,1,0,41870
lu2205,20220218,20220218,133514500,13:35:15,4187,59013,57264,2484343260,0,0,0
lu2205,20220218,20220218,133515000,13:35:15,4187,59013,57264,2484343260,0,0,0
lu2205,20220218,20220218,133515500,13:35:16,4187,59013,57264,2484343260,0,0,0
lu2205,20220218,20220218,133516000,13:35:16,4187,59013,57264,2484343260,0,0,0
lu2205,20220218,20220218,133516500,13:35:16,4187,59013,57264,2484343260,0,0,0
lu2205,20220218,20220218,133517000,13:35:17,4187,59013,57264,2484343260,0,0,0
lu2205,20220218,20220218,133517500,13:35:18,4188,59021,57265,2484678300,8,1,335040
lu2205,20220218,20220218,133518000,13:35:19,4188,59023,57265,2484762060,2,0,83760
lu2205,20220218,20220218,133518500,13:35:19,4188,59023,57265,2484762060,0,0,0
lu2205,20220218,20220218,133519000,13:35:19,4189,59070,57274,2486730880,47,9,1968820
lu2205,20220218,20220218,133519500,13:35:20,4189,59070,57274,2486730880,0,0,0
lu2205,20220218,20220218,133520000,13:35:20,4189,59070,57274,2486730880,0,0,0
lu2205,20220218,20220218,133520500,13:35:21,4189,59070,57274,2486730880,0,0,0
lu2205,20220218,20220218,133521000,13:35:21,4189,59070,57274,2486730880,0,0,0
lu2205,20220218,20220218,133521500,13:35:22,4189,59070,57274,2486730880,0,0,0
lu2205,20220218,20220218,133522000,13:35:22,4189,59070,57274,2486730880,0,0,0
lu2205,20220218,20220218,133522500,13:35:23,4189,59070,57274,2486730880,0,0,0
lu2205,20220218,20220218,133523000,13:35:23,4189,59070,57274,2486730880,0,0,0
lu2205,20220218,20220218,133523500,13:35:23,4189,59070,57274,2486730880,0,0,0
lu2205,20220218,20220218,133524000,13:35:25,4189,59071,57273,2486772770,1,-1,41890
lu2205,20220218,20220218,133524500,13:35:25,4190,59088,57279,2487485070,17,6,712300
lu2205,20220218,20220218,133525000,13:35:26,4192,59090,57278,2487568900,2,-1,83830
lu2205,20220218,20220218,133525500,13:35:26,4192,59090,57278,2487568900,0,0,0
lu2205,20220218,20220218,133526000,13:35:26,4191,59095,57281,2487778450,5,3,209550
lu2205,20220218,20220218,133526500,13:35:27,4191,59096,57281,2487820360,1,0,41910
lu2205,20220218,20220218,133527000,13:35:27,4191,59097,57281,2487862270,1,0,41910
lu2205,20220218,20220218,133527500,13:35:31,4191,59097,57281,2487862270,0,0,0
lu2205,20220218,20220218,133528000,13:35:32,4191,59097,57281,2487862270,0,0,0
lu2205,20220218,20220218,133531000,13:35:33,4191,59097,57281,2487862270,0,0,0
lu2205,20220218,20220218,133531500,13:35:41,4191,59097,57281,2487862270,0,0,0
lu2205,20220218,20220218,133532000,13:35:42,4191,59097,57281,2487862270,0,0,0
lu2205,20220218,20220218,133540500,13:35:43,4193,59164,57253,2490670510,67,-28,2808240
lu2205,20220218,20220218,133542000,13:35:44,4193,59167,57255,2490796300,3,2,125790
lu2205,20220218,20220218,133542500,13:35:44,4192,59172,57252,2491005950,5,-3,209650
lu2205,20220218,20220218,133543500,13:35:44,4192,59172,57252,2491005950,0,0,0
lu2205,20220218,20220218,133544000,13:35:45,4193,59182,57250,2491425220,10,-2,419270
lu2205,20220218,20220218,133544500,13:35:45,4193,59182,57250,2491425220,0,0,0
lu2205,20220218,20220218,133545000,13:35:46,4193,59182,57250,2491425220,0,0,0
lu2205,20220218,20220218,133545500,13:35:46,4193,59182,57250,2491425220,0,0,0
lu2205,20220218,20220218,133546000,13:35:46,4193,59182,57250,2491425220,0,0,0
lu2205,20220218,20220218,133546500,13:35:46,4193,59182,57250,2491425220,0,0,0
lu2205,20220218,20220218,133547000,13:35:47,4193,59182,57250,2491425220,0,0,0
lu2205,20220218,20220218,133547500,13:35:48,4193,59182,57250,2491425220,0,0,0
lu2205,20220218,20220218,133548000,13:35:48,4193,59182,57250,2491425220,0,0,0
lu2205,20220218,20220218,133548500,13:35:48,4193,59182,57250,2491425220,0,0,0
lu2205,20220218,20220218,133549000,13:35:49,4193,59186,57246,2491592940,4,-4,167720
lu2205,20220218,20220218,133549500,13:35:49,4193,59187,57245,2491634870,1,-1,41930
lu2205,20220218,20220218,133550000,13:35:50,4193,59187,57245,2491634870,0,0,0
lu2205,20220218,20220218,133550500,13:35:50,4193,59187,57245,2491634870,0,0,0
lu2205,20220218,20220218,133551000,13:35:51,4193,59187,57245,2491634870,0,0,0
lu2205,20220218,20220218,133551500,13:35:52,4193,59189,57243,2491718730,2,-2,83860
lu2205,20220218,20220218,133552000,13:35:52,4194,59202,57243,2492263950,13,0,545220
lu2205,20220218,20220218,133552500,13:35:52,4195,59203,57243,2492305900,1,0,41950
lu2205,20220218,20220218,133553000,13:35:55,4195,59206,57243,2492431750,3,0,125850
lu2205,20220218,20220218,133553500,13:35:55,4195,59206,57243,2492431750,0,0,0
lu2205,20220218,20220218,133554000,13:35:55,4194,59207,57244,2492473690,1,1,41940
lu2205,20220218,20220218,133554500,13:35:55,4194,59207,57244,2492473690,0,0,0
lu2205,20220218,20220218,133555000,13:35:56,4194,59207,57244,2492473690,0,0,0
lu2205,20220218,20220218,133555500,13:35:56,4194,59207,57244,2492473690,0,0,0
lu2205,20220218,20220218,133556000,13:35:56,4194,59207,57244,2492473690,0,0,0
lu2205,20220218,20220218,133556500,13:35:58,4194,59207,57244,2492473690,0,0,0
lu2205,20220218,20220218,133557000,13:35:59,4194,59207,57244,2492473690,0,0,0
lu2205,20220218,20220218,133557500,13:36:01,4195,59210,57242,2492599540,3,-2,125850
lu2205,20220218,20220218,133558000,13:36:01,4195,59210,57242,2492599540,0,0,0
lu2205,20220218,20220218,133559500,13:36:03,4194,59225,57241,2493228640,15,-1,629100
lu2205,20220218,20220218,133601500,13:36:03,4194,59225,57241,2493228640,0,0,0
lu2205,20220218,20220218,133602500,13:36:04,4195,59233,57241,2493564180,8,0,335540
lu2205,20220218,20220218,133603000,13:36:05,4194,59241,57241,2493899700,8,0,335520
lu2205,20220218,20220218,133603500,13:36:05,4194,59241,57241,2493899700,0,0,0
lu2205,20220218,20220218,133605000,13:36:06,4194,59241,57241,2493899700,0,0,0
lu2205,20220218,20220218,133605500,13:36:07,4194,59241,57241,2493899700,0,0,0
lu2205,20220218,20220218,133606000,13:36:07,4194,59241,57241,2493899700,0,0,0
lu2205,20220218,20220218,133606500,13:36:07,4194,59241,57241,2493899700,0,0,0
lu2205,20220218,20220218,133607000,13:36:08,4194,59241,57241,2493899700,0,0,0
lu2205,20220218,20220218,133607500,13:36:08,4194,59241,57241,2493899700,0,0,0
lu2205,20220218,20220218,133608000,13:36:08,4194,59241,57241,2493899700,0,0,0
lu2205,20220218,20220218,133608500,13:36:08,4194,59241,57241,2493899700,0,0,0
lu2205,20220218,20220218,133609000,13:36:09,4194,59241,57241,2493899700,0,0,0
lu2205,20220218,20220218,133609500,13:36:10,4194,59241,57241,2493899700,0,0,0
lu2205,20220218,20220218,133610000,13:36:10,4194,59244,57240,2494025520,3,-1,125820
lu2205,20220218,20220218,133610500,13:36:11,4194,59244,57240,2494025520,0,0,0
lu2205,20220218,20220218,133611000,13:36:11,4194,59244,57240,2494025520,0,0,0
lu2205,20220218,20220218,133611500,13:36:12,4194,59244,57240,2494025520,0,0,0
lu2205,20220218,20220218,133612000,13:36:12,4194,59252,57247,2494361040,8,7,335520
lu2205,20220218,20220218,133612500,13:36:12,4194,59252,57247,2494361040,0,0,0
lu2205,20220218,20220218,133613000,13:36:13,4194,59253,57248,2494402980,1,1,41940
lu2205,20220218,20220218,133613500,13:36:14,4194,59253,57248,2494402980,0,0,0
lu2205,20220218,20220218,133614000,13:36:14,4194,59253,57248,2494402980,0,0,0
lu2205,20220218,20220218,133614500,13:36:14,4194,59253,57248,2494402980,0,0,0
