lu2206,20220218,20220218,112003000,11:20:09,4132,20430,28937,849699100,20430,-82,849699100
lu2206,20220218,20220218,112004500,11:20:09,4132,20430,28937,849699100,0,0,0
lu2206,20220218,20220218,112006000,11:20:10,4132,20430,28937,849699100,0,0,0
lu2206,20220218,20220218,112006500,11:20:10,4132,20430,28937,849699100,0,0,0
lu2206,20220218,20220218,112007000,11:20:10,4132,20430,28937,849699100,0,0,0
lu2206,20220218,20220218,112007500,11:20:10,4132,20430,28937,849699100,0,0,0
lu2206,20220218,20220218,112008000,11:20:10,4132,20430,28937,849699100,0,0,0
lu2206,20220218,20220218,112008500,11:20:10,4132,20430,28937,849699100,0,0,0
lu2206,20220218,20220218,112009000,11:20:10,4132,20430,28937,849699100,0,0,0
lu2206,20220218,20220218,112010000,11:20:10,4132,20430,28937,849699100,0,0,0
lu2206,20220218,20220218,112010500,11:20:10,4132,20430,28937,849699100,0,0,0
lu2206,20220218,20220218,112011000,11:20:11,4132,20430,28937,849699100,0,0,0
lu2206,20220218,20220218,112011500,11:20:12,4132,20430,28937,849699100,0,0,0
lu2206,20220218,20220218,112012000,11:20:12,4132,20430,28937,849699100,0,0,0
lu2206,20220218,20220218,112012500,11:20:12,4132,20430,28937,849699100,0,0,0
lu2206,20220218,20220218,112013000,11:20:13,4132,20430,28937,849699100,0,0,0
lu2206,20220218,20220218,112013500,11:20:13,4132,20430,28937,849699100,0,0,0
lu2206,20220218,20220218,112014000,11:20:14,4132,20430,28937,849699100,0,0,0
lu2206,20220218,20220218,112014500,11:20:14,4132,20430,28937,849699100,0,0,0
lu2206,20220218,20220218,112015000,11:20:15,4132,20430,28937,849699100,0,0,0
lu2206,20220218,20220218,112015500,11:20:16,4132,20430,28937,849699100,0,0,0
lu2206,20220218,20220218,112016000,11:20:16,4132,20430,28937,849699100,0,0,0
lu2206,20220218,20220218,112016500,11:20:16,4132,20430,28937,849699100,0,0,0
lu2206,20220218,20220218,112017000,11:20:17,4132,20430,28937,849699100,0,0,0
lu2206,20220218,20220218,112017500,11:20:17,4132,20430,28937,849699100,0,0,0
lu2206,20220218,20220218,112018000,11:20:18,4132,20430,28937,849699100,0,0,0
lu2206,20220218,20220218,112018500,11:20:18,4132,20430,28937,849699100,0,0,0
lu2206,20220218,20220218,112019000,11:20:19,4132,20430,28937,849699100,0,0,0
lu2206,20220218,20220218,112019500,11:20:20,4132,20430,28937,849699100,0,0,0
lu2206,20220218,20220218,112020000,11:20:20,4132,20430,28937,849699100,0,0,0
lu2206,20220218,20220218,112020500,11:20:20,4132,20430,28937,849699100,0,0,0
lu2206,20220218,20220218,112021000,11:20:21,4132,20430,28937,849699100,0,0,0
lu2206,20220218,20220218,112021500,11:20:21,4132,20430,28937,849699100,0,0,0
lu2206,20220218,20220218,112022000,11:20:22,4132,20430,28937,849699100,0,0,0
lu2206,20220218,20220218,112022500,11:20:23,4132,20430,28937,849699100,0,0,0
lu2206,20220218,20220218,112023000,11:20:23,4132,20430,28937,849699100,0,0,0
lu2206,20220218,20220218,112023500,11:20:23,4132,20430,28937,849699100,0,0,0
lu2206,20220218,20220218,112024000,11:20:24,4132,20430,28937,849699100,0,0,0
lu2206,20220218,20220218,112024500,11:20:24,4132,20430,28937,849699100,0,0,0
lu2206,20220218,20220218,112025000,11:20:25,4132,20430,28937,849699100,0,0,0
lu2206,20220218,20220218,112025500,11:20:26,4132,20430,28937,849699100,0,0,0
lu2206,20220218,20220218,112026000,11:20:26,4132,20430,28937,849699100,0,0,0
lu2206,20220218,20220218,112026500,11:20:26,4132,20430,28937,849699100,0,0,0
lu2206,20220218,20220218,112027000,11:20:27,4132,20430,28937,849699100,0,0,0
lu2206,20220218,20220218,112027500,11:20:28,4132,20430,28937,849699100,0,0,0
lu2206,20220218,20220218,112028000,11:20:28,4132,20430,28937,849699100,0,0,0
lu2206,20220218,20220218,112028500,11:20:28,4132,20430,28937,849699100,0,0,0
lu2206,20220218,20220218,112029000,11:20:29,4132,20430,28937,849699100,0,0,0
lu2206,20220218,20220218,112029500,11:20:31,4132,20430,28937,849699100,0,0,0
lu2206,20220218,20220218,112030000,11:20:31,4132,20430,28937,849699100,0,0,0
lu2206,20220218,20220218,112030500,11:20:31,4132,20430,28937,849699100,0,0,0
lu2206,20220218,20220218,112031000,11:20:32,4132,20430,28937,849699100,0,0,0
lu2206,20220218,20220218,112031500,11:20:32,4132,20430,28937,849699100,0,0,0
lu2206,20220218,20220218,112032000,11:20:32,4132,20430,28937,849699100,0,0,0
lu2206,20220218,20220218,112032500,11:20:32,4132,20430,28937,849699100,0,0,0
lu2206,20220218,20220218,112033000,11:20:33,4132,20430,28937,849699100,0,0,0
lu2206,20220218,20220218,112033500,11:20:33,4132,20430,28937,849699100,0,0,0
lu2206,20220218,20220218,112034000,11:20:34,4132,20430,28937,849699100,0,0,0
lu2206,20220218,20220218,112034500,11:20:34,4132,20430,28937,849699100,0,0,0
lu2206,20220218,20220218,112035000,11:20:35,4132,20430,28937,849699100,0,0,0
lu2206,20220218,20220218,112035500,11:20:35,4132,20430,28937,849699100,0,0,0
lu2206,20220218,20220218,112036000,11:20:36,4132,20430,28937,849699100,0,0,0
lu2206,20220218,20220218,112036500,11:20:37,4132,20430,28937,849699100,0,0,0
lu2206,20220218,20220218,112037000,11:20:37,4132,20430,28937,849699100,0,0,0
lu2206,20220218,20220218,112037500,11:20:38,4132,20430,28937,849699100,0,0,0
lu2206,20220218,20220218,112038000,11:20:38,4132,20430,28937,849699100,0,0,0
lu2206,20220218,20220218,112038500,11:20:38,4132,20430,28937,849699100,0,0,0
lu2206,20220218,20220218,112039000,11:20:39,4132,20430,28937,849699100,0,0,0
lu2206,20220218,20220218,112039500,11:20:40,4132,20430,28937,849699100,0,0,0
lu2206,20220218,20220218,112040000,11:20:40,4132,20430,28937,849699100,0,0,0
lu2206,20220218,20220218,112040500,11:20:41,4132,20430,28937,849699100,0,0,0
lu2206,20220218,20220218,112041000,11:20:41,4132,20430,28937,849699100,0,0,0
lu2206,20220218,20220218,112041500,11:20:41,4132,20430,28937,849699100,0,0,0
lu2206,20220218,20220218,112042000,11:20:42,4132,20430,28937,849699100,0,0,0
lu2206,20220218,20220218,112042500,11:20:43,4132,20430,28937,849699100,0,0,0
lu2206,20220218,20220218,112043000,11:20:43,4132,20430,28937,849699100,0,0,0
lu2206,20220218,20220218,112043500,11:20:44,4132,20430,28937,849699100,0,0,0
lu2206,20220218,20220218,112044000,11:20:44,4132,20430,28937,849699100,0,0,0
lu2206,20220218,20220218,112044500,11:20:45,4132,20430,28937,849699100,0,0,0
lu2206,20220218,20220218,112045000,11:20:45,4132,20430,28937,849699100,0,0,0
lu2206,20220218,20220218,112045500,11:20:46,4132,20430,28937,849699100,0,0,0
lu2206,20220218,20220218,112046000,11:20:46,4132,20430,28937,849699100,0,0,0
lu2206,20220218,20220218,112046500,11:20:46,4132,20430,28937,849699100,0,0,0
lu2206,20220218,20220218,112047000,11:20:48,4132,20430,28937,849699100,0,0,0
lu2206,20220218,20220218,112047500,11:20:48,4132,20430,28937,849699100,0,0,0
lu2206,20220218,20220218,112048000,11:20:49,4132,20430,28937,849699100,0,0,0
lu2206,20220218,20220218,112048500,11:20:50,4132,20430,28937,849699100,0,0,0
lu2206,20220218,20220218,112049000,11:20:50,4132,20430,28937,849699100,0,0,0
lu2206,20220218,20220218,112049500,11:20:50,4132,20430,28937,849699100,0,0,0
lu2206,20220218,20220218,112050500,11:20:51,4132,20430,28937,849699100,0,0,0
lu2206,20220218,20220218,112051000,11:20:51,4132,20430,28937,849699100,0,0,0
lu2206,20220218,20220218,112051500,11:20:51,4132,20430,28937,849699100,0,0,0
lu2206,20220218,20220218,112052000,11:20:53,4132,20430,28937,849699100,0,0,0
lu2206,20220218,20220218,112052500,11:20:53,4132,20430,28937,849699100,0,0,0
lu2206,20220218,20220218,112053000,11:20:53,4132,20430,28937,849699100,0,0,0
lu2206,20220218,20220218,112053500,11:20:53,4132,20430,28937,849699100,0,0,0
lu2206,20220218,20220218,112054000,11:20:54,4132,20430,28937,849699100,0,0,0
lu2206,20220218,20220218,112054500,11:20:55,4132,20430,28937,849699100,0,0,0
lu2206,20220218,20220218,112055000,11:20:55,4132,20430,28937,849699100,0,0,0
lu2206,20220218,20220218,112055500,11:20:56,4132,20430,28937,849699100,0,0,0
lu2206,20220218,20220218,112056000,11:20:56,4132,20430,28937,849699100,0,0,0
lu2206,20220218,20220218,112056500,11:20:56,4133,20435,28939,849905750,5,2,206650
lu2206,20220218,20220218,112057000,11:20:58,4133,20435,28939,849905750,0,0,0
lu2206,20220218,20220218,112057500,11:20:58,4133,20435,28939,849905750,0,0,0
lu2206,20220218,20220218,112058000,11:20:59,4133,20435,28939,849905750,0,0,0
lu2206,20220218,20220218,112058500,11:20:59,4133,20435,28939,849905750,0,0,0
lu2206,20220218,20220218,112059000,11:21:00,4133,20435,28939,849905750,0,0,0
lu2206,20220218,20220218,112059500,11:21:00,4133,20435,28939,849905750,0,0,0
lu2206,20220218,20220218,112100000,11:21:00,4133,20435,28939,849905750,0,0,0
lu2206,20220218,20220218,112100500,11:21:01,4133,20435,28939,849905750,0,0,0
lu2206,20220218,20220218,112101000,11:21:01,4133,20435,28939,849905750,0,0,0
lu2206,20220218,20220218,112101500,11:21:02,4133,20435,28939,849905750,0,0,0
lu2206,20220218,20220218,112102000,11:21:03,4133,20435,28939,849905750,0,0,0
lu2206,20220218,20220218,112102500,11:21:03,4133,20435,28939,849905750,0,0,0
lu2206,20220218,20220218,112103000,11:21:03,4133,20435,28939,849905750,0,0,0
lu2206,20220218,20220218,112103500,11:21:04,4133,20435,28939,849905750,0,0,0
lu2206,20220218,20220218,112104000,11:21:05,4133,20435,28939,849905750,0,0,0
lu2206,20220218,20220218,112104500,11:21:05,4133,20435,28939,849905750,0,0,0
lu2206,20220218,20220218,112105000,11:21:06,4133,20435,28939,849905750,0,0,0
lu2206,20220218,20220218,112105500,11:21:07,4133,20435,28939,849905750,0,0,0
lu2206,20220218,20220218,112106000,11:21:07,4133,20435,28939,849905750,0,0,0
lu2206,20220218,20220218,112106500,11:21:09,4133,20435,28939,849905750,0,0,0
lu2206,20220218,20220218,112107000,11:21:10,4133,20435,28939,849905750,0,0,0
lu2206,20220218,20220218,112107500,11:21:10,4133,20435,28939,849905750,0,0,0
lu2206,20220218,20220218,112108000,11:21:10,4133,20435,28939,849905750,0,0,0
lu2206,20220218,20220218,112110000,11:21:10,4133,20435,28939,849905750,0,0,0
lu2206,20220218,20220218,112110500,11:21:11,4133,20435,28939,849905750,0,0,0
lu2206,20220218,20220218,112111000,11:21:11,4133,20435,28939,849905750,0,0,0
lu2206,20220218,20220218,112111500,11:21:12,4133,20435,28939,849905750,0,0,0
lu2206,20220218,20220218,112112000,11:21:12,4133,20435,28939,849905750,0,0,0
lu2206,20220218,20220218,112112500,11:21:13,4133,20435,28939,849905750,0,0,0
lu2206,20220218,20220218,112113000,11:21:13,4133,20435,28939,849905750,0,0,0
lu2206,20220218,20220218,112113500,11:21:13,4133,20435,28939,849905750,0,0,0
lu2206,20220218,20220218,112114000,11:21:14,4133,20435,28939,849905750,0,0,0
lu2206,20220218,20220218,112114500,11:21:15,4133,20435,28939,849905750,0,0,0
lu2206,20220218,20220218,112115000,11:21:15,4133,20435,28939,849905750,0,0,0
lu2206,20220218,20220218,112115500,11:21:15,4133,20435,28939,849905750,0,0,0
lu2206,20220218,20220218,112116000,11:21:16,4133,20435,28939,849905750,0,0,0
lu2206,20220218,20220218,112116500,11:21:17,4134,20447,28946,850401830,12,7,496080
lu2206,20220218,20220218,112117000,11:21:17,4134,20449,28946,850484510,2,0,82680
lu2206,20220218,20220218,112117500,11:21:18,4134,20449,28946,850484510,0,0,0
lu2206,20220218,20220218,112118000,11:21:18,4134,20449,28946,850484510,0,0,0
lu2206,20220218,20220218,112118500,11:21:18,4134,20449,28946,850484510,0,0,0
lu2206,20220218,20220218,112119000,11:21:19,4134,20449,28946,850484510,0,0,0
lu2206,20220218,20220218,112119500,11:21:20,4134,20449,28946,850484510,0,0,0
lu2206,20220218,20220218,112120000,11:21:21,4134,20449,28946,850484510,0,0,0
lu2206,20220218,20220218,112120500,11:21:22,4134,20449,28946,850484510,0,0,0
lu2206,20220218,20220218,112121000,11:21:22,4134,20449,28946,850484510,0,0,0
lu2206,20220218,20220218,112121500,11:21:22,4134,20449,28946,850484510,0,0,0
lu2206,20220218,20220218,112122000,11:21:22,4134,20449,28946,850484510,0,0,0
lu2206,20220218,20220218,112122500,11:21:23,4134,20449,28946,850484510,0,0,0
lu2206,20220218,20220218,112123000,11:21:23,4134,20449,28946,850484510,0,0,0
lu2206,20220218,20220218,112123500,11:21:24,4134,20449,28946,850484510,0,0,0
lu2206,20220218,20220218,112124000,11:21:24,4134,20449,28946,850484510,0,0,0
lu2206,20220218,20220218,112124500,11:21:25,4134,20449,28946,850484510,0,0,0
lu2206,20220218,20220218,112125000,11:23:32,4134,20449,28946,850484510,0,0,0
lu2206,20220218,20220218,112125500,11:23:32,4134,20449,28946,850484510,0,0,0
lu2206,20220218,20220218,112126000,11:23:33,4134,20449,28946,850484510,0,0,0
lu2206,20220218,20220218,112126500,11:23:33,4134,20449,28946,850484510,0,0,0
lu2206,20220218,20220218,112332500,11:23:33,4134,20449,28946,850484510,0,0,0
lu2206,20220218,20220218,112333000,11:23:33,4134,20449,28946,850484510,0,0,0
lu2206,20220218,20220218,112333500,11:23:33,4134,20449,28946,850484510,0,0,0
lu2206,20220218,20220218,112334000,11:23:34,4134,20449,28946,850484510,0,0,0
lu2206,20220218,20220218,112334500,11:23:34,4134,20449,28946,850484510,0,0,0
lu2206,20220218,20220218,112335000,11:23:35,4134,20449,28946,850484510,0,0,0
lu2206,20220218,20220218,112335500,11:23:35,4134,20449,28946,850484510,0,0,0
lu2206,20220218,20220218,112336000,11:23:37,4134,20449,28946,850484510,0,0,0
lu2206,20220218,20220218,112336500,11:23:38,4134,20449,28946,850484510,0,0,0
lu2206,20220218,20220218,112337000,11:23:38,4134,20449,28946,850484510,0,0,0
lu2206,20220218,20220218,112337500,11:23:38,4134,20449,28946,850484510,0,0,0
lu2206,20220218,20220218,112338000,11:23:38,4134,20449,28946,850484510,0,0,0
lu2206,20220218,20220218,112338500,11:23:38,4134,20449,28946,850484510,0,0,0
lu2206,20220218,20220218,112339000,11:23:39,4134,20449,28946,850484510,0,0,0
lu2206,20220218,20220218,112339500,11:23:39,4134,20449,28946,850484510,0,0,0
lu2206,20220218,20220218,112340000,11:23:40,4134,20449,28946,850484510,0,0,0
lu2206,20220218,20220218,112340500,11:23:40,4134,20449,28946,850484510,0,0,0
lu2206,20220218,20220218,112341000,11:23:41,4134,20449,28946,850484510,0,0,0
lu2206,20220218,20220218,112341500,11:23:42,4134,20449,28946,850484510,0,0,0
lu2206,20220218,20220218,112342000,11:23:42,4134,20449,28946,850484510,0,0,0
lu2206,20220218,20220218,112342500,11:23:42,4134,20449,28946,850484510,0,0,0
lu2206,20220218,20220218,112343000,11:23:43,4134,20449,28946,850484510,0,0,0
lu2206,20220218,20220218,112343500,11:23:43,4134,20449,28946,850484510,0,0,0
lu2206,20220218,20220218,112344000,11:23:48,4134,20449,28946,850484510,0,0,0
lu2206,20220218,20220218,112344500,11:23:48,4134,20449,28946,850484510,0,0,0
lu2206,20220218,20220218,112345000,11:23:48,4134,20449,28946,850484510,0,0,0
lu2206,20220218,20220218,112345500,11:23:48,4134,20449,28946,850484510,0,0,0
lu2206,20220218,20220218,112348000,11:23:48,4134,20449,28946,850484510,0,0,0
lu2206,20220218,20220218,112348500,11:23:49,4134,20449,28946,850484510,0,0,0
lu2206,20220218,20220218,112349000,11:23:49,4134,20449,28946,850484510,0,0,0
lu2206,20220218,20220218,112349500,11:23:50,4134,20449,28946,850484510,0,0,0
lu2206,20220218,20220218,112350000,11:23:50,4134,20449,28946,850484510,0,0,0
lu2206,20220218,20220218,112350500,11:23:50,4134,20449,28946,850484510,0,0,0
lu2206,20220218,20220218,112351000,11:23:51,4134,20449,28946,850484510,0,0,0
lu2206,20220218,20220218,112351500,11:23:52,4134,20449,28946,850484510,0,0,0
lu2206,20220218,20220218,112352000,11:23:52,4134,20449,28946,850484510,0,0,0
lu2206,20220218,20220218,112352500,11:23:53,4134,20449,28946,850484510,0,0,0
lu2206,20220218,20220218,112353000,11:23:53,4134,20449,28946,850484510,0,0,0
lu2206,20220218,20220218,112353500,11:23:53,4134,20449,28946,850484510,0,0,0
lu2206,20220218,20220218,112354000,11:23:54,4134,20449,28946,850484510,0,0,0
lu2206,20220218,20220218,112354500,11:23:55,4134,20449,28946,850484510,0,0,0
lu2206,20220218,20220218,112355000,11:23:55,4134,20449,28946,850484510,0,0,0
lu2206,20220218,20220218,112355500,11:23:55,4134,20449,28946,850484510,0,0,0
lu2206,20220218,20220218,112356000,11:23:56,4134,20449,28946,850484510,0,0,0
lu2206,20220218,20220218,112356500,11:23:56,4134,20449,28946,850484510,0,0,0
lu2206,20220218,20220218,112357000,11:23:57,4134,20449,28946,850484510,0,0,0
lu2206,20220218,20220218,112357500,11:23:57,4134,20449,28946,850484510,0,0,0
lu2206,20220218,20220218,112358000,11:23:58,4134,20449,28946,850484510,0,0,0
lu2206,20220218,20220218,112358500,11:23:58,4134,20449,28946,850484510,0,0,0
lu2206,20220218,20220218,112359000,11:23:59,4134,20449,28946,850484510,0,0,0
lu2206,20220218,20220218,112359500,11:23:59,4134,20449,28946,850484510,0,0,0
lu2206,20220218,20220218,112400000,11:24:00,4134,20449,28946,850484510,0,0,0
lu2206,20220218,20220218,112400500,11:24:00,4134,20449,28946,850484510,0,0,0
lu2206,20220218,20220218,112401000,11:24:01,4134,20449,28946,850484510,0,0,0
lu2206,20220218,20220218,112401500,11:24:01,4134,20449,28946,850484510,0,0,0
lu2206,20220218,20220218,112402000,11:24:02,4134,20449,28946,850484510,0,0,0
lu2206,20220218,20220218,112402500,11:24:02,4134,20449,28946,850484510,0,0,0
lu2206,20220218,20220218,112403000,11:24:03,4134,20449,28946,850484510,0,0,0
lu2206,20220218,20220218,112403500,11:24:04,4134,20449,28946,850484510,0,0,0
lu2206,20220218,20220218,112404000,11:24:04,4134,20449,28946,850484510,0,0,0
lu2206,20220218,20220218,112404500,11:24:04,4134,20449,28946,850484510,0,0,0
lu2206,20220218,20220218,112405000,11:24:05,4134,20449,28946,850484510,0,0,0
lu2206,20220218,20220218,112405500,11:24:05,4134,20449,28946,850484510,0,0,0
lu2206,20220218,20220218,112406000,11:24:06,4134,20449,28946,850484510,0,0,0
lu2206,20220218,20220218,112406500,11:24:06,4134,20449,28946,850484510,0,0,0
lu2206,20220218,20220218,112407000,11:24:07,4134,20449,28946,850484510,0,0,0
lu2206,20220218,20220218,112407500,11:24:08,4134,20449,28946,850484510,0,0,0
lu2206,20220218,20220218,112408000,11:24:08,4134,20449,28946,850484510,0,0,0
lu2206,20220218,20220218,112408500,11:24:08,4134,20449,28946,850484510,0,0,0
lu2206,20220218,20220218,112409000,11:24:11,4134,20449,28946,850484510,0,0,0
lu2206,20220218,20220218,112409500,11:24:12,4134,20449,28946,850484510,0,0,0
lu2206,20220218,20220218,112410000,11:24:12,4134,20449,28946,850484510,0,0,0
lu2206,20220218,20220218,112410500,11:24:12,4134,20449,28946,850484510,0,0,0
lu2206,20220218,20220218,112411500,11:24:12,4134,20449,28946,850484510,0,0,0
lu2206,20220218,20220218,112412000,11:24:12,4134,20449,28946,850484510,0,0,0
lu2206,20220218,20220218,112412500,11:24:13,4134,20449,28946,850484510,0,0,0
lu2206,20220218,20220218,112413000,11:24:13,4134,20449,28946,850484510,0,0,0
lu2206,20220218,20220218,112413500,11:24:14,4134,20449,28946,850484510,0,0,0
lu2206,20220218,20220218,112414000,11:24:14,4134,20449,28946,850484510,0,0,0
lu2206,20220218,20220218,112414500,11:24:15,4134,20449,28946,850484510,0,0,0
lu2206,20220218,20220218,112415000,11:24:15,4134,20449,28946,850484510,0,0,0
lu2206,20220218,20220218,112415500,11:24:15,4134,20449,28946,850484510,0,0,0
lu2206,20220218,20220218,112416000,11:24:16,4134,20449,28946,850484510,0,0,0
lu2206,20220218,20220218,112416500,11:24:17,4134,20449,28946,850484510,0,0,0
lu2206,20220218,20220218,112417000,11:24:17,4134,20449,28946,850484510,0,0,0
lu2206,20220218,20220218,112417500,11:24:18,4134,20449,28946,850484510,0,0,0
lu2206,20220218,20220218,112418000,11:24:18,4134,20449,28946,850484510,0,0,0
lu2206,20220218,20220218,112418500,11:24:19,4134,20449,28946,850484510,0,0,0
lu2206,20220218,20220218,112419000,11:24:19,4134,20449,28946,850484510,0,0,0
lu2206,20220218,20220218,112419500,11:24:20,4135,20494,28942,852344770,45,-4,1860260
lu2206,20220218,20220218,112420000,11:24:20,4135,20494,28942,852344770,0,0,0
lu2206,20220218,20220218,112420500,11:24:21,4135,20494,28942,852344770,0,0,0
lu2206,20220218,20220218,112421000,11:24:21,4135,20494,28942,852344770,0,0,0
lu2206,20220218,20220218,112421500,11:24:22,4135,20494,28942,852344770,0,0,0
lu2206,20220218,20220218,112422000,11:24:22,4135,20494,28942,852344770,0,0,0
lu2206,20220218,20220218,112422500,11:24:23,4135,20494,28942,852344770,0,0,0
lu2206,20220218,20220218,112423000,11:24:23,4135,20494,28942,852344770,0,0,0
lu2206,20220218,20220218,112423500,11:24:24,4135,20494,28942,852344770,0,0,0
lu2206,20220218,20220218,112424000,11:24:24,4135,20494,28942,852344770,0,0,0
lu2206,20220218,20220218,112424500,11:24:24,4135,20494,28942,852344770,0,0,0
lu2206,20220218,20220218,112425000,11:24:25,4135,20494,28942,852344770,0,0,0
lu2206,20220218,20220218,112425500,11:24:25,4135,20494,28942,852344770,0,0,0
lu2206,20220218,20220218,112426000,11:24:26,4135,20494,28942,852344770,0,0,0
lu2206,20220218,20220218,112426500,11:24:26,4135,20494,28942,852344770,0,0,0
lu2206,20220218,20220218,112427000,11:24:27,4135,20494,28942,852344770,0,0,0
lu2206,20220218,20220218,112427500,11:24:28,4135,20494,28942,852344770,0,0,0
lu2206,20220218,20220218,112428000,11:24:28,4135,20494,28942,852344770,0,0,0
lu2206,20220218,20220218,112428500,11:24:28,4135,20494,28942,852344770,0,0,0
lu2206,20220218,20220218,112429000,11:24:29,4135,20494,28942,852344770,0,0,0
lu2206,20220218,20220218,112429500,11:24:29,4135,20494,28942,852344770,0,0,0
lu2206,20220218,20220218,112430000,11:24:30,4135,20494,28942,852344770,0,0,0
lu2206,20220218,20220218,112430500,11:24:30,4135,20494,28942,852344770,0,0,0
lu2206,20220218,20220218,112431000,11:24:31,4135,20494,28942,852344770,0,0,0
lu2206,20220218,20220218,112431500,11:24:31,4135,20494,28942,852344770,0,0,0
lu2206,20220218,20220218,112432000,11:24:32,4135,20494,28942,852344770,0,0,0
lu2206,20220218,20220218,112432500,11:24:33,4135,20494,28942,852344770,0,0,0
lu2206,20220218,20220218,112433000,11:24:33,4135,20494,28942,852344770,0,0,0
lu2206,20220218,20220218,112433500,11:24:33,4135,20494,28942,852344770,0,0,0
lu2206,20220218,20220218,112434000,11:24:34,4133,20507,28934,852882060,13,-8,537290
lu2206,20220218,20220218,112434500,11:24:34,4133,20508,28935,852923390,1,1,41330
lu2206,20220218,20220218,112435000,11:24:35,4133,20508,28935,852923390,0,0,0
lu2206,20220218,20220218,112435500,11:24:35,4133,20508,28935,852923390,0,0,0
lu2206,20220218,20220218,112436000,11:24:36,4133,20508,28935,852923390,0,0,0
lu2206,20220218,20220218,112436500,11:24:36,4133,20508,28935,852923390,0,0,0
lu2206,20220218,20220218,112437000,11:24:37,4133,20508,28935,852923390,0,0,0
lu2206,20220218,20220218,112437500,11:24:37,4132,20510,28935,853006030,2,0,82640
lu2206,20220218,20220218,112438000,11:24:39,4132,20510,28935,853006030,0,0,0
lu2206,20220218,20220218,112438500,11:24:40,4132,20510,28935,853006030,0,0,0
lu2206,20220218,20220218,112439000,11:24:40,4132,20510,28935,853006030,0,0,0
lu2206,20220218,20220218,112439500,11:24:40,4133,20511,28936,853047360,1,1,41330
lu2206,20220218,20220218,112440000,11:24:40,4133,20511,28936,853047360,0,0,0
lu2206,20220218,20220218,112440500,11:24:40,4133,20511,28936,853047360,0,0,0
lu2206,20220218,20220218,112441000,11:24:41,4133,20511,28936,853047360,0,0,0
lu2206,20220218,20220218,112441500,11:24:41,4133,20511,28936,853047360,0,0,0
lu2206,20220218,20220218,112442000,11:24:42,4133,20511,28936,853047360,0,0,0
lu2206,20220218,20220218,112442500,11:24:42,4133,20511,28936,853047360,0,0,0
lu2206,20220218,20220218,112443000,11:24:43,4133,20511,28936,853047360,0,0,0
lu2206,20220218,20220218,112443500,11:24:43,4133,20511,28936,853047360,0,0,0
lu2206,20220218,20220218,112444000,11:24:44,4133,20511,28936,853047360,0,0,0
lu2206,20220218,20220218,112444500,11:24:44,4133,20511,28936,853047360,0,0,0
lu2206,20220218,20220218,112445000,11:24:45,4133,20511,28936,853047360,0,0,0
lu2206,20220218,20220218,112445500,11:24:45,4133,20511,28936,853047360,0,0,0
lu2206,20220218,20220218,112446000,11:24:46,4133,20511,28936,853047360,0,0,0
lu2206,20220218,20220218,112446500,11:24:46,4133,20512,28937,853088690,1,1,41330
lu2206,20220218,20220218,112447000,11:24:47,4133,20512,28937,853088690,0,0,0
lu2206,20220218,20220218,112447500,11:24:47,4133,20512,28937,853088690,0,0,0
lu2206,20220218,20220218,112448000,11:24:48,4133,20512,28937,853088690,0,0,0
lu2206,20220218,20220218,112448500,11:24:49,4133,20512,28937,853088690,0,0,0
lu2206,20220218,20220218,112449000,11:24:49,4133,20512,28937,853088690,0,0,0
lu2206,20220218,20220218,112449500,11:24:49,4133,20512,28937,853088690,0,0,0
lu2206,20220218,20220218,112450000,11:24:50,4133,20512,28937,853088690,0,0,0
lu2206,20220218,20220218,112450500,11:24:50,4133,20512,28937,853088690,0,0,0
lu2206,20220218,20220218,112451000,11:24:51,4133,20512,28937,853088690,0,0,0
lu2206,20220218,20220218,112451500,11:24:52,4133,20512,28937,853088690,0,0,0
lu2206,20220218,20220218,112452000,11:24:52,4133,20512,28937,853088690,0,0,0
lu2206,20220218,20220218,112452500,11:24:52,4133,20512,28937,853088690,0,0,0
lu2206,20220218,20220218,112453000,11:24:53,4133,20512,28937,853088690,0,0,0
lu2206,20220218,20220218,112453500,11:24:53,4133,20512,28937,853088690,0,0,0
lu2206,20220218,20220218,112454000,11:24:54,4133,20512,28937,853088690,0,0,0
lu2206,20220218,20220218,112454500,11:24:54,4133,20512,28937,853088690,0,0,0
lu2206,20220218,20220218,112455000,11:24:55,4133,20512,28937,853088690,0,0,0
lu2206,20220218,20220218,112455500,11:24:56,4133,20512,28937,853088690,0,0,0
lu2206,20220218,20220218,112456000,11:24:56,4133,20512,28937,853088690,0,0,0
lu2206,20220218,20220218,112456500,11:24:56,4133,20513,28937,853130020,1,0,41330
lu2206,20220218,20220218,112457000,11:24:57,4133,20513,28937,853130020,0,0,0
lu2206,20220218,20220218,112457500,11:24:57,4133,20513,28937,853130020,0,0,0
lu2206,20220218,20220218,112458000,11:24:58,4133,20513,28937,853130020,0,0,0
lu2206,20220218,20220218,112458500,11:24:58,4133,20513,28937,853130020,0,0,0
lu2206,20220218,20220218,112459000,11:24:59,4133,20513,28937,853130020,0,0,0
lu2206,20220218,20220218,112459500,11:24:59,4133,20513,28937,853130020,0,0,0
lu2206,20220218,20220218,112500000,11:25:01,4133,20513,28937,853130020,0,0,0
lu2206,20220218,20220218,112500500,11:25:01,4133,20513,28937,853130020,0,0,0
lu2206,20220218,20220218,112501000,11:25:02,4133,20513,28937,853130020,0,0,0
lu2206,20220218,20220218,112501500,11:25:05,4133,20514,28937,853171350,1,0,41330
lu2206,20220218,20220218,112502000,11:25:05,4133,20514,28937,853171350,0,0,0
lu2206,20220218,20220218,112502500,11:25:06,4133,20514,28937,853171350,0,0,0
lu2206,20220218,20220218,112504500,11:25:06,4133,20514,28937,853171350,0,0,0
lu2206,20220218,20220218,112505500,11:25:06,4133,20514,28937,853171350,0,0,0
lu2206,20220218,20220218,112506000,11:25:07,4133,20514,28937,853171350,0,0,0
lu2206,20220218,20220218,112506500,11:25:07,4134,20516,28936,853254020,2,-1,82670
lu2206,20220218,20220218,112507000,11:25:07,4134,20516,28936,853254020,0,0,0
lu2206,20220218,20220218,112507500,11:25:07,4134,20516,28936,853254020,0,0,0
lu2206,20220218,20220218,112508000,11:25:08,4134,20516,28936,853254020,0,0,0
lu2206,20220218,20220218,112508500,11:25:08,4134,20516,28936,853254020,0,0,0
lu2206,20220218,20220218,112509000,11:25:09,4134,20516,28936,853254020,0,0,0
lu2206,20220218,20220218,112509500,11:25:10,4134,20516,28936,853254020,0,0,0
lu2206,20220218,20220218,112510000,11:25:10,4134,20516,28936,853254020,0,0,0
lu2206,20220218,20220218,112510500,11:25:10,4134,20516,28936,853254020,0,0,0
lu2206,20220218,20220218,112511000,11:25:11,4134,20516,28936,853254020,0,0,0
lu2206,20220218,20220218,112511500,11:25:11,4134,20516,28936,853254020,0,0,0
lu2206,20220218,20220218,112512000,11:25:12,4134,20516,28936,853254020,0,0,0
lu2206,20220218,20220218,112512500,11:25:12,4134,20516,28936,853254020,0,0,0
lu2206,20220218,20220218,112513000,11:25:13,4134,20516,28936,853254020,0,0,0
lu2206,20220218,20220218,112513500,11:25:15,4134,20516,28936,853254020,0,0,0
lu2206,20220218,20220218,112514000,11:25:15,4134,20516,28936,853254020,0,0,0
lu2206,20220218,20220218,112514500,11:25:15,4134,20516,28936,853254020,0,0,0
lu2206,20220218,20220218,112515000,11:25:16,4134,20516,28936,853254020,0,0,0
lu2206,20220218,20220218,112515500,11:25:16,4133,20517,28937,853295350,1,1,41330
lu2206,20220218,20220218,112516000,11:25:16,4133,20517,28937,853295350,0,0,0
lu2206,20220218,20220218,112516500,11:25:16,4133,20517,28937,853295350,0,0,0
lu2206,20220218,20220218,112517000,11:25:18,4133,20517,28937,853295350,0,0,0
lu2206,20220218,20220218,112517500,11:25:18,4133,20517,28937,853295350,0,0,0
lu2206,20220218,20220218,112518000,11:25:18,4133,20517,28937,853295350,0,0,0
lu2206,20220218,20220218,112518500,11:25:19,4133,20517,28937,853295350,0,0,0
lu2206,20220218,20220218,112519000,11:25:19,4133,20517,28937,853295350,0,0,0
lu2206,20220218,20220218,112519500,11:25:20,4133,20517,28937,853295350,0,0,0
lu2206,20220218,20220218,112520000,11:25:21,4133,20517,28937,853295350,0,0,0
lu2206,20220218,20220218,112520500,11:25:21,4133,20517,28937,853295350,0,0,0
lu2206,20220218,20220218,112521000,11:25:22,4133,20517,28937,853295350,0,0,0
lu2206,20220218,20220218,112521500,11:25:22,4133,20517,28937,853295350,0,0,0
lu2206,20220218,20220218,112522000,11:25:22,4133,20517,28937,853295350,0,0,0
lu2206,20220218,20220218,112522500,11:25:23,4133,20517,28937,853295350,0,0,0
lu2206,20220218,20220218,112523000,11:25:23,4133,20517,28937,853295350,0,0,0
lu2206,20220218,20220218,112523500,11:25:24,4134,20519,28938,853378030,2,1,82680
lu2206,20220218,20220218,112524000,11:25:25,4134,20519,28938,853378030,0,0,0
lu2206,20220218,20220218,112524500,11:25:25,4134,20519,28938,853378030,0,0,0
lu2206,20220218,20220218,112525000,11:25:25,4134,20519,28938,853378030,0,0,0
lu2206,20220218,20220218,112525500,11:25:26,4134,20519,28938,853378030,0,0,0
lu2206,20220218,20220218,112526000,11:25:26,4134,20519,28938,853378030,0,0,0
lu2206,20220218,20220218,112526500,11:25:27,4134,20519,28938,853378030,0,0,0
lu2206,20220218,20220218,112527000,11:25:28,4134,20519,28938,853378030,0,0,0
lu2206,20220218,20220218,112527500,11:25:28,4134,20519,28938,853378030,0,0,0
lu2206,20220218,20220218,112528000,11:25:28,4134,20519,28938,853378030,0,0,0
lu2206,20220218,20220218,112528500,11:25:28,4134,20519,28938,853378030,0,0,0
lu2206,20220218,20220218,112529000,11:25:29,4134,20519,28938,853378030,0,0,0
lu2206,20220218,20220218,112529500,11:25:30,4134,20519,28938,853378030,0,0,0
lu2206,20220218,20220218,112530000,11:25:31,4134,20519,28938,853378030,0,0,0
lu2206,20220218,20220218,112530500,11:25:31,4134,20519,28938,853378030,0,0,0
lu2206,20220218,20220218,112531000,11:25:31,4134,20519,28938,853378030,0,0,0
lu2206,20220218,20220218,112531500,11:25:32,4134,20519,28938,853378030,0,0,0
lu2206,20220218,20220218,112532000,11:25:32,4134,20519,28938,853378030,0,0,0
lu2206,20220218,20220218,112532500,11:25:33,4134,20519,28938,853378030,0,0,0
lu2206,20220218,20220218,112533000,11:25:33,4134,20519,28938,853378030,0,0,0
lu2206,20220218,20220218,112533500,11:25:33,4134,20519,28938,853378030,0,0,0
lu2206,20220218,20220218,112534000,11:25:34,4134,20519,28938,853378030,0,0,0
lu2206,20220218,20220218,112534500,11:25:36,4134,20519,28938,853378030,0,0,0
lu2206,20220218,20220218,112535000,11:25:36,4134,20519,28938,853378030,0,0,0
lu2206,20220218,20220218,112535500,11:25:37,4134,20519,28938,853378030,0,0,0
lu2206,20220218,20220218,112536000,11:25:37,4134,20519,28938,853378030,0,0,0
lu2206,20220218,20220218,112536500,11:25:37,4134,20519,28938,853378030,0,0,0
lu2206,20220218,20220218,112537000,11:25:38,4134,20519,28938,853378030,0,0,0
lu2206,20220218,20220218,112537500,11:25:38,4134,20519,28938,853378030,0,0,0
lu2206,20220218,20220218,112538000,11:25:38,4134,20519,28938,853378030,0,0,0
lu2206,20220218,20220218,112538500,11:25:39,4134,20519,28938,853378030,0,0,0
lu2206,20220218,20220218,112539000,11:25:39,4134,20519,28938,853378030,0,0,0
lu2206,20220218,20220218,112539500,11:25:40,4134,20519,28938,853378030,0,0,0
lu2206,20220218,20220218,112540000,11:25:40,4134,20519,28938,853378030,0,0,0
lu2206,20220218,20220218,112540500,11:25:40,4134,20519,28938,853378030,0,0,0
lu2206,20220218,20220218,112541000,11:25:41,4134,20519,28938,853378030,0,0,0
lu2206,20220218,20220218,112541500,11:25:41,4134,20519,28938,853378030,0,0,0
lu2206,20220218,20220218,112542000,11:25:42,4134,20519,28938,853378030,0,0,0
lu2206,20220218,20220218,112542500,11:25:43,4134,20519,28938,853378030,0,0,0
lu2206,20220218,20220218,112543000,11:25:43,4134,20519,28938,853378030,0,0,0
lu2206,20220218,20220218,112543500,11:25:43,4134,20519,28938,853378030,0,0,0
lu2206,20220218,20220218,112544000,11:25:44,4134,20519,28938,853378030,0,0,0
lu2206,20220218,20220218,112544500,11:25:44,4134,20519,28938,853378030,0,0,0
lu2206,20220218,20220218,112545000,11:25:45,4134,20519,28938,853378030,0,0,0
lu2206,20220218,20220218,112545500,11:25:46,4134,20519,28938,853378030,0,0,0
lu2206,20220218,20220218,112546000,11:25:47,4134,20519,28938,853378030,0,0,0
lu2206,20220218,20220218,112546500,11:25:48,4134,20519,28938,853378030,0,0,0
lu2206,20220218,20220218,112547000,11:25:48,4134,20519,28938,853378030,0,0,0
lu2206,20220218,20220218,112547500,11:25:48,4134,20519,28938,853378030,0,0,0
lu2206,20220218,20220218,112548000,11:25:48,4134,20519,28938,853378030,0,0,0
lu2206,20220218,20220218,112548500,11:25:48,4134,20519,28938,853378030,0,0,0
lu2206,20220218,20220218,112549000,11:25:49,4134,20519,28938,853378030,0,0,0
lu2206,20220218,20220218,112549500,11:25:49,4134,20519,28938,853378030,0,0,0
lu2206,20220218,20220218,112550000,11:25:50,4134,20519,28938,853378030,0,0,0
lu2206,20220218,20220218,112550500,11:25:51,4134,20519,28938,853378030,0,0,0
lu2206,20220218,20220218,112551000,11:25:51,4134,20519,28938,853378030,0,0,0
lu2206,20220218,20220218,112551500,11:25:51,4134,20519,28938,853378030,0,0,0
lu2206,20220218,20220218,112552000,11:25:52,4134,20519,28938,853378030,0,0,0
lu2206,20220218,20220218,112552500,11:25:53,4134,20519,28938,853378030,0,0,0
lu2206,20220218,20220218,112553000,11:25:53,4134,20519,28938,853378030,0,0,0
lu2206,20220218,20220218,112553500,11:25:54,4134,20519,28938,853378030,0,0,0
lu2206,20220218,20220218,112554000,11:25:54,4134,20519,28938,853378030,0,0,0
lu2206,20220218,20220218,112554500,11:25:55,4134,20519,28938,853378030,0,0,0
lu2206,20220218,20220218,112555000,11:25:56,4134,20519,28938,853378030,0,0,0
lu2206,20220218,20220218,112555500,11:25:56,4134,20519,28938,853378030,0,0,0
lu2206,20220218,20220218,112556000,11:25:57,4134,20519,28938,853378030,0,0,0
lu2206,20220218,20220218,112556500,11:25:57,4134,20519,28938,853378030,0,0,0
lu2206,20220218,20220218,112557000,11:25:57,4134,20519,28938,853378030,0,0,0
lu2206,20220218,20220218,112557500,11:25:57,4134,20519,28938,853378030,0,0,0
lu2206,20220218,20220218,112558000,11:25:59,4134,20519,28938,853378030,0,0,0
lu2206,20220218,20220218,112558500,11:25:59,4134,20519,28938,853378030,0,0,0
lu2206,20220218,20220218,112559000,11:26:00,4134,20519,28938,853378030,0,0,0
lu2206,20220218,20220218,112559500,11:26:00,4134,20519,28938,853378030,0,0,0
lu2206,20220218,20220218,112600000,11:26:00,4134,20519,28938,853378030,0,0,0
lu2206,20220218,20220218,112600500,11:26:01,4134,20519,28938,853378030,0,0,0
lu2206,20220218,20220218,112601000,11:26:01,4134,20519,28938,853378030,0,0,0
lu2206,20220218,20220218,112601500,11:26:02,4134,20519,28938,853378030,0,0,0
lu2206,20220218,20220218,112602000,11:26:03,4134,20519,28938,853378030,0,0,0
lu2206,20220218,20220218,112602500,11:26:03,4134,20519,28938,853378030,0,0,0
lu2206,20220218,20220218,112603000,11:26:03,4134,20519,28938,853378030,0,0,0
lu2206,20220218,20220218,112603500,11:26:04,4134,20519,28938,853378030,0,0,0
lu2206,20220218,20220218,112604000,11:26:05,4134,20519,28938,853378030,0,0,0
lu2206,20220218,20220218,112604500,11:26:05,4134,20519,28938,853378030,0,0,0
lu2206,20220218,20220218,112605000,11:26:05,4134,20519,28938,853378030,0,0,0
lu2206,20220218,20220218,112605500,11:26:06,4134,20519,28938,853378030,0,0,0
lu2206,20220218,20220218,112606000,11:26:06,4134,20519,28938,853378030,0,0,0
lu2206,20220218,20220218,112606500,11:26:09,4134,20519,28938,853378030,0,0,0
lu2206,20220218,20220218,112607000,11:26:09,4134,20519,28938,853378030,0,0,0
lu2206,20220218,20220218,112607500,11:26:09,4134,20519,28938,853378030,0,0,0
lu2206,20220218,20220218,112609000,11:26:10,4134,20519,28938,853378030,0,0,0
lu2206,20220218,20220218,112609500,11:26:10,4134,20519,28938,853378030,0,0,0
lu2206,20220218,20220218,112610000,11:26:10,4134,20519,28938,853378030,0,0,0
lu2206,20220218,20220218,112610500,11:26:11,4134,20519,28938,853378030,0,0,0
lu2206,20220218,20220218,112611000,11:26:11,4134,20519,28938,853378030,0,0,0
lu2206,20220218,20220218,112611500,11:26:13,4134,20519,28938,853378030,0,0,0
lu2206,20220218,20220218,112612000,11:26:14,4134,20519,28938,853378030,0,0,0
lu2206,20220218,20220218,112612500,11:26:14,4134,20519,28938,853378030,0,0,0
lu2206,20220218,20220218,112613000,11:26:15,4134,20519,28938,853378030,0,0,0
lu2206,20220218,20220218,112613500,11:26:15,4134,20519,28938,853378030,0,0,0
lu2206,20220218,20220218,112614000,11:26:15,4134,20519,28938,853378030,0,0,0
lu2206,20220218,20220218,112614500,11:26:16,4134,20519,28938,853378030,0,0,0
lu2206,20220218,20220218,112615000,11:26:16,4134,20519,28938,853378030,0,0,0
lu2206,20220218,20220218,112615500,11:26:16,4134,20519,28938,853378030,0,0,0
lu2206,20220218,20220218,112616000,11:26:16,4134,20519,28938,853378030,0,0,0
lu2206,20220218,20220218,112616500,11:26:17,4134,20519,28938,853378030,0,0,0
lu2206,20220218,20220218,112617000,11:26:17,4134,20519,28938,853378030,0,0,0
lu2206,20220218,20220218,112617500,11:26:17,4134,20519,28938,853378030,0,0,0
lu2206,20220218,20220218,112618000,11:26:18,4134,20519,28938,853378030,0,0,0
lu2206,20220218,20220218,112618500,11:26:19,4134,20519,28938,853378030,0,0,0
lu2206,20220218,20220218,112619000,11:26:19,4134,20519,28938,853378030,0,0,0
lu2206,20220218,20220218,112619500,11:26:20,4134,20519,28938,853378030,0,0,0
lu2206,20220218,20220218,112620000,11:26:20,4134,20519,28938,853378030,0,0,0
lu2206,20220218,20220218,112620500,11:26:20,4134,20519,28938,853378030,0,0,0
lu2206,20220218,20220218,112621000,11:26:21,4134,20519,28938,853378030,0,0,0
lu2206,20220218,20220218,112621500,11:26:21,4134,20519,28938,853378030,0,0,0
lu2206,20220218,20220218,112622000,11:26:22,4134,20519,28938,853378030,0,0,0
lu2206,20220218,20220218,112622500,11:26:23,4134,20519,28938,853378030,0,0,0
lu2206,20220218,20220218,112623000,11:26:23,4134,20519,28938,853378030,0,0,0
lu2206,20220218,20220218,112623500,11:26:24,4131,20521,28937,853460650,2,-1,82620
lu2206,20220218,20220218,112624000,11:26:24,4130,20534,28943,853997550,13,6,536900
lu2206,20220218,20220218,112624500,11:26:24,4130,20534,28943,853997550,0,0,0
lu2206,20220218,20220218,112625000,11:26:25,4130,20538,28941,854162750,4,-2,165200
lu2206,20220218,20220218,112625500,11:26:26,4130,20538,28941,854162750,0,0,0
lu2206,20220218,20220218,112626000,11:26:26,4130,20538,28941,854162750,0,0,0
lu2206,20220218,20220218,112626500,11:26:26,4130,20538,28941,854162750,0,0,0
lu2206,20220218,20220218,112627000,11:26:27,4130,20538,28941,854162750,0,0,0
lu2206,20220218,20220218,112627500,11:26:27,4130,20538,28941,854162750,0,0,0
lu2206,20220218,20220218,112628000,11:26:28,4130,20538,28941,854162750,0,0,0
lu2206,20220218,20220218,112628500,11:26:28,4130,20538,28941,854162750,0,0,0
lu2206,20220218,20220218,112629000,11:26:30,4131,20539,28941,854204060,1,0,41310
lu2206,20220218,20220218,112629500,11:26:30,4131,20539,28941,854204060,0,0,0
lu2206,20220218,20220218,112630000,11:26:31,4131,20539,28941,854204060,0,0,0
lu2206,20220218,20220218,112630500,11:26:31,4131,20539,28941,854204060,0,0,0
lu2206,20220218,20220218,112631000,11:26:31,4131,20539,28941,854204060,0,0,0
lu2206,20220218,20220218,112631500,11:26:32,4131,20539,28941,854204060,0,0,0
lu2206,20220218,20220218,112632000,11:26:32,4131,20539,28941,854204060,0,0,0
lu2206,20220218,20220218,112632500,11:26:32,4131,20539,28941,854204060,0,0,0
lu2206,20220218,20220218,112633000,11:26:33,4131,20539,28941,854204060,0,0,0
lu2206,20220218,20220218,112633500,11:26:34,4131,20539,28941,854204060,0,0,0
lu2206,20220218,20220218,112634000,11:26:36,4129,20544,28942,854410510,5,1,206450
lu2206,20220218,20220218,112634500,11:26:37,4129,20544,28942,854410510,0,0,0
lu2206,20220218,20220218,112635000,11:26:37,4129,20544,28942,854410510,0,0,0
lu2206,20220218,20220218,112635500,11:26:38,4129,20544,28942,854410510,0,0,0
lu2206,20220218,20220218,112637000,11:26:54,4129,20544,28942,854410510,0,0,0
lu2206,20220218,20220218,112637500,11:27:10,4129,20544,28942,854410510,0,0,0
lu2206,20220218,20220218,112638000,11:27:10,4129,20544,28942,854410510,0,0,0
lu2206,20220218,20220218,112653500,11:27:11,4129,20544,28942,854410510,0,0,0
lu2206,20220218,20220218,112710000,11:27:12,4129,20544,28942,854410510,0,0,0
lu2206,20220218,20220218,112712000,11:27:12,4130,20565,28950,855277720,21,8,867210
lu2206,20220218,20220218,112712500,11:27:13,4130,20566,28951,855319020,1,1,41300
lu2206,20220218,20220218,112713000,11:27:14,4130,20566,28951,855319020,0,0,0
lu2206,20220218,20220218,112713500,11:27:14,4130,20566,28951,855319020,0,0,0
lu2206,20220218,20220218,112714000,11:27:15,4130,20566,28951,855319020,0,0,0
lu2206,20220218,20220218,112714500,11:27:15,4130,20566,28951,855319020,0,0,0
lu2206,20220218,20220218,112715000,11:27:16,4130,20566,28951,855319020,0,0,0
lu2206,20220218,20220218,112715500,11:27:16,4130,20566,28951,855319020,0,0,0
lu2206,20220218,20220218,112716000,11:27:17,4130,20566,28951,855319020,0,0,0
lu2206,20220218,20220218,112716500,11:27:17,4130,20566,28951,855319020,0,0,0
lu2206,20220218,20220218,112717000,11:27:17,4130,20566,28951,855319020,0,0,0
lu2206,20220218,20220218,112717500,11:27:17,4130,20566,28951,855319020,0,0,0
lu2206,20220218,20220218,112718000,11:27:18,4130,20566,28951,855319020,0,0,0
lu2206,20220218,20220218,112718500,11:27:19,4130,20566,28951,855319020,0,0,0
lu2206,20220218,20220218,112719000,11:27:19,4130,20566,28951,855319020,0,0,0
lu2206,20220218,20220218,112719500,11:27:20,4130,20566,28951,855319020,0,0,0
lu2206,20220218,20220218,112720000,11:27:20,4130,20566,28951,855319020,0,0,0
lu2206,20220218,20220218,112720500,11:27:21,4130,20566,28951,855319020,0,0,0
lu2206,20220218,20220218,112721000,11:27:21,4130,20566,28951,855319020,0,0,0
lu2206,20220218,20220218,112721500,11:27:22,4130,20566,28951,855319020,0,0,0
lu2206,20220218,20220218,112722000,11:27:22,4130,20566,28951,855319020,0,0,0
lu2206,20220218,20220218,112722500,11:27:26,4130,20566,28951,855319020,0,0,0
lu2206,20220218,20220218,112723000,11:27:26,4130,20566,28951,855319020,0,0,0
lu2206,20220218,20220218,112723500,11:27:27,4130,20566,28951,855319020,0,0,0
lu2206,20220218,20220218,112724000,11:27:27,4130,20566,28951,855319020,0,0,0
lu2206,20220218,20220218,112726500,11:27:27,4130,20566,28951,855319020,0,0,0
lu2206,20220218,20220218,112727000,11:27:27,4130,20566,28951,855319020,0,0,0
lu2206,20220218,20220218,112727500,11:27:27,4130,20566,28951,855319020,0,0,0
lu2206,20220218,20220218,112728000,11:27:28,4130,20566,28951,855319020,0,0,0
lu2206,20220218,20220218,112728500,11:27:28,4130,20566,28951,855319020,0,0,0
lu2206,20220218,20220218,112729000,11:27:29,4130,20566,28951,855319020,0,0,0
lu2206,20220218,20220218,112729500,11:27:30,4130,20566,28951,855319020,0,0,0
lu2206,20220218,20220218,112730000,11:27:30,4130,20566,28951,855319020,0,0,0
lu2206,20220218,20220218,112730500,11:27:31,4130,20566,28951,855319020,0,0,0
lu2206,20220218,20220218,112731000,11:27:33,4130,20566,28951,855319020,0,0,0
lu2206,20220218,20220218,112731500,11:27:35,4130,20566,28951,855319020,0,0,0
lu2206,20220218,20220218,112732000,11:27:36,4130,20566,28951,855319020,0,0,0
lu2206,20220218,20220218,112735500,11:27:36,4130,20566,28951,855319020,0,0,0
lu2206,20220218,20220218,112736000,11:27:37,4130,20566,28951,855319020,0,0,0
lu2206,20220218,20220218,112736500,11:27:38,4130,20566,28951,855319020,0,0,0
lu2206,20220218,20220218,112737000,11:27:38,4130,20566,28951,855319020,0,0,0
lu2206,20220218,20220218,112737500,11:27:38,4130,20566,28951,855319020,0,0,0
lu2206,20220218,20220218,112738000,11:27:38,4130,20566,28951,855319020,0,0,0
lu2206,20220218,20220218,112738500,11:27:39,4130,20566,28951,855319020,0,0,0
lu2206,20220218,20220218,112739000,11:27:39,4130,20566,28951,855319020,0,0,0
lu2206,20220218,20220218,112739500,11:27:39,4130,20566,28951,855319020,0,0,0
lu2206,20220218,20220218,112740000,11:27:40,4130,20566,28951,855319020,0,0,0
lu2206,20220218,20220218,112740500,11:27:40,4130,20566,28951,855319020,0,0,0
lu2206,20220218,20220218,112741000,11:27:41,4130,20566,28951,855319020,0,0,0
lu2206,20220218,20220218,112741500,11:27:42,4130,20566,28951,855319020,0,0,0
lu2206,20220218,20220218,112742000,11:27:42,4130,20566,28951,855319020,0,0,0
lu2206,20220218,20220218,112742500,11:27:43,4130,20566,28951,855319020,0,0,0
lu2206,20220218,20220218,112743000,11:27:43,4130,20566,28951,855319020,0,0,0
lu2206,20220218,20220218,112743500,11:27:44,4130,20566,28951,855319020,0,0,0
lu2206,20220218,20220218,112744000,11:27:44,4130,20566,28951,855319020,0,0,0
lu2206,20220218,20220218,112744500,11:27:45,4130,20566,28951,855319020,0,0,0
lu2206,20220218,20220218,112745000,11:27:45,4130,20566,28951,855319020,0,0,0
lu2206,20220218,20220218,112745500,11:27:46,4130,20566,28951,855319020,0,0,0
lu2206,20220218,20220218,112746000,11:27:46,4130,20566,28951,855319020,0,0,0
lu2206,20220218,20220218,112746500,11:27:47,4130,20566,28951,855319020,0,0,0
lu2206,20220218,20220218,112747000,11:27:47,4130,20566,28951,855319020,0,0,0
lu2206,20220218,20220218,112747500,11:27:48,4130,20566,28951,855319020,0,0,0
lu2206,20220218,20220218,112748000,11:27:52,4130,20566,28951,855319020,0,0,0
lu2206,20220218,20220218,112748500,11:27:54,4130,20566,28951,855319020,0,0,0
lu2206,20220218,20220218,112749000,11:27:54,4130,20566,28951,855319020,0,0,0
lu2206,20220218,20220218,112749500,11:27:54,4130,20566,28951,855319020,0,0,0
lu2206,20220218,20220218,112754000,11:27:54,4130,20566,28951,855319020,0,0,0
lu2206,20220218,20220218,112754500,11:27:54,4130,20566,28951,855319020,0,0,0
lu2206,20220218,20220218,112755000,11:27:55,4130,20566,28951,855319020,0,0,0
lu2206,20220218,20220218,112755500,11:27:55,4130,20566,28951,855319020,0,0,0
lu2206,20220218,20220218,112756000,11:27:56,4130,20566,28951,855319020,0,0,0
lu2206,20220218,20220218,112756500,11:27:56,4130,20566,28951,855319020,0,0,0
lu2206,20220218,20220218,112757000,11:27:57,4130,20566,28951,855319020,0,0,0
lu2206,20220218,20220218,112757500,11:27:57,4130,20566,28951,855319020,0,0,0
lu2206,20220218,20220218,112758000,11:27:58,4130,20566,28951,855319020,0,0,0
lu2206,20220218,20220218,112758500,11:27:59,4130,20566,28951,855319020,0,0,0
lu2206,20220218,20220218,112759000,11:27:59,4130,20566,28951,855319020,0,0,0
lu2206,20220218,20220218,112759500,11:27:59,4130,20566,28951,855319020,0,0,0
lu2206,20220218,20220218,112800000,11:28:00,4131,20579,28954,855856050,13,3,537030
lu2206,20220218,20220218,112800500,11:28:01,4131,20579,28954,855856050,0,0,0
lu2206,20220218,20220218,112801000,11:28:01,4131,20579,28954,855856050,0,0,0
lu2206,20220218,20220218,112801500,11:28:02,4131,20579,28954,855856050,0,0,0
lu2206,20220218,20220218,112802000,11:28:03,4131,20579,28954,855856050,0,0,0
lu2206,20220218,20220218,112802500,11:28:03,4131,20579,28954,855856050,0,0,0
lu2206,20220218,20220218,112803000,11:28:04,4131,20590,28959,856310460,11,5,454410
lu2206,20220218,20220218,112803500,11:28:04,4131,20590,28959,856310460,0,0,0
lu2206,20220218,20220218,112804000,11:28:05,4131,20590,28959,856310460,0,0,0
lu2206,20220218,20220218,112804500,11:28:05,4131,20590,28959,856310460,0,0,0
lu2206,20220218,20220218,112805000,11:28:06,4132,20592,28960,856393100,2,1,82640
lu2206,20220218,20220218,112805500,11:28:06,4132,20592,28960,856393100,0,0,0
lu2206,20220218,20220218,112806000,11:28:10,4132,20592,28960,856393100,0,0,0
lu2206,20220218,20220218,112806500,11:28:10,4132,20592,28960,856393100,0,0,0
lu2206,20220218,20220218,112807000,11:28:10,4132,20592,28960,856393100,0,0,0
lu2206,20220218,20220218,112810000,11:28:11,4132,20592,28960,856393100,0,0,0
lu2206,20220218,20220218,112810500,11:28:12,4132,20592,28960,856393100,0,0,0
lu2206,20220218,20220218,112811000,11:28:12,4132,20592,28960,856393100,0,0,0
lu2206,20220218,20220218,112811500,11:28:12,4132,20592,28960,856393100,0,0,0
lu2206,20220218,20220218,112812000,11:28:13,4132,20592,28960,856393100,0,0,0
lu2206,20220218,20220218,112812500,11:28:13,4132,20592,28960,856393100,0,0,0
lu2206,20220218,20220218,112813000,11:28:13,4132,20592,28960,856393100,0,0,0
lu2206,20220218,20220218,112813500,11:28:14,4132,20592,28960,856393100,0,0,0
lu2206,20220218,20220218,112814000,11:28:14,4132,20592,28960,856393100,0,0,0
lu2206,20220218,20220218,112814500,11:28:14,4132,20592,28960,856393100,0,0,0
lu2206,20220218,20220218,112815000,11:28:15,4132,20592,28960,856393100,0,0,0
lu2206,20220218,20220218,112815500,11:28:15,4132,20592,28960,856393100,0,0,0
lu2206,20220218,20220218,112816000,11:28:16,4132,20592,28960,856393100,0,0,0
lu2206,20220218,20220218,112816500,11:28:16,4132,20592,28960,856393100,0,0,0
lu2206,20220218,20220218,112817000,11:28:17,4132,20592,28960,856393100,0,0,0
lu2206,20220218,20220218,112817500,11:28:18,4132,20592,28960,856393100,0,0,0
lu2206,20220218,20220218,112818000,11:28:18,4132,20592,28960,856393100,0,0,0
lu2206,20220218,20220218,112818500,11:28:18,4132,20592,28960,856393100,0,0,0
lu2206,20220218,20220218,112819000,11:28:19,4132,20592,28960,856393100,0,0,0
lu2206,20220218,20220218,112819500,11:28:20,4132,20592,28960,856393100,0,0,0
lu2206,20220218,20220218,112820000,11:28:20,4132,20592,28960,856393100,0,0,0
lu2206,20220218,20220218,112820500,11:28:21,4132,20592,28960,856393100,0,0,0
lu2206,20220218,20220218,112821000,11:28:21,4132,20592,28960,856393100,0,0,0
lu2206,20220218,20220218,112821500,11:28:22,4132,20592,28960,856393100,0,0,0
lu2206,20220218,20220218,112822000,11:28:22,4132,20592,28960,856393100,0,0,0
lu2206,20220218,20220218,112822500,11:28:22,4132,20592,28960,856393100,0,0,0
lu2206,20220218,20220218,112823000,11:28:23,4132,20592,28960,856393100,0,0,0
lu2206,20220218,20220218,112823500,11:28:23,4132,20592,28960,856393100,0,0,0
lu2206,20220218,20220218,112824000,11:28:24,4132,20592,28960,856393100,0,0,0
lu2206,20220218,20220218,112824500,11:28:25,4132,20592,28960,856393100,0,0,0
lu2206,20220218,20220218,112825000,11:28:25,4132,20592,28960,856393100,0,0,0
lu2206,20220218,20220218,112825500,11:28:25,4132,20592,28960,856393100,0,0,0
lu2206,20220218,20220218,112826000,11:28:26,4132,20592,28960,856393100,0,0,0
lu2206,20220218,20220218,112826500,11:28:27,4132,20592,28960,856393100,0,0,0
lu2206,20220218,20220218,112827000,11:28:27,4132,20592,28960,856393100,0,0,0
lu2206,20220218,20220218,112827500,11:28:27,4132,20594,28960,856475740,2,0,82640
lu2206,20220218,20220218,112828000,11:28:28,4133,20595,28960,856517070,1,0,41330
lu2206,20220218,20220218,112828500,11:28:28,4133,20596,28960,856558400,1,0,41330
lu2206,20220218,20220218,112829000,11:28:29,4133,20596,28960,856558400,0,0,0
lu2206,20220218,20220218,112829500,11:28:30,4133,20596,28960,856558400,0,0,0
lu2206,20220218,20220218,112830000,11:28:30,4133,20596,28960,856558400,0,0,0
lu2206,20220218,20220218,112830500,11:28:31,4133,20596,28960,856558400,0,0,0
lu2206,20220218,20220218,112831500,11:28:32,4133,20596,28960,856558400,0,0,0
lu2206,20220218,20220218,112836500,11:28:37,4133,20597,28959,856599730,1,-1,41330
lu2206,20220218,20220218,112837000,11:28:37,4133,20597,28959,856599730,0,0,0
lu2206,20220218,20220218,112837500,11:28:38,4133,20599,28959,856682390,2,0,82660
lu2206,20220218,20220218,112838000,11:28:38,4133,20599,28959,856682390,0,0,0
lu2206,20220218,20220218,112838500,11:28:38,4132,20601,28960,856765030,2,1,82640
lu2206,20220218,20220218,112839000,11:28:40,4132,20602,28960,856806350,1,0,41320
lu2206,20220218,20220218,112839500,11:28:40,4132,20602,28960,856806350,0,0,0
lu2206,20220218,20220218,112842500,11:28:42,4132,20602,28960,856806350,0,0,0
lu2206,20220218,20220218,112843000,11:28:43,4133,20603,28961,856847680,1,1,41330
lu2206,20220218,20220218,112843500,11:28:44,4133,20604,28961,856889010,1,0,41330
lu2206,20220218,20220218,112844000,11:28:44,4133,20604,28961,856889010,0,0,0
lu2206,20220218,20220218,112844500,11:28:45,4133,20604,28961,856889010,0,0,0
lu2206,20220218,20220218,112845000,11:28:45,4133,20604,28961,856889010,0,0,0
lu2206,20220218,20220218,112850000,11:28:50,4134,20608,28962,857054370,4,1,165360
lu2206,20220218,20220218,112850500,11:28:51,4134,20608,28962,857054370,0,0,0
lu2206,20220218,20220218,112851000,11:28:51,4134,20608,28962,857054370,0,0,0
lu2206,20220218,20220218,112851500,11:28:51,4134,20608,28962,857054370,0,0,0
lu2206,20220218,20220218,112852000,11:28:53,4134,20608,28962,857054370,0,0,0
lu2206,20220218,20220218,112857500,11:28:58,4134,20608,28962,857054370,0,0,0
lu2206,20220218,20220218,112858000,11:28:59,4134,20608,28962,857054370,0,0,0
lu2206,20220218,20220218,112859000,11:28:59,4135,20610,28964,857137070,2,2,82700
lu2206,20220218,20220218,112859500,11:29:00,4135,20610,28964,857137070,0,0,0
lu2206,20220218,20220218,112900000,11:29:00,4135,20610,28964,857137070,0,0,0
lu2206,20220218,20220218,112907000,11:29:08,4135,20617,28965,857426520,7,1,289450
lu2206,20220218,20220218,112907500,11:29:08,4136,20620,28966,857550580,3,1,124060
lu2206,20220218,20220218,112908000,11:29:08,4136,20621,28965,857591940,1,-1,41360
lu2206,20220218,20220218,112908500,11:29:08,4135,20622,28965,857633290,1,0,41350
lu2206,20220218,20220218,112909000,11:29:09,4135,20622,28965,857633290,0,0,0
lu2206,20220218,20220218,112909500,11:29:09,4135,20622,28965,857633290,0,0,0
lu2206,20220218,20220218,112910000,11:29:10,4135,20622,28965,857633290,0,0,0
lu2206,20220218,20220218,112917000,11:29:20,4135,20622,28965,857633290,0,0,0
lu2206,20220218,20220218,112918500,11:29:21,4135,20622,28965,857633290,0,0,0
lu2206,20220218,20220218,112921000,11:29:22,4135,20622,28965,857633290,0,0,0
lu2206,20220218,20220218,112922000,11:29:24,4134,20625,28964,857757310,3,-1,124020
lu2206,20220218,20220218,112923000,11:29:24,4134,20625,28964,857757310,0,0,0
lu2206,20220218,20220218,112925000,11:29:25,4134,20625,28964,857757310,0,0,0
lu2206,20220218,20220218,112932000,11:29:32,4134,20625,28964,857757310,0,0,0
lu2206,20220218,20220218,112932500,11:29:37,4134,20625,28964,857757310,0,0,0
lu2206,20220218,20220218,112933500,11:29:38,4134,20625,28964,857757310,0,0,0
lu2206,20220218,20220218,112936500,11:29:38,4136,20630,28968,857964110,5,4,206800
lu2206,20220218,20220218,112937500,11:29:38,4135,20631,28969,858005460,1,1,41350
lu2206,20220218,20220218,112938000,11:29:38,4135,20633,28969,858088160,2,0,82700
lu2206,20220218,20220218,112938500,11:29:39,4135,20633,28969,858088160,0,0,0
lu2206,20220218,20220218,112939000,11:29:39,4135,20633,28969,858088160,0,0,0
lu2206,20220218,20220218,112939500,11:29:40,4135,20633,28969,858088160,0,0,0
lu2206,20220218,20220218,112940000,11:29:40,4135,20633,28969,858088160,0,0,0
lu2206,20220218,20220218,112941000,11:29:41,4135,20633,28969,858088160,0,0,0
lu2206,20220218,20220218,112942000,11:29:44,4135,20633,28969,858088160,0,0,0
lu2206,20220218,20220218,112945500,11:29:46,4135,20633,28969,858088160,0,0,0
lu2206,20220218,20220218,112946000,11:29:46,4135,20633,28969,858088160,0,0,0
lu2206,20220218,20220218,112946500,11:29:47,4135,20633,28969,858088160,0,0,0
lu2206,20220218,20220218,112947000,11:29:47,4135,20633,28969,858088160,0,0,0
lu2206,20220218,20220218,112950500,11:29:51,4135,20633,28969,858088160,0,0,0
lu2206,20220218,20220218,112951500,11:29:52,4135,20633,28969,858088160,0,0,0
lu2206,20220218,20220218,112952000,11:29:52,4135,20633,28969,858088160,0,0,0
lu2206,20220218,20220218,112952500,11:29:53,4135,20633,28969,858088160,0,0,0
lu2206,20220218,20220218,112954500,11:29:54,4134,20634,28969,858129500,1,0,41340
lu2206,20220218,20220218,112955000,11:29:55,4134,20634,28969,858129500,0,0,0
lu2206,20220218,20220218,112955500,11:29:56,4134,20634,28969,858129500,0,0,0
lu2206,20220218,20220218,112956000,11:30:00,4134,20634,28969,858129500,0,0,0
lu2206,20220218,20220218,112959500,11:30:02,4134,20634,28969,858129500,0,0,0
lu2206,20220218,20220218,113000000,11:30:03,4134,20634,28969,858129500,0,0,0
lu2206,20220218,20220218,113001000,11:30:03,4137,20635,28970,858170870,1,1,41370
lu2206,20220218,20220218,113001500,11:30:03,4137,20635,28970,858170870,0,0,0
lu2206,20220218,20220218,133002000,13:30:08,4137,20635,28970,858170870,0,0,0
lu2206,20220218,20220218,133002500,13:30:10,4137,20635,28970,858170870,0,0,0
lu2206,20220218,20220218,133008000,13:30:10,4137,20635,28970,858170870,0,0,0
lu2206,20220218,20220218,133008500,13:30:10,4137,20635,28970,858170870,0,0,0
lu2206,20220218,20220218,133009500,13:30:10,4137,20635,28970,858170870,0,0,0
lu2206,20220218,20220218,133010000,13:30:11,4136,20658,28976,859122520,23,6,951650
lu2206,20220218,20220218,133010500,13:30:12,4136,20658,28976,859122520,0,0,0
lu2206,20220218,20220218,133011000,13:30:13,4136,20658,28976,859122520,0,0,0
lu2206,20220218,20220218,133012500,13:30:13,4133,20660,28976,859205180,2,0,82660
lu2206,20220218,20220218,133013500,13:30:14,4133,20660,28976,859205180,0,0,0
lu2206,20220218,20220218,133014000,13:30:16,4133,20660,28976,859205180,0,0,0
lu2206,20220218,20220218,133014500,13:30:17,4133,20660,28976,859205180,0,0,0
lu2206,20220218,20220218,133015000,13:30:18,4133,20660,28976,859205180,0,0,0
lu2206,20220218,20220218,133016500,13:30:18,4133,20660,28976,859205180,0,0,0
lu2206,20220218,20220218,133017000,13:30:18,4133,20660,28976,859205180,0,0,0
lu2206,20220218,20220218,133017500,13:30:19,4133,20660,28976,859205180,0,0,0
lu2206,20220218,20220218,133018000,13:30:19,4133,20660,28976,859205180,0,0,0
lu2206,20220218,20220218,133019000,13:30:20,4133,20660,28976,859205180,0,0,0
lu2206,20220218,20220218,133032000,13:30:40,4133,20660,28976,859205180,0,0,0
lu2206,20220218,20220218,133042500,13:30:44,4133,20660,28976,859205180,0,0,0
lu2206,20220218,20220218,133043500,13:30:45,4133,20660,28976,859205180,0,0,0
lu2206,20220218,20220218,133044000,13:30:46,4133,20660,28976,859205180,0,0,0
lu2206,20220218,20220218,133044500,13:30:46,4133,20660,28976,859205180,0,0,0
lu2206,20220218,20220218,133051500,13:30:52,4132,20670,28975,859618350,10,-1,413170
lu2206,20220218,20220218,133052000,13:30:53,4132,20670,28975,859618350,0,0,0
lu2206,20220218,20220218,133052500,13:30:54,4132,20670,28975,859618350,0,0,0
lu2206,20220218,20220218,133055000,13:30:55,4132,20670,28975,859618350,0,0,0
lu2206,20220218,20220218,133055500,13:30:56,4132,20670,28975,859618350,0,0,0
lu2206,20220218,20220218,133056000,13:30:57,4132,20670,28975,859618350,0,0,0
lu2206,20220218,20220218,133056500,13:30:57,4132,20670,28975,859618350,0,0,0
lu2206,20220218,20220218,133057000,13:30:58,4132,20670,28975,859618350,0,0,0
lu2206,20220218,20220218,133057500,13:30:58,4132,20670,28975,859618350,0,0,0
lu2206,20220218,20220218,133059500,13:30:59,4132,20670,28975,859618350,0,0,0
lu2206,20220218,20220218,133101000,13:31:01,4132,20670,28975,859618350,0,0,0
lu2206,20220218,20220218,133101500,13:31:01,4132,20670,28975,859618350,0,0,0
lu2206,20220218,20220218,133102000,13:31:02,4134,20672,28975,859701030,2,0,82680
lu2206,20220218,20220218,133102500,13:31:03,4134,20672,28975,859701030,0,0,0
lu2206,20220218,20220218,133103000,13:31:03,4134,20672,28975,859701030,0,0,0
lu2206,20220218,20220218,133103500,13:31:05,4134,20672,28975,859701030,0,0,0
lu2206,20220218,20220218,133104000,13:31:06,4134,20673,28975,859742370,1,0,41340
lu2206,20220218,20220218,133104500,13:31:07,4134,20673,28975,859742370,0,0,0
lu2206,20220218,20220218,133105500,13:31:08,4134,20673,28975,859742370,0,0,0
lu2206,20220218,20220218,133107000,13:31:09,4134,20673,28975,859742370,0,0,0
lu2206,20220218,20220218,133107500,13:31:09,4134,20673,28975,859742370,0,0,0
lu2206,20220218,20220218,133108000,13:31:09,4134,20673,28975,859742370,0,0,0
lu2206,20220218,20220218,133109000,13:31:10,4134,20673,28975,859742370,0,0,0
lu2206,20220218,20220218,133109500,13:31:10,4134,20673,28975,859742370,0,0,0
lu2206,20220218,20220218,133110000,13:31:11,4134,20673,28975,859742370,0,0,0
lu2206,20220218,20220218,133112000,13:31:12,4134,20673,28975,859742370,0,0,0
lu2206,20220218,20220218,133112500,13:31:13,4136,20674,28975,859783730,1,0,41360
lu2206,20220218,20220218,133113000,13:31:14,4136,20675,28976,859825090,1,1,41360
lu2206,20220218,20220218,133113500,13:31:15,4136,20675,28976,859825090,0,0,0
lu2206,20220218,20220218,133114000,13:31:15,4136,20675,28976,859825090,0,0,0
lu2206,20220218,20220218,133117500,13:31:18,4136,20675,28976,859825090,0,0,0
lu2206,20220218,20220218,133118000,13:31:19,4136,20675,28976,859825090,0,0,0
lu2206,20220218,20220218,133118500,13:31:19,4136,20675,28976,859825090,0,0,0
lu2206,20220218,20220218,133119000,13:31:20,4137,20676,28976,859866460,1,0,41370
lu2206,20220218,20220218,133119500,13:31:20,4137,20677,28976,859907830,1,0,41370
lu2206,20220218,20220218,133120000,13:31:20,4137,20677,28976,859907830,0,0,0
lu2206,20220218,20220218,133120500,13:31:21,4137,20677,28976,859907830,0,0,0
lu2206,20220218,20220218,133121500,13:31:22,4137,20677,28976,859907830,0,0,0
lu2206,20220218,20220218,133122000,13:31:23,4137,20677,28976,859907830,0,0,0
lu2206,20220218,20220218,133122500,13:31:25,4137,20677,28976,859907830,0,0,0
lu2206,20220218,20220218,133123000,13:31:25,4137,20677,28976,859907830,0,0,0
lu2206,20220218,20220218,133158000,13:31:58,4137,20677,28976,859907830,0,0,0
lu2206,20220218,20220218,133158500,13:31:58,4137,20677,28976,859907830,0,0,0
lu2206,20220218,20220218,133159500,13:32:00,4137,20677,28976,859907830,0,0,0
lu2206,20220218,20220218,133200500,13:32:01,4137,20677,28976,859907830,0,0,0
lu2206,20220218,20220218,133201000,13:32:01,4138,20710,28990,861272780,33,14,1364950
lu2206,20220218,20220218,133201500,13:32:01,4138,20710,28990,861272780,0,0,0
lu2206,20220218,20220218,133202500,13:32:04,4138,20710,28990,861272780,0,0,0
lu2206,20220218,20220218,133203000,13:32:05,4138,20710,28990,861272780,0,0,0
lu2206,20220218,20220218,133203500,13:32:05,4138,20710,28990,861272780,0,0,0
lu2206,20220218,20220218,133205000,13:32:06,4138,20710,28990,861272780,0,0,0
lu2206,20220218,20220218,133205500,13:32:06,4138,20710,28990,861272780,0,0,0
lu2206,20220218,20220218,133206000,13:32:07,4138,20710,28990,861272780,0,0,0
lu2206,20220218,20220218,133206500,13:32:07,4138,20710,28990,861272780,0,0,0
lu2206,20220218,20220218,133207000,13:32:07,4138,20710,28990,861272780,0,0,0
lu2206,20220218,20220218,133207500,13:32:07,4138,20710,28990,861272780,0,0,0
lu2206,20220218,20220218,133208000,13:32:09,4138,20710,28990,861272780,0,0,0
lu2206,20220218,20220218,133208500,13:32:10,4137,20716,28989,861521000,6,-1,248220
lu2206,20220218,20220218,133209000,13:32:10,4136,20720,28989,861686450,4,0,165450
lu2206,20220218,20220218,133209500,13:32:10,4136,20720,28989,861686450,0,0,0
lu2206,20220218,20220218,133210000,13:32:13,4136,20720,28989,861686450,0,0,0
lu2206,20220218,20220218,133210500,13:32:13,4135,20721,28990,861727800,1,1,41350
lu2206,20220218,20220218,133211000,13:32:14,4135,20722,28990,861769150,1,0,41350
lu2206,20220218,20220218,133213000,13:32:15,4135,20722,28990,861769150,0,0,0
lu2206,20220218,20220218,133221000,13:32:22,4136,20723,28990,861810510,1,0,41360
lu2206,20220218,20220218,133221500,13:32:22,4136,20723,28990,861810510,0,0,0
lu2206,20220218,20220218,133222500,13:32:24,4136,20723,28990,861810510,0,0,0
lu2206,20220218,20220218,133226000,13:32:27,4136,20723,28990,861810510,0,0,0
lu2206,20220218,20220218,133226500,13:32:27,4137,20724,28990,861851880,1,0,41370
lu2206,20220218,20220218,133227000,13:32:27,4137,20733,28995,862224210,9,5,372330
lu2206,20220218,20220218,133227500,13:32:32,4138,20739,28996,862472450,6,1,248240
lu2206,20220218,20220218,133228000,13:32:32,4138,20739,28996,862472450,0,0,0
lu2206,20220218,20220218,133228500,13:32:33,4139,20743,28998,862638010,4,2,165560
lu2206,20220218,20220218,133229000,13:32:33,4139,20748,28995,862844960,5,-3,206950
lu2206,20220218,20220218,133232000,13:32:35,4139,20748,28995,862844960,0,0,0
lu2206,20220218,20220218,133233000,13:32:35,4139,20748,28995,862844960,0,0,0
lu2206,20220218,20220218,133236000,13:32:37,4139,20748,28995,862844960,0,0,0
lu2206,20220218,20220218,133236500,13:32:37,4139,20748,28995,862844960,0,0,0
lu2206,20220218,20220218,133237000,13:32:37,4139,20748,28995,862844960,0,0,0
lu2206,20220218,20220218,133237500,13:32:38,4139,20748,28995,862844960,0,0,0
lu2206,20220218,20220218,133238000,13:32:38,4141,20753,28994,863051950,5,-1,206990
lu2206,20220218,20220218,133238500,13:32:39,4141,20753,28994,863051950,0,0,0
lu2206,20220218,20220218,133239000,13:32:39,4141,20753,28994,863051950,0,0,0
lu2206,20220218,20220218,133239500,13:32:40,4141,20753,28994,863051950,0,0,0
lu2206,20220218,20220218,133240000,13:32:40,4141,20753,28994,863051950,0,0,0
lu2206,20220218,20220218,133240500,13:32:40,4141,20753,28994,863051950,0,0,0
lu2206,20220218,20220218,133241000,13:32:41,4141,20753,28994,863051950,0,0,0
lu2206,20220218,20220218,133241500,13:32:42,4141,20753,28994,863051950,0,0,0
lu2206,20220218,20220218,133242000,13:32:42,4141,20753,28994,863051950,0,0,0
lu2206,20220218,20220218,133242500,13:32:42,4141,20754,28994,863093360,1,0,41410
lu2206,20220218,20220218,133243000,13:32:43,4141,20754,28994,863093360,0,0,0
lu2206,20220218,20220218,133243500,13:32:44,4141,20754,28994,863093360,0,0,0
lu2206,20220218,20220218,133244000,13:32:44,4141,20754,28994,863093360,0,0,0
lu2206,20220218,20220218,133244500,13:32:45,4141,20754,28994,863093360,0,0,0
lu2206,20220218,20220218,133245000,13:32:45,4141,20754,28994,863093360,0,0,0
lu2206,20220218,20220218,133245500,13:32:45,4141,20754,28994,863093360,0,0,0
lu2206,20220218,20220218,133246000,13:32:47,4141,20754,28994,863093360,0,0,0
lu2206,20220218,20220218,133246500,13:32:47,4141,20754,28994,863093360,0,0,0
lu2206,20220218,20220218,133247000,13:32:47,4141,20754,28994,863093360,0,0,0
lu2206,20220218,20220218,133247500,13:32:48,4141,20754,28994,863093360,0,0,0
lu2206,20220218,20220218,133248000,13:32:48,4141,20754,28994,863093360,0,0,0
lu2206,20220218,20220218,133248500,13:32:49,4141,20754,28994,863093360,0,0,0
lu2206,20220218,20220218,133249000,13:32:49,4141,20754,28994,863093360,0,0,0
lu2206,20220218,20220218,133249500,13:32:50,4141,20754,28994,863093360,0,0,0
lu2206,20220218,20220218,133250000,13:32:50,4141,20754,28994,863093360,0,0,0
lu2206,20220218,20220218,133250500,13:32:52,4141,20754,28994,863093360,0,0,0
lu2206,20220218,20220218,133251000,13:32:53,4141,20754,28994,863093360,0,0,0
lu2206,20220218,20220218,133251500,13:32:53,4141,20754,28994,863093360,0,0,0
lu2206,20220218,20220218,133252500,13:32:53,4141,20754,28994,863093360,0,0,0
lu2206,20220218,20220218,133253000,13:32:53,4139,20755,28995,863134750,1,1,41390
lu2206,20220218,20220218,133253500,13:32:54,4139,20762,28996,863424480,7,1,289730
lu2206,20220218,20220218,133254000,13:32:54,4139,20763,28996,863465870,1,0,41390
lu2206,20220218,20220218,133254500,13:32:55,4139,20763,28996,863465870,0,0,0
lu2206,20220218,20220218,133255000,13:32:55,4139,20763,28996,863465870,0,0,0
lu2206,20220218,20220218,133255500,13:32:56,4139,20763,28996,863465870,0,0,0
lu2206,20220218,20220218,133256000,13:32:56,4139,20763,28996,863465870,0,0,0
lu2206,20220218,20220218,133256500,13:32:58,4139,20763,28996,863465870,0,0,0
lu2206,20220218,20220218,133257000,13:32:59,4139,20763,28996,863465870,0,0,0
lu2206,20220218,20220218,133257500,13:33:00,4139,20763,28996,863465870,0,0,0
lu2206,20220218,20220218,133258000,13:33:00,4139,20763,28996,863465870,0,0,0
lu2206,20220218,20220218,133259500,13:33:01,4139,20763,28996,863465870,0,0,0
lu2206,20220218,20220218,133300000,13:33:01,4139,20763,28996,863465870,0,0,0
lu2206,20220218,20220218,133300500,13:33:01,4139,20763,28996,863465870,0,0,0
lu2206,20220218,20220218,133301000,13:33:02,4139,20763,28996,863465870,0,0,0
lu2206,20220218,20220218,133301500,13:33:02,4139,20763,28996,863465870,0,0,0
lu2206,20220218,20220218,133302000,13:33:03,4139,20763,28996,863465870,0,0,0
lu2206,20220218,20220218,133302500,13:33:03,4139,20763,28996,863465870,0,0,0
lu2206,20220218,20220218,133303000,13:33:04,4139,20763,28996,863465870,0,0,0
lu2206,20220218,20220218,133303500,13:33:04,4139,20763,28996,863465870,0,0,0
lu2206,20220218,20220218,133304000,13:33:04,4139,20763,28996,863465870,0,0,0
lu2206,20220218,20220218,133304500,13:33:05,4139,20763,28996,863465870,0,0,0
lu2206,20220218,20220218,133305000,13:33:05,4139,20763,28996,863465870,0,0,0
lu2206,20220218,20220218,133305500,13:33:06,4139,20763,28996,863465870,0,0,0
lu2206,20220218,20220218,133306000,13:33:06,4139,20763,28996,863465870,0,0,0
lu2206,20220218,20220218,133306500,13:33:06,4139,20765,28997,863548660,2,1,82790
lu2206,20220218,20220218,133307000,13:33:07,4139,20766,28997,863590050,1,0,41390
lu2206,20220218,20220218,133307500,13:33:08,4139,20766,28997,863590050,0,0,0
lu2206,20220218,20220218,133308000,13:33:08,4139,20766,28997,863590050,0,0,0
lu2206,20220218,20220218,133308500,13:33:09,4139,20766,28997,863590050,0,0,0
lu2206,20220218,20220218,133309000,13:33:09,4139,20766,28997,863590050,0,0,0
lu2206,20220218,20220218,133309500,13:33:11,4139,20766,28997,863590050,0,0,0
lu2206,20220218,20220218,133310000,13:33:11,4139,20766,28997,863590050,0,0,0
lu2206,20220218,20220218,133311000,13:33:13,4139,20766,28997,863590050,0,0,0
lu2206,20220218,20220218,133311500,13:33:14,4139,20766,28997,863590050,0,0,0
lu2206,20220218,20220218,133312000,13:33:14,4139,20766,28997,863590050,0,0,0
lu2206,20220218,20220218,133312500,13:33:14,4139,20766,28997,863590050,0,0,0
lu2206,20220218,20220218,133313500,13:33:15,4139,20766,28997,863590050,0,0,0
lu2206,20220218,20220218,133314000,13:33:17,4139,20766,28997,863590050,0,0,0
lu2206,20220218,20220218,133314500,13:33:17,4139,20766,28997,863590050,0,0,0
lu2206,20220218,20220218,133315000,13:33:18,4137,20773,28994,863879640,7,-3,289590
lu2206,20220218,20220218,133315500,13:33:18,4137,20774,28995,863921010,1,1,41370
lu2206,20220218,20220218,133317000,13:33:18,4137,20778,28991,864086490,4,-4,165480
lu2206,20220218,20220218,133318000,13:33:19,4137,20778,28991,864086490,0,0,0
lu2206,20220218,20220218,133318500,13:33:19,4137,20778,28991,864086490,0,0,0
lu2206,20220218,20220218,133319000,13:33:20,4137,20778,28991,864086490,0,0,0
lu2206,20220218,20220218,133319500,13:33:21,4137,20778,28991,864086490,0,0,0
lu2206,20220218,20220218,133320000,13:33:21,4137,20778,28991,864086490,0,0,0
lu2206,20220218,20220218,133320500,13:33:21,4137,20778,28991,864086490,0,0,0
lu2206,20220218,20220218,133321000,13:33:22,4137,20778,28991,864086490,0,0,0
lu2206,20220218,20220218,133321500,13:33:22,4137,20778,28991,864086490,0,0,0
lu2206,20220218,20220218,133322000,13:33:22,4137,20778,28991,864086490,0,0,0
lu2206,20220218,20220218,133322500,13:33:22,4137,20778,28991,864086490,0,0,0
lu2206,20220218,20220218,133323000,13:33:23,4137,20778,28991,864086490,0,0,0
lu2206,20220218,20220218,133323500,13:33:24,4138,20780,28992,864169240,2,1,82750
lu2206,20220218,20220218,133324000,13:33:24,4137,20781,28991,864210610,1,-1,41370
lu2206,20220218,20220218,133324500,13:33:25,4137,20781,28991,864210610,0,0,0
lu2206,20220218,20220218,133325000,13:33:26,4137,20781,28991,864210610,0,0,0
lu2206,20220218,20220218,133325500,13:33:27,4137,20781,28991,864210610,0,0,0
lu2206,20220218,20220218,133326000,13:33:28,4137,20781,28991,864210610,0,0,0
lu2206,20220218,20220218,133326500,13:33:29,4137,20781,28991,864210610,0,0,0
lu2206,20220218,20220218,133327000,13:33:29,4137,20782,28991,864251980,1,0,41370
lu2206,20220218,20220218,133328500,13:33:30,4137,20783,28991,864293350,1,0,41370
lu2206,20220218,20220218,133329000,13:33:30,4137,20783,28991,864293350,0,0,0
lu2206,20220218,20220218,133329500,13:33:30,4137,20783,28991,864293350,0,0,0
lu2206,20220218,20220218,133330000,13:33:30,4137,20783,28991,864293350,0,0,0
lu2206,20220218,20220218,133330500,13:33:31,4137,20783,28991,864293350,0,0,0
lu2206,20220218,20220218,133331000,13:33:32,4137,20783,28991,864293350,0,0,0
lu2206,20220218,20220218,133331500,13:33:32,4137,20783,28991,864293350,0,0,0
lu2206,20220218,20220218,133332000,13:33:32,4137,20783,28991,864293350,0,0,0
lu2206,20220218,20220218,133332500,13:33:33,4137,20783,28991,864293350,0,0,0
lu2206,20220218,20220218,133333000,13:33:33,4137,20783,28991,864293350,0,0,0
lu2206,20220218,20220218,133333500,13:33:33,4137,20784,28991,864334720,1,0,41370
lu2206,20220218,20220218,133334000,13:33:34,4137,20784,28991,864334720,0,0,0
lu2206,20220218,20220218,133334500,13:33:34,4137,20784,28991,864334720,0,0,0
lu2206,20220218,20220218,133335000,13:33:35,4137,20784,28991,864334720,0,0,0
lu2206,20220218,20220218,133335500,13:33:35,4137,20784,28991,864334720,0,0,0
lu2206,20220218,20220218,133336000,13:33:36,4137,20784,28991,864334720,0,0,0
lu2206,20220218,20220218,133336500,13:33:36,4137,20784,28991,864334720,0,0,0
lu2206,20220218,20220218,133337000,13:33:37,4137,20784,28991,864334720,0,0,0
lu2206,20220218,20220218,133337500,13:33:37,4137,20784,28991,864334720,0,0,0
lu2206,20220218,20220218,133338000,13:33:38,4137,20784,28991,864334720,0,0,0
lu2206,20220218,20220218,133338500,13:33:39,4137,20784,28991,864334720,0,0,0
lu2206,20220218,20220218,133339000,13:33:39,4137,20784,28991,864334720,0,0,0
lu2206,20220218,20220218,133339500,13:33:40,4137,20784,28991,864334720,0,0,0
lu2206,20220218,20220218,133340000,13:33:40,4137,20784,28991,864334720,0,0,0
lu2206,20220218,20220218,133340500,13:33:41,4138,20790,28991,864583000,6,0,248280
lu2206,20220218,20220218,133341000,13:33:41,4138,20793,28992,864707140,3,1,124140
lu2206,20220218,20220218,133341500,13:33:42,4138,20794,28992,864748520,1,0,41380
lu2206,20220218,20220218,133342000,13:33:42,4138,20794,28992,864748520,0,0,0
lu2206,20220218,20220218,133342500,13:33:42,4138,20794,28992,864748520,0,0,0
lu2206,20220218,20220218,133343000,13:33:43,4138,20794,28992,864748520,0,0,0
lu2206,20220218,20220218,133343500,13:33:44,4138,20794,28992,864748520,0,0,0
lu2206,20220218,20220218,133344000,13:33:45,4138,20794,28992,864748520,0,0,0
lu2206,20220218,20220218,133344500,13:33:45,4138,20794,28992,864748520,0,0,0
lu2206,20220218,20220218,133345000,13:33:45,4138,20794,28992,864748520,0,0,0
lu2206,20220218,20220218,133345500,13:33:47,4138,20794,28992,864748520,0,0,0
lu2206,20220218,20220218,133346000,13:33:47,4138,20794,28992,864748520,0,0,0
lu2206,20220218,20220218,133346500,13:33:48,4138,20794,28992,864748520,0,0,0
lu2206,20220218,20220218,133347000,13:33:48,4138,20794,28992,864748520,0,0,0
lu2206,20220218,20220218,133347500,13:33:49,4138,20794,28992,864748520,0,0,0
lu2206,20220218,20220218,133348000,13:33:49,4138,20794,28992,864748520,0,0,0
lu2206,20220218,20220218,133348500,13:33:49,4138,20794,28992,864748520,0,0,0
lu2206,20220218,20220218,133349000,13:33:50,4138,20794,28992,864748520,0,0,0
lu2206,20220218,20220218,133349500,13:33:50,4138,20794,28992,864748520,0,0,0
lu2206,20220218,20220218,133350000,13:33:50,4138,20794,28992,864748520,0,0,0
lu2206,20220218,20220218,133350500,13:33:50,4138,20794,28992,864748520,0,0,0
lu2206,20220218,20220218,133351000,13:33:51,4138,20794,28992,864748520,0,0,0
lu2206,20220218,20220218,133351500,13:33:52,4138,20794,28992,864748520,0,0,0
lu2206,20220218,20220218,133352000,13:33:52,4138,20794,28992,864748520,0,0,0
lu2206,20220218,20220218,133352500,13:33:53,4138,20794,28992,864748520,0,0,0
lu2206,20220218,20220218,133353000,13:33:53,4138,20794,28992,864748520,0,0,0
lu2206,20220218,20220218,133353500,13:33:53,4138,20794,28992,864748520,0,0,0
lu2206,20220218,20220218,133354000,13:33:54,4138,20794,28992,864748520,0,0,0
lu2206,20220218,20220218,133354500,13:33:55,4138,20794,28992,864748520,0,0,0
lu2206,20220218,20220218,133355000,13:33:56,4138,20794,28992,864748520,0,0,0
lu2206,20220218,20220218,133355500,13:33:56,4138,20794,28992,864748520,0,0,0
lu2206,20220218,20220218,133356000,13:33:57,4137,20796,28994,864831260,2,2,82740
lu2206,20220218,20220218,133356500,13:33:57,4137,20798,28994,864914000,2,0,82740
lu2206,20220218,20220218,133357000,13:33:57,4137,20799,28994,864955370,1,0,41370
lu2206,20220218,20220218,133357500,13:33:58,4137,20799,28994,864955370,0,0,0
lu2206,20220218,20220218,133358000,13:33:58,4137,20799,28994,864955370,0,0,0
lu2206,20220218,20220218,133358500,13:33:59,4137,20799,28994,864955370,0,0,0
lu2206,20220218,20220218,133359000,13:33:59,4137,20799,28994,864955370,0,0,0
lu2206,20220218,20220218,133359500,13:34:00,4137,20799,28994,864955370,0,0,0
lu2206,20220218,20220218,133400000,13:34:00,4137,20799,28994,864955370,0,0,0
lu2206,20220218,20220218,133400500,13:34:01,4137,20799,28994,864955370,0,0,0
lu2206,20220218,20220218,133401000,13:34:02,4137,20799,28994,864955370,0,0,0
lu2206,20220218,20220218,133401500,13:34:02,4137,20799,28994,864955370,0,0,0
lu2206,20220218,20220218,133402000,13:34:10,4138,20801,28996,865038130,2,2,82760
lu2206,20220218,20220218,133402500,13:34:10,4138,20802,28996,865079510,1,0,41380
lu2206,20220218,20220218,133403000,13:34:10,4138,20802,28996,865079510,0,0,0
lu2206,20220218,20220218,133410000,13:34:12,4138,20802,28996,865079510,0,0,0
lu2206,20220218,20220218,133410500,13:34:12,4138,20802,28996,865079510,0,0,0
lu2206,20220218,20220218,133411000,13:34:12,4138,20802,28996,865079510,0,0,0
lu2206,20220218,20220218,133411500,13:34:12,4138,20802,28996,865079510,0,0,0
lu2206,20220218,20220218,133412000,13:34:12,4138,20802,28996,865079510,0,0,0
lu2206,20220218,20220218,133412500,13:34:13,4138,20802,28996,865079510,0,0,0
lu2206,20220218,20220218,133413000,13:34:13,4138,20802,28996,865079510,0,0,0
lu2206,20220218,20220218,133413500,13:34:14,4138,20802,28996,865079510,0,0,0
lu2206,20220218,20220218,133414000,13:34:14,4138,20802,28996,865079510,0,0,0
lu2206,20220218,20220218,133414500,13:34:15,4138,20802,28996,865079510,0,0,0
lu2206,20220218,20220218,133415000,13:34:15,4138,20802,28996,865079510,0,0,0
lu2206,20220218,20220218,133415500,13:34:16,4138,20802,28996,865079510,0,0,0
lu2206,20220218,20220218,133416000,13:34:16,4138,20802,28996,865079510,0,0,0
lu2206,20220218,20220218,133416500,13:34:17,4138,20802,28996,865079510,0,0,0
lu2206,20220218,20220218,133417000,13:34:17,4138,20802,28996,865079510,0,0,0
lu2206,20220218,20220218,133417500,13:34:17,4138,20802,28996,865079510,0,0,0
lu2206,20220218,20220218,133418000,13:34:18,4138,20802,28996,865079510,0,0,0
lu2206,20220218,20220218,133418500,13:34:19,4138,20802,28996,865079510,0,0,0
lu2206,20220218,20220218,133419000,13:34:19,4138,20802,28996,865079510,0,0,0
lu2206,20220218,20220218,133419500,13:34:20,4138,20802,28996,865079510,0,0,0
lu2206,20220218,20220218,133420000,13:34:20,4138,20802,28996,865079510,0,0,0
lu2206,20220218,20220218,133420500,13:34:21,4138,20802,28996,865079510,0,0,0
lu2206,20220218,20220218,133421000,13:34:23,4138,20802,28996,865079510,0,0,0
lu2206,20220218,20220218,133421500,13:34:24,4138,20802,28996,865079510,0,0,0
lu2206,20220218,20220218,133423000,13:34:24,4138,20802,28996,865079510,0,0,0
lu2206,20220218,20220218,133423500,13:34:24,4138,20802,28996,865079510,0,0,0
lu2206,20220218,20220218,133424000,13:34:24,4138,20802,28996,865079510,0,0,0
lu2206,20220218,20220218,133424500,13:34:24,4138,20802,28996,865079510,0,0,0
lu2206,20220218,20220218,133425000,13:34:25,4138,20802,28996,865079510,0,0,0
lu2206,20220218,20220218,133425500,13:34:25,4138,20802,28996,865079510,0,0,0
lu2206,20220218,20220218,133426000,13:34:26,4138,20802,28996,865079510,0,0,0
lu2206,20220218,20220218,133426500,13:34:26,4138,20802,28996,865079510,0,0,0
lu2206,20220218,20220218,133427000,13:34:27,4138,20802,28996,865079510,0,0,0
lu2206,20220218,20220218,133427500,13:34:28,4138,20802,28996,865079510,0,0,0
lu2206,20220218,20220218,133428000,13:34:28,4138,20802,28996,865079510,0,0,0
lu2206,20220218,20220218,133428500,13:34:29,4138,20802,28996,865079510,0,0,0
lu2206,20220218,20220218,133429000,13:34:29,4138,20802,28996,865079510,0,0,0
lu2206,20220218,20220218,133429500,13:34:29,4138,20802,28996,865079510,0,0,0
lu2206,20220218,20220218,133430000,13:34:30,4138,20802,28996,865079510,0,0,0
lu2206,20220218,20220218,133430500,13:34:30,4138,20802,28996,865079510,0,0,0
lu2206,20220218,20220218,133431000,13:34:31,4138,20802,28996,865079510,0,0,0
lu2206,20220218,20220218,133431500,13:34:31,4138,20802,28996,865079510,0,0,0
lu2206,20220218,20220218,133432000,13:34:32,4138,20802,28996,865079510,0,0,0
lu2206,20220218,20220218,133432500,13:34:32,4138,20802,28996,865079510,0,0,0
lu2206,20220218,20220218,133433000,13:34:34,4138,20802,28996,865079510,0,0,0
lu2206,20220218,20220218,133433500,13:34:34,4138,20802,28996,865079510,0,0,0
lu2206,20220218,20220218,133434000,13:34:34,4138,20802,28996,865079510,0,0,0
lu2206,20220218,20220218,133434500,13:34:35,4138,20802,28996,865079510,0,0,0
lu2206,20220218,20220218,133435000,13:34:35,4138,20802,28996,865079510,0,0,0
lu2206,20220218,20220218,133435500,13:34:36,4138,20802,28996,865079510,0,0,0
lu2206,20220218,20220218,133436000,13:34:36,4138,20802,28996,865079510,0,0,0
lu2206,20220218,20220218,133436500,13:34:36,4137,20813,28997,865534580,11,1,455070
lu2206,20220218,20220218,133437000,13:34:37,4137,20814,28997,865575950,1,0,41370
lu2206,20220218,20220218,133437500,13:34:38,4137,20814,28997,865575950,0,0,0
lu2206,20220218,20220218,133438000,13:34:38,4137,20814,28997,865575950,0,0,0
lu2206,20220218,20220218,133438500,13:34:39,4137,20814,28997,865575950,0,0,0
lu2206,20220218,20220218,133439000,13:34:39,4137,20814,28997,865575950,0,0,0
lu2206,20220218,20220218,133439500,13:34:39,4137,20814,28997,865575950,0,0,0
lu2206,20220218,20220218,133440000,13:34:40,4137,20814,28997,865575950,0,0,0
lu2206,20220218,20220218,133440500,13:34:41,4137,20814,28997,865575950,0,0,0
lu2206,20220218,20220218,133441000,13:34:41,4137,20814,28997,865575950,0,0,0
lu2206,20220218,20220218,133441500,13:34:43,4137,20814,28997,865575950,0,0,0
lu2206,20220218,20220218,133442000,13:34:44,4137,20814,28997,865575950,0,0,0
lu2206,20220218,20220218,133442500,13:34:44,4137,20814,28997,865575950,0,0,0
lu2206,20220218,20220218,133443500,13:34:45,4137,20814,28997,865575950,0,0,0
lu2206,20220218,20220218,133444000,13:34:45,4137,20814,28997,865575950,0,0,0
lu2206,20220218,20220218,133444500,13:34:46,4137,20814,28997,865575950,0,0,0
lu2206,20220218,20220218,133445000,13:34:46,4137,20814,28997,865575950,0,0,0
lu2206,20220218,20220218,133445500,13:34:46,4137,20814,28997,865575950,0,0,0
lu2206,20220218,20220218,133446000,13:34:46,4137,20814,28997,865575950,0,0,0
lu2206,20220218,20220218,133446500,13:34:47,4137,20814,28997,865575950,0,0,0
lu2206,20220218,20220218,133447000,13:34:47,4137,20814,28997,865575950,0,0,0
lu2206,20220218,20220218,133447500,13:34:47,4137,20814,28997,865575950,0,0,0
lu2206,20220218,20220218,133448000,13:34:48,4137,20814,28997,865575950,0,0,0
lu2206,20220218,20220218,133448500,13:34:49,4137,20814,28997,865575950,0,0,0
lu2206,20220218,20220218,133449000,13:34:49,4137,20814,28997,865575950,0,0,0
lu2206,20220218,20220218,133449500,13:34:49,4137,20814,28997,865575950,0,0,0
lu2206,20220218,20220218,133450000,13:34:51,4137,20814,28997,865575950,0,0,0
lu2206,20220218,20220218,133450500,13:34:51,4137,20814,28997,865575950,0,0,0
lu2206,20220218,20220218,133451000,13:34:51,4137,20814,28997,865575950,0,0,0
lu2206,20220218,20220218,133451500,13:34:52,4137,20814,28997,865575950,0,0,0
lu2206,20220218,20220218,133452000,13:34:52,4137,20814,28997,865575950,0,0,0
lu2206,20220218,20220218,133452500,13:34:53,4137,20814,28997,865575950,0,0,0
lu2206,20220218,20220218,133453000,13:34:53,4137,20814,28997,865575950,0,0,0
lu2206,20220218,20220218,133453500,13:34:56,4137,20814,28997,865575950,0,0,0
lu2206,20220218,20220218,133454000,13:34:56,4137,20814,28997,865575950,0,0,0
lu2206,20220218,20220218,133454500,13:34:56,4137,20814,28997,865575950,0,0,0
lu2206,20220218,20220218,133455500,13:34:56,4137,20814,28997,865575950,0,0,0
lu2206,20220218,20220218,133456000,13:34:57,4137,20814,28997,865575950,0,0,0
lu2206,20220218,20220218,133456500,13:34:57,4137,20814,28997,865575950,0,0,0
lu2206,20220218,20220218,133457000,13:34:57,4137,20814,28997,865575950,0,0,0
lu2206,20220218,20220218,133457500,13:34:58,4137,20814,28997,865575950,0,0,0
lu2206,20220218,20220218,133458000,13:34:58,4137,20814,28997,865575950,0,0,0
lu2206,20220218,20220218,133458500,13:34:59,4137,20814,28997,865575950,0,0,0
lu2206,20220218,20220218,133459000,13:34:59,4137,20814,28997,865575950,0,0,0
lu2206,20220218,20220218,133459500,13:35:00,4137,20814,28997,865575950,0,0,0
lu2206,20220218,20220218,133500000,13:35:00,4137,20814,28997,865575950,0,0,0
lu2206,20220218,20220218,133500500,13:35:00,4137,20814,28997,865575950,0,0,0
lu2206,20220218,20220218,133501000,13:35:04,4137,20814,28997,865575950,0,0,0
lu2206,20220218,20220218,133501500,13:35:05,4137,20814,28997,865575950,0,0,0
lu2206,20220218,20220218,133502000,13:35:10,4137,20814,28997,865575950,0,0,0
lu2206,20220218,20220218,133504500,13:35:10,4137,20814,28997,865575950,0,0,0
lu2206,20220218,20220218,133510000,13:35:10,4137,20814,28997,865575950,0,0,0
lu2206,20220218,20220218,133510500,13:35:11,4137,20814,28997,865575950,0,0,0
lu2206,20220218,20220218,133511000,13:35:11,4137,20814,28997,865575950,0,0,0
lu2206,20220218,20220218,133511500,13:35:12,4137,20814,28997,865575950,0,0,0
lu2206,20220218,20220218,133512000,13:35:13,4137,20814,28997,865575950,0,0,0
lu2206,20220218,20220218,133512500,13:35:13,4137,20814,28997,865575950,0,0,0
lu2206,20220218,20220218,133513000,13:35:13,4137,20814,28997,865575950,0,0,0
lu2206,20220218,20220218,133513500,13:35:14,4136,20826,29001,866072290,12,4,496340
lu2206,20220218,20220218,133514000,13:35:14,4136,20827,29002,866113650,1,1,41360
lu2206,20220218,20220218,133514500,13:35:15,4136,20827,29002,866113650,0,0,0
lu2206,20220218,20220218,133515000,13:35:15,4136,20827,29002,866113650,0,0,0
lu2206,20220218,20220218,133515500,13:35:16,4136,20827,29002,866113650,0,0,0
lu2206,20220218,20220218,133516000,13:35:16,4136,20827,29002,866113650,0,0,0
lu2206,20220218,20220218,133516500,13:35:17,4136,20827,29002,866113650,0,0,0
lu2206,20220218,20220218,133517000,13:35:17,4136,20827,29002,866113650,0,0,0
lu2206,20220218,20220218,133517500,13:35:18,4136,20835,29006,866444530,8,4,330880
lu2206,20220218,20220218,133518000,13:35:19,4136,20835,29006,866444530,0,0,0
lu2206,20220218,20220218,133518500,13:35:19,4136,20835,29006,866444530,0,0,0
lu2206,20220218,20220218,133519000,13:35:19,4137,20837,29007,866527270,2,1,82740
lu2206,20220218,20220218,133519500,13:35:20,4137,20838,29006,866568640,1,-1,41370
lu2206,20220218,20220218,133520000,13:35:20,4137,20838,29006,866568640,0,0,0
lu2206,20220218,20220218,133520500,13:35:21,4137,20838,29006,866568640,0,0,0
lu2206,20220218,20220218,133521000,13:35:21,4137,20838,29006,866568640,0,0,0
lu2206,20220218,20220218,133521500,13:35:22,4137,20838,29006,866568640,0,0,0
lu2206,20220218,20220218,133522000,13:35:22,4137,20838,29006,866568640,0,0,0
lu2206,20220218,20220218,133522500,13:35:23,4137,20838,29006,866568640,0,0,0
lu2206,20220218,20220218,133523000,13:35:23,4137,20838,29006,866568640,0,0,0
lu2206,20220218,20220218,133523500,13:35:23,4137,20838,29006,866568640,0,0,0
lu2206,20220218,20220218,133524000,13:35:25,4138,20839,29007,866610020,1,1,41380
lu2206,20220218,20220218,133524500,13:35:25,4138,20839,29007,866610020,0,0,0
lu2206,20220218,20220218,133525000,13:35:26,4138,20839,29007,866610020,0,0,0
lu2206,20220218,20220218,133525500,13:35:26,4138,20839,29007,866610020,0,0,0
lu2206,20220218,20220218,133526000,13:35:26,4138,20839,29007,866610020,0,0,0
lu2206,20220218,20220218,133526500,13:35:27,4138,20839,29007,866610020,0,0,0
lu2206,20220218,20220218,133527000,13:35:31,4138,20839,29007,866610020,0,0,0
lu2206,20220218,20220218,133527500,13:35:31,4138,20839,29007,866610020,0,0,0
lu2206,20220218,20220218,133528000,13:35:32,4138,20839,29007,866610020,0,0,0
lu2206,20220218,20220218,133531000,13:35:33,4138,20839,29007,866610020,0,0,0
lu2206,20220218,20220218,133531500,13:35:41,4138,20839,29007,866610020,0,0,0
lu2206,20220218,20220218,133532000,13:35:42,4138,20839,29007,866610020,0,0,0
lu2206,20220218,20220218,133540500,13:35:43,4141,20849,29009,867024110,10,2,414090
lu2206,20220218,20220218,133542000,13:35:44,4141,20849,29009,867024110,0,0,0
lu2206,20220218,20220218,133542500,13:35:44,4141,20849,29009,867024110,0,0,0
lu2206,20220218,20220218,133543500,13:35:44,4141,20849,29009,867024110,0,0,0
lu2206,20220218,20220218,133544000,13:35:45,4141,20849,29009,867024110,0,0,0
lu2206,20220218,20220218,133544500,13:35:45,4141,20849,29009,867024110,0,0,0
lu2206,20220218,20220218,133545000,13:35:46,4141,20849,29009,867024110,0,0,0
lu2206,20220218,20220218,133545500,13:35:46,4141,20849,29009,867024110,0,0,0
lu2206,20220218,20220218,133546000,13:35:46,4141,20849,29009,867024110,0,0,0
lu2206,20220218,20220218,133546500,13:35:46,4141,20849,29009,867024110,0,0,0
lu2206,20220218,20220218,133547000,13:35:47,4141,20849,29009,867024110,0,0,0
lu2206,20220218,20220218,133547500,13:35:48,4141,20849,29009,867024110,0,0,0
lu2206,20220218,20220218,133548000,13:35:48,4141,20849,29009,867024110,0,0,0
lu2206,20220218,20220218,133548500,13:35:48,4141,20849,29009,867024110,0,0,0
lu2206,20220218,20220218,133549000,13:35:49,4141,20849,29009,867024110,0,0,0
lu2206,20220218,20220218,133549500,13:35:49,4142,20850,29009,867065530,1,0,41420
lu2206,20220218,20220218,133550000,13:35:50,4142,20850,29009,867065530,0,0,0
lu2206,20220218,20220218,133550500,13:35:50,4142,20850,29009,867065530,0,0,0
lu2206,20220218,20220218,133551000,13:35:51,4142,20850,29009,867065530,0,0,0
lu2206,20220218,20220218,133551500,13:35:52,4142,20850,29009,867065530,0,0,0
lu2206,20220218,20220218,133552000,13:35:52,4142,20850,29009,867065530,0,0,0
lu2206,20220218,20220218,133552500,13:35:52,4142,20850,29009,867065530,0,0,0
lu2206,20220218,20220218,133553000,13:35:55,4142,20850,29009,867065530,0,0,0
lu2206,20220218,20220218,133553500,13:35:55,4142,20850,29009,867065530,0,0,0
lu2206,20220218,20220218,133554000,13:35:55,4142,20850,29009,867065530,0,0,0
lu2206,20220218,20220218,133554500,13:35:55,4142,20850,29009,867065530,0,0,0
lu2206,20220218,20220218,133555000,13:35:56,4142,20850,29009,867065530,0,0,0
lu2206,20220218,20220218,133555500,13:35:56,4142,20850,29009,867065530,0,0,0
lu2206,20220218,20220218,133556000,13:35:56,4142,20850,29009,867065530,0,0,0
lu2206,20220218,20220218,133556500,13:35:58,4142,20850,29009,867065530,0,0,0
lu2206,20220218,20220218,133557000,13:35:59,4142,20850,29009,867065530,0,0,0
lu2206,20220218,20220218,133557500,13:36:01,4142,20850,29009,867065530,0,0,0
lu2206,20220218,20220218,133558000,13:36:01,4142,20850,29009,867065530,0,0,0
lu2206,20220218,20220218,133559500,13:36:03,4142,20853,29009,867189790,3,0,124260
lu2206,20220218,20220218,133601500,13:36:03,4142,20853,29009,867189790,0,0,0
lu2206,20220218,20220218,133602500,13:36:04,4142,20853,29009,867189790,0,0,0
lu2206,20220218,20220218,133603000,13:36:05,4142,20853,29009,867189790,0,0,0
lu2206,20220218,20220218,133603500,13:36:05,4142,20853,29009,867189790,0,0,0
lu2206,20220218,20220218,133605000,13:36:06,4142,20853,29009,867189790,0,0,0
lu2206,20220218,20220218,133605500,13:36:07,4142,20853,29009,867189790,0,0,0
lu2206,20220218,20220218,133606000,13:36:07,4142,20853,29009,867189790,0,0,0
lu2206,20220218,20220218,133606500,13:36:07,4142,20853,29009,867189790,0,0,0
lu2206,20220218,20220218,133607000,13:36:08,4142,20853,29009,867189790,0,0,0
lu2206,20220218,20220218,133607500,13:36:08,4142,20853,29009,867189790,0,0,0
lu2206,20220218,20220218,133608000,13:36:08,4142,20853,29009,867189790,0,0,0
lu2206,20220218,20220218,133608500,13:36:08,4142,20853,29009,867189790,0,0,0
lu2206,20220218,20220218,133609000,13:36:09,4142,20853,29009,867189790,0,0,0
lu2206,20220218,20220218,133609500,13:36:10,4142,20853,29009,867189790,0,0,0
lu2206,20220218,20220218,133610000,13:36:10,4142,20853,29009,867189790,0,0,0
lu2206,20220218,20220218,133610500,13:36:11,4142,20853,29009,867189790,0,0,0
lu2206,20220218,20220218,133611000,13:36:11,4142,20853,29009,867189790,0,0,0
lu2206,20220218,20220218,133611500,13:36:12,4142,20853,29009,867189790,0,0,0
lu2206,20220218,20220218,133612000,13:36:12,4142,20853,29009,867189790,0,0,0
lu2206,20220218,20220218,133612500,13:36:12,4142,20853,29009,867189790,0,0,0
lu2206,20220218,20220218,133613000,13:36:13,4142,20853,29009,867189790,0,0,0
lu2206,20220218,20220218,133613500,13:36:14,4142,20853,29009,867189790,0,0,0
lu2206,20220218,20220218,133614000,13:36:14,4142,20853,29009,867189790,0,0,0
lu2206,20220218,20220218,133614500,13:36:14,4142,20853,29009,867189790,0,0,0
lu2206,20220218,20220218,133615000,13:36:15,4142,20853,29009,867189790,0,0,0
lu2206,20220218,20220218,133615500,13:36:16,4142,20853,29009,867189790,0,0,0
lu2206,20220218,20220218,133616000,13:36:16,4143,20856,29010,867314060,3,1,124270
lu2206,20220218,20220218,133616500,13:36:17,4143,20856,29010,867314060,0,0,0
lu2206,20220218,20220218,133617000,13:36:18,4143,20856,29010,867314060,0,0,0
lu2206,20220218,20220218,133617500,13:36:19,4143,20856,29010,867314060,0,0,0
lu2206,20220218,20220218,133618000,13:36:19,4143,20856,29010,867314060,0,0,0
lu2206,20220218,20220218,133618500,13:36:19,4143,20856,29010,867314060,0,0,0
lu2206,20220218,20220218,133619000,13:36:19,4143,20856,29010,867314060,0,0,0
lu2206,20220218,20220218,133619500,13:36:20,4143,20856,29010,867314060,0,0,0
lu2206,20220218,20220218,133620000,13:36:20,4143,20856,29010,867314060,0,0,0
lu2206,20220218,20220218,133620500,13:36:20,4143,20856,29010,867314060,0,0,0
lu2206,20220218,20220218,133621000,13:36:21,4143,20856,29010,867314060,0,0,0
lu2206,20220218,20220218,133621500,13:36:22,4143,20856,29010,867314060,0,0,0
lu2206,20220218,20220218,133622000,13:36:22,4143,20856,29010,867314060,0,0,0
lu2206,20220218,20220218,133622500,13:36:22,4143,20856,29010,867314060,0,0,0
lu2206,20220218,20220218,133623000,13:36:23,4143,20856,29010,867314060,0,0,0
lu2206,20220218,20220218,133623500,13:36:23,4144,20857,29010,867355500,1,0,41440
lu2206,20220218,20220218,133624000,13:36:24,4144,20857,29010,867355500,0,0,0
lu2206,20220218,20220218,133624500,13:36:24,4144,20857,29010,867355500,0,0,0
lu2206,20220218,20220218,133625000,13:36:25,4144,20858,29010,867396940,1,0,41440
lu2206,20220218,20220218,133625500,13:36:26,4144,20858,29010,867396940,0,0,0
lu2206,20220218,20220218,133626000,13:36:26,4144,20858,29010,867396940,0,0,0
lu2206,20220218,20220218,133626500,13:36:27,4144,20858,29010,867396940,0,0,0
lu2206,20220218,20220218,133627000,13:36:28,4144,20858,29010,867396940,0,0,0
lu2206,20220218,20220218,133627500,13:36:28,4144,20858,29010,867396940,0,0,0
lu2206,20220218,20220218,133628000,13:36:28,4144,20859,29011,867438380,1,1,41440
lu2206,20220218,20220218,133628500,13:36:29,4144,20859,29011,867438380,0,0,0
lu2206,20220218,20220218,133629000,13:36:30,4144,20859,29011,867438380,0,0,0
lu2206,20220218,20220218,133629500,13:36:30,4144,20859,29011,867438380,0,0,0
lu2206,20220218,20220218,133630000,13:36:30,4144,20859,29011,867438380,0,0,0
lu2206,20220218,20220218,133630500,13:36:31,4144,20859,29011,867438380,0,0,0
lu2206,20220218,20220218,133631000,13:36:31,4144,20859,29011,867438380,0,0,0
lu2206,20220218,20220218,133631500,13:36:31,4144,20859,29011,867438380,0,0,0
lu2206,20220218,20220218,133632000,13:36:32,4144,20859,29011,867438380,0,0,0
lu2206,20220218,20220218,133632500,13:36:33,4144,20861,29011,867521260,2,0,82880
lu2206,20220218,20220218,133633000,13:36:33,4144,20861,29011,867521260,0,0,0
lu2206,20220218,20220218,133633500,13:36:33,4145,20862,29011,867562710,1,0,41450
lu2206,20220218,20220218,133634000,13:36:34,4145,20862,29011,867562710,0,0,0
lu2206,20220218,20220218,133634500,13:36:35,4145,20862,29011,867562710,0,0,0
lu2206,20220218,20220218,133635000,13:36:36,4145,20862,29011,867562710,0,0,0
lu2206,20220218,20220218,133635500,13:36:36,4145,20862,29011,867562710,0,0,0
lu2206,20220218,20220218,133636000,13:36:36,4145,20862,29011,867562710,0,0,0
lu2206,20220218,20220218,133636500,13:36:36,4145,20862,29011,867562710,0,0,0
lu2206,20220218,20220218,133637000,13:36:38,4144,20863,29011,867604150,1,0,41440
lu2206,20220218,20220218,133637500,13:36:38,4144,20863,29011,867604150,0,0,0
lu2206,20220218,20220218,133638000,13:36:39,4144,20863,29011,867604150,0,0,0
lu2206,20220218,20220218,133638500,13:36:39,4144,20863,29011,867604150,0,0,0
lu2206,20220218,20220218,133639000,13:36:39,4144,20863,29011,867604150,0,0,0
lu2206,20220218,20220218,133639500,13:36:39,4144,20863,29011,867604150,0,0,0
lu2206,20220218,20220218,133640000,13:36:40,4144,20863,29011,867604150,0,0,0
lu2206,20220218,20220218,133640500,13:36:40,4145,20864,29011,867645600,1,0,41450
lu2206,20220218,20220218,133641000,13:36:41,4145,20864,29011,867645600,0,0,0
lu2206,20220218,20220218,133641500,13:36:41,4145,20864,29011,867645600,0,0,0
lu2206,20220218,20220218,133642000,13:36:42,4145,20864,29011,867645600,0,0,0
lu2206,20220218,20220218,133642500,13:36:43,4145,20864,29011,867645600,0,0,0
lu2206,20220218,20220218,133643000,13:36:43,4145,20864,29011,867645600,0,0,0
lu2206,20220218,20220218,133643500,13:36:44,4145,20864,29011,867645600,0,0,0
lu2206,20220218,20220218,133644000,13:36:44,4145,20864,29011,867645600,0,0,0
lu2206,20220218,20220218,133644500,13:36:44,4145,20864,29011,867645600,0,0,0
lu2206,20220218,20220218,133645000,13:36:45,4145,20864,29011,867645600,0,0,0
lu2206,20220218,20220218,133645500,13:36:46,4145,20864,29011,867645600,0,0,0
lu2206,20220218,20220218,133646000,13:36:46,4145,20864,29011,867645600,0,0,0
lu2206,20220218,20220218,133646500,13:36:46,4145,20864,29011,867645600,0,0,0
lu2206,20220218,20220218,133647000,13:36:47,4145,20864,29011,867645600,0,0,0
lu2206,20220218,20220218,133647500,13:36:48,4145,20864,29011,867645600,0,0,0
lu2206,20220218,20220218,133648000,13:36:48,4145,20864,29011,867645600,0,0,0
lu2206,20220218,20220218,133648500,13:36:48,4145,20864,29011,867645600,0,0,0
lu2206,20220218,20220218,133649000,13:36:49,4145,20864,29011,867645600,0,0,0
lu2206,20220218,20220218,133649500,13:36:49,4145,20864,29011,867645600,0,0,0
lu2206,20220218,20220218,133650000,13:36:50,4145,20864,29011,867645600,0,0,0
lu2206,20220218,20220218,133650500,13:36:50,4145,20864,29011,867645600,0,0,0
lu2206,20220218,20220218,133651000,13:36:51,4145,20864,29011,867645600,0,0,0
lu2206,20220218,20220218,133651500,13:36:52,4145,20864,29011,867645600,0,0,0
lu2206,20220218,20220218,133652000,13:36:52,4145,20864,29011,867645600,0,0,0
lu2206,20220218,20220218,133652500,13:36:53,4145,20864,29011,867645600,0,0,0
lu2206,20220218,20220218,133653000,13:36:53,4145,20864,29011,867645600,0,0,0
lu2206,20220218,20220218,133653500,13:36:54,4144,20865,29011,867687040,1,0,41440
lu2206,20220218,20220218,133654000,13:36:54,4146,20867,29012,867769940,2,1,82900
lu2206,20220218,20220218,133654500,13:36:54,4144,20868,29012,867811380,1,0,41440
lu2206,20220218,20220218,133655000,13:36:55,4144,20870,29012,867894260,2,0,82880
lu2206,20220218,20220218,133655500,13:36:56,4144,20871,29013,867935700,1,1,41440
lu2206,20220218,20220218,133656000,13:36:56,4144,20872,29013,867977140,1,0,41440
lu2206,20220218,20220218,133656500,13:36:57,4144,20873,29013,868018580,1,0,41440
lu2206,20220218,20220218,133657000,13:36:58,4144,20874,29014,868060020,1,1,41440
lu2206,20220218,20220218,133657500,13:36:58,4144,20875,29014,868101460,1,0,41440
lu2206,20220218,20220218,133658000,13:36:58,4144,20882,29016,868391540,7,2,290080
lu2206,20220218,20220218,133658500,13:36:59,4144,20883,29017,868432980,1,1,41440
lu2206,20220218,20220218,133659000,13:36:59,4144,20885,29017,868515870,2,0,82890
lu2206,20220218,20220218,133659500,13:36:59,4144,20887,29018,868598750,2,1,82880
lu2206,20220218,20220218,133700000,13:37:00,4145,20891,29020,868764520,4,2,165770
lu2206,20220218,20220218,133700500,13:37:00,4143,20894,29021,868888830,3,1,124310
lu2206,20220218,20220218,133701000,13:37:01,4143,20896,29021,868971690,2,0,82860
lu2206,20220218,20220218,133701500,13:37:02,4143,20897,29021,869013120,1,0,41430
lu2206,20220218,20220218,133702000,13:37:02,4143,20904,29020,869303130,7,-1,290010
lu2206,20220218,20220218,133702500,13:37:03,4142,20907,29020,869427410,3,0,124280
lu2206,20220218,20220218,133703000,13:37:03,4142,20909,29020,869510260,2,0,82850
lu2206,20220218,20220218,133703500,13:37:03,4142,20910,29020,869551680,1,0,41420
lu2206,20220218,20220218,133704000,13:37:04,4142,20911,29020,869593100,1,0,41420
lu2206,20220218,20220218,133704500,13:37:05,4141,20916,29021,869800150,5,1,207050
lu2206,20220218,20220218,133705000,13:37:05,4141,20920,29022,869965790,4,1,165640
lu2206,20220218,20220218,133705500,13:37:07,4140,20922,29022,870048610,2,0,82820
lu2206,20220218,20220218,133706000,13:37:08,4140,20923,29023,870090010,1,1,41400
lu2206,20220218,20220218,133706500,13:37:08,4140,20927,29023,870255610,4,0,165600
lu2206,20220218,20220218,133707500,13:37:08,4141,20934,29024,870545440,7,1,289830
lu2206,20220218,20220218,133708000,13:37:08,4141,20934,29024,870545440,0,0,0
