nr2204,20220218,20220218,112004500,11:20:09,0,0,0,0,0,0,0
nr2204,20220218,20220218,112003200,11:20:10,11800,8771,15761,1025811100,8771,15761,1025811100
nr2204,20220218,20220218,112007500,11:20:10,11800,8772,15760,1025929100,1,-1,118000
nr2204,20220218,20220218,112008000,11:20:10,11800,8773,15759,1026047100,1,-1,118000
nr2204,20220218,20220218,112010000,11:20:10,11800,8774,15758,1026165100,1,-1,118000
nr2204,20220218,20220218,112010500,11:20:10,11800,8774,15758,1026165100,0,0,0
nr2204,20220218,20220218,112011000,11:20:11,11800,8774,15758,1026165100,0,0,0
nr2204,20220218,20220218,112011500,11:20:12,11795,8775,15757,1026283050,1,-1,117950
nr2204,20220218,20220218,112012000,11:20:12,11795,8775,15757,1026283050,0,0,0
nr2204,20220218,20220218,112013000,11:20:13,11800,8776,15756,1026401050,1,-1,118000
nr2204,20220218,20220218,112018500,11:20:18,11800,8777,15755,1026519050,1,-1,118000
nr2204,20220218,20220218,112025000,11:20:25,11800,8777,15755,1026519050,0,0,0
nr2204,20220218,20220218,112025500,11:20:26,11800,8777,15755,1026519050,0,0,0
nr2204,20220218,20220218,112026500,11:20:26,11800,8777,15755,1026519050,0,0,0
nr2204,20220218,20220218,112027000,11:20:27,11800,8777,15755,1026519050,0,0,0
nr2204,20220218,20220218,112027500,11:20:28,11795,8779,15753,1026755000,2,-2,235950
nr2204,20220218,20220218,112028000,11:20:28,11795,8779,15753,1026755000,0,0,0
nr2204,20220218,20220218,112028500,11:20:28,11790,8780,15754,1026872900,1,1,117900
nr2204,20220218,20220218,112029000,11:20:29,11790,8780,15754,1026872900,0,0,0
nr2204,20220218,20220218,112030500,11:20:31,11790,8780,15754,1026872900,0,0,0
nr2204,20220218,20220218,112031500,11:20:32,11790,8780,15754,1026872900,0,0,0
nr2204,20220218,20220218,112033000,11:20:33,11790,8780,15754,1026872900,0,0,0
nr2204,20220218,20220218,112033500,11:20:33,11790,8784,15752,1027344500,4,-2,471600
nr2204,20220218,20220218,112034000,11:20:34,11790,8784,15752,1027344500,0,0,0
nr2204,20220218,20220218,112035500,11:20:35,11795,8785,15752,1027462450,1,0,117950
nr2204,20220218,20220218,112036000,11:20:36,11795,8785,15752,1027462450,0,0,0
nr2204,20220218,20220218,112036500,11:20:37,11790,8786,15752,1027580350,1,0,117900
nr2204,20220218,20220218,112037000,11:20:37,11790,8787,15752,1027698250,1,0,117900
nr2204,20220218,20220218,112037500,11:20:38,11790,8788,15751,1027816150,1,-1,117900
nr2204,20220218,20220218,112038000,11:20:38,11790,8788,15751,1027816150,0,0,0
nr2204,20220218,20220218,112038500,11:20:38,11790,8789,15750,1027934050,1,-1,117900
nr2204,20220218,20220218,112039000,11:20:39,11790,8789,15750,1027934050,0,0,0
nr2204,20220218,20220218,112039500,11:20:40,11790,8789,15750,1027934050,0,0,0
nr2204,20220218,20220218,112040500,11:20:41,11790,8789,15750,1027934050,0,0,0
nr2204,20220218,20220218,112041000,11:20:41,11790,8790,15749,1028051950,1,-1,117900
nr2204,20220218,20220218,112044000,11:20:44,11790,8790,15749,1028051950,0,0,0
nr2204,20220218,20220218,112044500,11:20:45,11790,8790,15749,1028051950,0,0,0
nr2204,20220218,20220218,112045000,11:20:45,11790,8790,15749,1028051950,0,0,0
nr2204,20220218,20220218,112045500,11:20:46,11790,8790,15749,1028051950,0,0,0
nr2204,20220218,20220218,112046000,11:20:46,11785,8797,15755,1028876900,7,6,824950
nr2204,20220218,20220218,112046500,11:20:46,11785,8797,15755,1028876900,0,0,0
nr2204,20220218,20220218,112047000,11:20:48,11785,8798,15755,1028994750,1,0,117850
nr2204,20220218,20220218,112047500,11:20:48,11785,8798,15755,1028994750,0,0,0
nr2204,20220218,20220218,112048000,11:20:48,11785,8798,15755,1028994750,0,0,0
nr2204,20220218,20220218,112048500,11:20:50,11785,8798,15755,1028994750,0,0,0
nr2204,20220218,20220218,112049000,11:20:50,11780,8808,15753,1030172750,10,-2,1178000
nr2204,20220218,20220218,112049500,11:20:50,11780,8811,15753,1030526150,3,0,353400
nr2204,20220218,20220218,112050500,11:20:51,11780,8814,15751,1030879550,3,-2,353400
nr2204,20220218,20220218,112051000,11:20:51,11780,8814,15751,1030879550,0,0,0
nr2204,20220218,20220218,112051500,11:20:51,11780,8814,15751,1030879550,0,0,0
nr2204,20220218,20220218,112052000,11:20:53,11775,8821,15757,1031703800,7,6,824250
nr2204,20220218,20220218,112052500,11:20:53,11775,8822,15757,1031821550,1,0,117750
nr2204,20220218,20220218,112053000,11:20:53,11775,8824,15756,1032057050,2,-1,235500
nr2204,20220218,20220218,112053500,11:20:53,11775,8824,15756,1032057050,0,0,0
nr2204,20220218,20220218,112054000,11:20:54,11775,8824,15756,1032057050,0,0,0
nr2204,20220218,20220218,112054500,11:20:55,11775,8824,15756,1032057050,0,0,0
nr2204,20220218,20220218,112055000,11:20:55,11775,8824,15756,1032057050,0,0,0
nr2204,20220218,20220218,112055500,11:20:56,11775,8824,15756,1032057050,0,0,0
nr2204,20220218,20220218,112056000,11:20:56,11775,8824,15756,1032057050,0,0,0
nr2204,20220218,20220218,112056500,11:20:56,11775,8824,15756,1032057050,0,0,0
nr2204,20220218,20220218,112057000,11:20:58,11780,8827,15755,1032410450,3,-1,353400
nr2204,20220218,20220218,112057500,11:20:58,11780,8827,15755,1032410450,0,0,0
nr2204,20220218,20220218,112058000,11:20:59,11780,8827,15755,1032410450,0,0,0
nr2204,20220218,20220218,112058500,11:20:59,11780,8827,15755,1032410450,0,0,0
nr2204,20220218,20220218,112059000,11:21:00,11780,8827,15755,1032410450,0,0,0
nr2204,20220218,20220218,112059500,11:21:00,11780,8827,15755,1032410450,0,0,0
nr2204,20220218,20220218,112100000,11:21:00,11780,8827,15755,1032410450,0,0,0
nr2204,20220218,20220218,112100500,11:21:01,11780,8827,15755,1032410450,0,0,0
nr2204,20220218,20220218,112101500,11:21:02,11785,8831,15754,1032881850,4,-1,471400
nr2204,20220218,20220218,112102000,11:21:02,11785,8832,15753,1032999700,1,-1,117850
nr2204,20220218,20220218,112102500,11:21:03,11785,8832,15753,1032999700,0,0,0
nr2204,20220218,20220218,112103000,11:21:03,11785,8832,15753,1032999700,0,0,0
nr2204,20220218,20220218,112103500,11:21:04,11785,8832,15753,1032999700,0,0,0
nr2204,20220218,20220218,112104000,11:21:04,11785,8832,15753,1032999700,0,0,0
nr2204,20220218,20220218,112104500,11:21:05,11785,8832,15753,1032999700,0,0,0
nr2204,20220218,20220218,112105000,11:21:06,11785,8832,15753,1032999700,0,0,0
nr2204,20220218,20220218,112105500,11:21:07,11785,8834,15753,1033235400,2,0,235700
nr2204,20220218,20220218,112106000,11:21:07,11785,8834,15753,1033235400,0,0,0
nr2204,20220218,20220218,112106500,11:21:09,11785,8834,15753,1033235400,0,0,0
nr2204,20220218,20220218,112107000,11:21:10,11785,8834,15753,1033235400,0,0,0
nr2204,20220218,20220218,112107500,11:21:10,11785,8834,15753,1033235400,0,0,0
nr2204,20220218,20220218,112108000,11:21:10,11785,8834,15753,1033235400,0,0,0
nr2204,20220218,20220218,112110000,11:21:10,11785,8834,15753,1033235400,0,0,0
nr2204,20220218,20220218,112111000,11:21:11,11785,8834,15753,1033235400,0,0,0
nr2204,20220218,20220218,112112500,11:21:13,11785,8834,15753,1033235400,0,0,0
nr2204,20220218,20220218,112113500,11:21:13,11785,8834,15753,1033235400,0,0,0
nr2204,20220218,20220218,112114000,11:21:14,11785,8834,15753,1033235400,0,0,0
nr2204,20220218,20220218,112114500,11:21:15,11785,8834,15753,1033235400,0,0,0
nr2204,20220218,20220218,112115000,11:21:15,11790,8838,15749,1033706850,4,-4,471450
nr2204,20220218,20220218,112115500,11:21:15,11790,8838,15749,1033706850,0,0,0
nr2204,20220218,20220218,112116000,11:21:16,11790,8838,15749,1033706850,0,0,0
nr2204,20220218,20220218,112116500,11:21:17,11785,8839,15749,1033824700,1,0,117850
nr2204,20220218,20220218,112117000,11:21:17,11785,8839,15749,1033824700,0,0,0
nr2204,20220218,20220218,112117500,11:21:18,11785,8839,15749,1033824700,0,0,0
nr2204,20220218,20220218,112118000,11:21:18,11785,8839,15749,1033824700,0,0,0
nr2204,20220218,20220218,112119000,11:21:19,11785,8839,15749,1033824700,0,0,0
nr2204,20220218,20220218,112119500,11:21:20,11790,8842,15750,1034178400,3,1,353700
nr2204,20220218,20220218,112120000,11:21:21,11790,8842,15750,1034178400,0,0,0
nr2204,20220218,20220218,112120500,11:21:22,11790,8842,15750,1034178400,0,0,0
nr2204,20220218,20220218,112121000,11:21:22,11790,8843,15749,1034296300,1,-1,117900
nr2204,20220218,20220218,112121500,11:21:22,11790,8847,15748,1034767900,4,-1,471600
nr2204,20220218,20220218,112122000,11:21:22,11790,8849,15747,1035003700,2,-1,235800
nr2204,20220218,20220218,112122500,11:21:22,11790,8853,15746,1035475300,4,-1,471600
nr2204,20220218,20220218,112123000,11:21:23,11790,8853,15746,1035475300,0,0,0
nr2204,20220218,20220218,112123500,11:21:24,11795,8869,15749,1037362350,16,3,1887050
nr2204,20220218,20220218,112124000,11:21:24,11805,8926,15740,1044088350,57,-9,6726000
nr2204,20220218,20220218,112124500,11:21:25,11800,8968,15750,1049044300,42,10,4955950
nr2204,20220218,20220218,112125000,11:21:33,11790,8990,15753,1051639000,22,3,2594700
nr2204,20220218,20220218,112125500,11:23:32,11790,8990,15753,1051639000,0,0,0
nr2204,20220218,20220218,112126000,11:23:33,11800,9001,15755,1052936250,11,2,1297250
nr2204,20220218,20220218,112126500,11:23:33,11805,9011,15750,1054116200,10,-5,1179950
nr2204,20220218,20220218,112332500,11:23:33,11805,9011,15750,1054116200,0,0,0
nr2204,20220218,20220218,112334000,11:23:34,11805,9011,15750,1054116200,0,0,0
nr2204,20220218,20220218,112334500,11:23:34,11805,9011,15750,1054116200,0,0,0
nr2204,20220218,20220218,112335000,11:23:35,11845,9428,15711,1103448450,417,-39,49332250
nr2204,20220218,20220218,112335500,11:23:35,11845,9429,15710,1103566900,1,-1,118450
nr2204,20220218,20220218,112336000,11:23:37,11845,9429,15710,1103566900,0,0,0
nr2204,20220218,20220218,112336500,11:23:38,11845,9429,15710,1103566900,0,0,0
nr2204,20220218,20220218,112337000,11:23:38,11845,9429,15710,1103566900,0,0,0
nr2204,20220218,20220218,112337500,11:23:38,11845,9429,15710,1103566900,0,0,0
nr2204,20220218,20220218,112338000,11:23:38,11845,9429,15710,1103566900,0,0,0
nr2204,20220218,20220218,112338500,11:23:38,11850,9430,15710,1103685400,1,0,118500
nr2204,20220218,20220218,112339000,11:23:39,11850,9432,15710,1103922400,2,0,237000
nr2204,20220218,20220218,112339500,11:23:39,11850,9432,15710,1103922400,0,0,0
nr2204,20220218,20220218,112340000,11:23:40,11855,9437,15713,1104514950,5,3,592550
nr2204,20220218,20220218,112340500,11:23:40,11850,9439,15713,1104751950,2,0,237000
nr2204,20220218,20220218,112341000,11:23:41,11850,9439,15713,1104751950,0,0,0
nr2204,20220218,20220218,112341500,11:23:42,11855,9441,15711,1104989000,2,-2,237050
nr2204,20220218,20220218,112342000,11:23:42,11855,9441,15711,1104989000,0,0,0
nr2204,20220218,20220218,112342500,11:23:42,11850,9444,15714,1105344500,3,3,355500
nr2204,20220218,20220218,112343000,11:23:43,11850,9445,15715,1105463000,1,1,118500
nr2204,20220218,20220218,112343500,11:23:43,11850,9445,15715,1105463000,0,0,0
nr2204,20220218,20220218,112344000,11:23:48,11855,9451,15709,1106174300,6,-6,711300
nr2204,20220218,20220218,112344500,11:23:48,11855,9451,15709,1106174300,0,0,0
nr2204,20220218,20220218,112345000,11:23:48,11855,9451,15709,1106174300,0,0,0
nr2204,20220218,20220218,112345500,11:23:48,11855,9451,15709,1106174300,0,0,0
nr2204,20220218,20220218,112348000,11:23:48,11860,9474,15717,1108901550,23,8,2727250
nr2204,20220218,20220218,112348500,11:23:49,11860,9474,15717,1108901550,0,0,0
nr2204,20220218,20220218,112349000,11:23:49,11855,9476,15718,1109138650,2,1,237100
nr2204,20220218,20220218,112349500,11:23:50,11855,9477,15718,1109257200,1,0,118550
nr2204,20220218,20220218,112350000,11:23:50,11860,9485,15720,1110205950,8,2,948750
nr2204,20220218,20220218,112350500,11:23:50,11860,9488,15721,1110561750,3,1,355800
nr2204,20220218,20220218,112351000,11:23:51,11860,9488,15721,1110561750,0,0,0
nr2204,20220218,20220218,112351500,11:23:51,11860,9488,15721,1110561750,0,0,0
nr2204,20220218,20220218,112352000,11:23:52,11855,9494,15722,1111273050,6,1,711300
nr2204,20220218,20220218,112352500,11:23:52,11860,9496,15721,1111510200,2,-1,237150
nr2204,20220218,20220218,112353000,11:23:53,11860,9502,15719,1112221800,6,-2,711600
nr2204,20220218,20220218,112353500,11:23:53,11860,9504,15718,1112459000,2,-1,237200
nr2204,20220218,20220218,112354000,11:23:54,11865,9507,15717,1112814850,3,-1,355850
nr2204,20220218,20220218,112354500,11:23:55,11860,9508,15716,1112933450,1,-1,118600
nr2204,20220218,20220218,112355000,11:23:55,11860,9509,15715,1113052050,1,-1,118600
nr2204,20220218,20220218,112355500,11:23:55,11860,9515,15717,1113763400,6,2,711350
nr2204,20220218,20220218,112356000,11:23:56,11860,9520,15717,1114356300,5,0,592900
nr2204,20220218,20220218,112356500,11:23:56,11865,9523,15717,1114712150,3,0,355850
nr2204,20220218,20220218,112357000,11:23:57,11865,9524,15717,1114830800,1,0,118650
nr2204,20220218,20220218,112357500,11:23:57,11865,9526,15718,1115068050,2,1,237250
nr2204,20220218,20220218,112358000,11:23:58,11865,9527,15718,1115186700,1,0,118650
nr2204,20220218,20220218,112358500,11:23:58,11865,9528,15718,1115305350,1,0,118650
nr2204,20220218,20220218,112359000,11:23:59,11865,9530,15718,1115542650,2,0,237300
nr2204,20220218,20220218,112359500,11:23:59,11860,9537,15713,1116373200,7,-5,830550
nr2204,20220218,20220218,112400000,11:24:00,11865,9538,15713,1116491850,1,0,118650
nr2204,20220218,20220218,112400500,11:24:00,11865,9538,15713,1116491850,0,0,0
nr2204,20220218,20220218,112401000,11:24:01,11870,9540,15712,1116729250,2,-1,237400
nr2204,20220218,20220218,112401500,11:24:01,11870,9544,15710,1117203950,4,-2,474700
nr2204,20220218,20220218,112402000,11:24:02,11870,9545,15711,1117322650,1,1,118700
nr2204,20220218,20220218,112402500,11:24:02,11870,9545,15711,1117322650,0,0,0
nr2204,20220218,20220218,112403500,11:24:04,11870,9545,15711,1117322650,0,0,0
nr2204,20220218,20220218,112404000,11:24:04,11870,9545,15711,1117322650,0,0,0
nr2204,20220218,20220218,112404500,11:24:04,11870,9545,15711,1117322650,0,0,0
nr2204,20220218,20220218,112405000,11:24:05,11870,9545,15711,1117322650,0,0,0
nr2204,20220218,20220218,112405500,11:24:05,11865,9549,15709,1117797250,4,-2,474600
nr2204,20220218,20220218,112406000,11:24:06,11870,9555,15703,1118509200,6,-6,711950
nr2204,20220218,20220218,112406500,11:24:06,11870,9555,15703,1118509200,0,0,0
nr2204,20220218,20220218,112407000,11:24:07,11870,9555,15703,1118509200,0,0,0
nr2204,20220218,20220218,112407500,11:24:08,11870,9556,15702,1118627900,1,-1,118700
nr2204,20220218,20220218,112408000,11:24:08,11870,9556,15702,1118627900,0,0,0
nr2204,20220218,20220218,112408500,11:24:08,11870,9556,15702,1118627900,0,0,0
nr2204,20220218,20220218,112409000,11:24:09,11870,9561,15699,1119221400,5,-3,593500
nr2204,20220218,20220218,112409500,11:24:11,11870,9561,15699,1119221400,0,0,0
nr2204,20220218,20220218,112410000,11:24:12,11870,9561,15699,1119221400,0,0,0
nr2204,20220218,20220218,112410500,11:24:12,11870,9561,15699,1119221400,0,0,0
nr2204,20220218,20220218,112411000,11:24:12,11865,9564,15697,1119577450,3,-2,356050
nr2204,20220218,20220218,112411500,11:24:12,11865,9564,15697,1119577450,0,0,0
nr2204,20220218,20220218,112412000,11:24:12,11870,9565,15696,1119696150,1,-1,118700
nr2204,20220218,20220218,112412500,11:24:13,11870,9565,15696,1119696150,0,0,0
nr2204,20220218,20220218,112413000,11:24:13,11865,9567,15697,1119933450,2,1,237300
nr2204,20220218,20220218,112413500,11:24:14,11865,9567,15697,1119933450,0,0,0
nr2204,20220218,20220218,112414000,11:24:14,11865,9567,15697,1119933450,0,0,0
nr2204,20220218,20220218,112414500,11:24:15,11865,9567,15697,1119933450,0,0,0
nr2204,20220218,20220218,112415500,11:24:15,11865,9567,15697,1119933450,0,0,0
nr2204,20220218,20220218,112416000,11:24:16,11865,9567,15697,1119933450,0,0,0
nr2204,20220218,20220218,112416500,11:24:17,11865,9567,15697,1119933450,0,0,0
nr2204,20220218,20220218,112418000,11:24:18,11865,9567,15697,1119933450,0,0,0
nr2204,20220218,20220218,112419000,11:24:19,11870,9568,15696,1120052150,1,-1,118700
nr2204,20220218,20220218,112420000,11:24:20,11870,9571,15697,1120408250,3,1,356100
nr2204,20220218,20220218,112420500,11:24:21,11870,9580,15705,1121476550,9,8,1068300
nr2204,20220218,20220218,112421000,11:24:21,11870,9580,15705,1121476550,0,0,0
nr2204,20220218,20220218,112421500,11:24:22,11870,9580,15705,1121476550,0,0,0
nr2204,20220218,20220218,112422000,11:24:22,11870,9580,15705,1121476550,0,0,0
nr2204,20220218,20220218,112422500,11:24:23,11870,9580,15705,1121476550,0,0,0
nr2204,20220218,20220218,112423000,11:24:23,11870,9580,15705,1121476550,0,0,0
nr2204,20220218,20220218,112423500,11:24:23,11870,9582,15703,1121713950,2,-2,237400
nr2204,20220218,20220218,112424000,11:24:24,11870,9582,15703,1121713950,0,0,0
nr2204,20220218,20220218,112424500,11:24:24,11870,9582,15703,1121713950,0,0,0
nr2204,20220218,20220218,112426000,11:24:26,11870,9582,15703,1121713950,0,0,0
nr2204,20220218,20220218,112426500,11:24:26,11870,9582,15703,1121713950,0,0,0
nr2204,20220218,20220218,112427000,11:24:27,11865,9590,15705,1122663150,8,2,949200
nr2204,20220218,20220218,112427500,11:24:28,11865,9594,15705,1123137750,4,0,474600
nr2204,20220218,20220218,112428000,11:24:28,11865,9595,15706,1123256400,1,1,118650
nr2204,20220218,20220218,112428500,11:24:28,11860,9604,15710,1124323800,9,4,1067400
nr2204,20220218,20220218,112429000,11:24:29,11860,9608,15712,1124798200,4,2,474400
nr2204,20220218,20220218,112429500,11:24:29,11860,9609,15712,1124916800,1,0,118600
nr2204,20220218,20220218,112430000,11:24:30,11860,9609,15712,1124916800,0,0,0
nr2204,20220218,20220218,112430500,11:24:30,11860,9609,15712,1124916800,0,0,0
nr2204,20220218,20220218,112431000,11:24:31,11865,9610,15712,1125035450,1,0,118650
nr2204,20220218,20220218,112431500,11:24:31,11865,9612,15712,1125272750,2,0,237300
nr2204,20220218,20220218,112432000,11:24:32,11865,9613,15712,1125391400,1,0,118650
nr2204,20220218,20220218,112432500,11:24:32,11865,9615,15712,1125628700,2,0,237300
nr2204,20220218,20220218,112433000,11:24:33,11865,9617,15712,1125866000,2,0,237300
nr2204,20220218,20220218,112433500,11:24:33,11865,9619,15712,1126103300,2,0,237300
nr2204,20220218,20220218,112434000,11:24:34,11865,9620,15712,1126221950,1,0,118650
nr2204,20220218,20220218,112434500,11:24:34,11865,9622,15712,1126459250,2,0,237300
nr2204,20220218,20220218,112435000,11:24:35,11865,9623,15712,1126577900,1,0,118650
nr2204,20220218,20220218,112435500,11:24:35,11870,9642,15719,1128832300,19,7,2254400
nr2204,20220218,20220218,112436000,11:24:36,11870,9644,15718,1129069650,2,-1,237350
nr2204,20220218,20220218,112436500,11:24:36,11870,9644,15718,1129069650,0,0,0
nr2204,20220218,20220218,112437000,11:24:37,11870,9645,15718,1129188350,1,0,118700
nr2204,20220218,20220218,112437500,11:24:37,11870,9646,15717,1129307050,1,-1,118700
nr2204,20220218,20220218,112438000,11:24:39,11870,9646,15717,1129307050,0,0,0
nr2204,20220218,20220218,112438500,11:24:40,11865,9647,15716,1129425700,1,-1,118650
nr2204,20220218,20220218,112439000,11:24:40,11865,9647,15716,1129425700,0,0,0
nr2204,20220218,20220218,112440000,11:24:40,11865,9647,15716,1129425700,0,0,0
nr2204,20220218,20220218,112440500,11:24:40,11870,9649,15716,1129663100,2,0,237400
nr2204,20220218,20220218,112441000,11:24:41,11870,9649,15716,1129663100,0,0,0
nr2204,20220218,20220218,112441500,11:24:41,11875,9652,15716,1130019250,3,0,356150
nr2204,20220218,20220218,112442000,11:24:42,11875,9652,15716,1130019250,0,0,0
nr2204,20220218,20220218,112442500,11:24:42,11875,9652,15716,1130019250,0,0,0
nr2204,20220218,20220218,112443000,11:24:43,11875,9652,15716,1130019250,0,0,0
nr2204,20220218,20220218,112443500,11:24:43,11870,9655,15714,1130375350,3,-2,356100
nr2204,20220218,20220218,112444000,11:24:44,11870,9655,15714,1130375350,0,0,0
nr2204,20220218,20220218,112444500,11:24:44,11870,9656,15713,1130494050,1,-1,118700
nr2204,20220218,20220218,112445000,11:24:45,11870,9657,15713,1130612750,1,0,118700
nr2204,20220218,20220218,112445500,11:24:45,11875,9659,15712,1130850200,2,-1,237450
nr2204,20220218,20220218,112446000,11:24:46,11875,9659,15712,1130850200,0,0,0
nr2204,20220218,20220218,112446500,11:24:46,11875,9659,15712,1130850200,0,0,0
nr2204,20220218,20220218,112447000,11:24:47,11875,9659,15712,1130850200,0,0,0
nr2204,20220218,20220218,112447500,11:24:47,11875,9663,15709,1131325200,4,-3,475000
nr2204,20220218,20220218,112448000,11:24:48,11875,9663,15709,1131325200,0,0,0
nr2204,20220218,20220218,112448500,11:24:49,11880,9664,15708,1131444000,1,-1,118800
nr2204,20220218,20220218,112449000,11:24:49,11880,9664,15708,1131444000,0,0,0
nr2204,20220218,20220218,112449500,11:24:49,11880,9664,15708,1131444000,0,0,0
nr2204,20220218,20220218,112450000,11:24:50,11880,9664,15708,1131444000,0,0,0
nr2204,20220218,20220218,112450500,11:24:50,11880,9669,15703,1132038000,5,-5,594000
nr2204,20220218,20220218,112451000,11:24:51,11880,9669,15703,1132038000,0,0,0
nr2204,20220218,20220218,112451500,11:24:52,11880,9669,15703,1132038000,0,0,0
nr2204,20220218,20220218,112452000,11:24:52,11880,9669,15703,1132038000,0,0,0
nr2204,20220218,20220218,112452500,11:24:52,11880,9671,15703,1132275600,2,0,237600
nr2204,20220218,20220218,112453000,11:24:53,11880,9671,15703,1132275600,0,0,0
nr2204,20220218,20220218,112453500,11:24:53,11880,9671,15703,1132275600,0,0,0
nr2204,20220218,20220218,112454000,11:24:54,11880,9672,15703,1132394400,1,0,118800
nr2204,20220218,20220218,112454500,11:24:54,11880,9672,15703,1132394400,0,0,0
nr2204,20220218,20220218,112455000,11:24:55,11880,9672,15703,1132394400,0,0,0
nr2204,20220218,20220218,112455500,11:24:56,11880,9672,15703,1132394400,0,0,0
nr2204,20220218,20220218,112456000,11:24:56,11880,9672,15703,1132394400,0,0,0
nr2204,20220218,20220218,112456500,11:24:56,11880,9672,15703,1132394400,0,0,0
nr2204,20220218,20220218,112457000,11:24:57,11880,9672,15703,1132394400,0,0,0
nr2204,20220218,20220218,112457500,11:24:57,11880,9672,15703,1132394400,0,0,0
nr2204,20220218,20220218,112458000,11:24:58,11880,9673,15702,1132513200,1,-1,118800
nr2204,20220218,20220218,112458500,11:24:58,11880,9673,15702,1132513200,0,0,0
nr2204,20220218,20220218,112459000,11:24:59,11880,9679,15696,1133226000,6,-6,712800
nr2204,20220218,20220218,112459500,11:24:59,11880,9679,15696,1133226000,0,0,0
nr2204,20220218,20220218,112500000,11:25:00,11880,9681,15694,1133463600,2,-2,237600
nr2204,20220218,20220218,112500500,11:25:01,11880,9682,15694,1133582400,1,0,118800
nr2204,20220218,20220218,112501000,11:25:02,11870,9687,15694,1134176100,5,0,593700
nr2204,20220218,20220218,112501500,11:25:04,11875,9688,15694,1134294850,1,0,118750
nr2204,20220218,20220218,112502000,11:25:05,11875,9688,15694,1134294850,0,0,0
nr2204,20220218,20220218,112502500,11:25:06,11875,9688,15694,1134294850,0,0,0
nr2204,20220218,20220218,112504500,11:25:06,11880,9690,15693,1134532450,2,-1,237600
nr2204,20220218,20220218,112505500,11:25:06,11880,9691,15693,1134651250,1,0,118800
nr2204,20220218,20220218,112506000,11:25:07,11880,9691,15693,1134651250,0,0,0
nr2204,20220218,20220218,112506500,11:25:07,11880,9691,15693,1134651250,0,0,0
nr2204,20220218,20220218,112508000,11:25:08,11880,9691,15693,1134651250,0,0,0
nr2204,20220218,20220218,112508500,11:25:08,11880,9691,15693,1134651250,0,0,0
nr2204,20220218,20220218,112509000,11:25:09,11880,9691,15693,1134651250,0,0,0
nr2204,20220218,20220218,112509500,11:25:10,11880,9692,15692,1134770050,1,-1,118800
nr2204,20220218,20220218,112510000,11:25:10,11885,9694,15691,1135007700,2,-1,237650
nr2204,20220218,20220218,112510500,11:25:10,11885,9694,15691,1135007700,0,0,0
nr2204,20220218,20220218,112511000,11:25:11,11885,9694,15691,1135007700,0,0,0
nr2204,20220218,20220218,112511500,11:25:11,11885,9694,15691,1135007700,0,0,0
nr2204,20220218,20220218,112512000,11:25:12,11885,9694,15691,1135007700,0,0,0
nr2204,20220218,20220218,112512500,11:25:12,11885,9694,15691,1135007700,0,0,0
nr2204,20220218,20220218,112513500,11:25:15,11885,9694,15691,1135007700,0,0,0
nr2204,20220218,20220218,112516500,11:25:16,11885,9694,15691,1135007700,0,0,0
nr2204,20220218,20220218,112519500,11:25:20,11880,9701,15698,1135839300,7,7,831600
nr2204,20220218,20220218,112520000,11:25:21,11880,9702,15699,1135958100,1,1,118800
nr2204,20220218,20220218,112520500,11:25:21,11880,9706,15695,1136433300,4,-4,475200
nr2204,20220218,20220218,112521000,11:25:21,11880,9706,15695,1136433300,0,0,0
nr2204,20220218,20220218,112521500,11:25:22,11880,9712,15701,1137146100,6,6,712800
nr2204,20220218,20220218,112522000,11:25:22,11880,9712,15701,1137146100,0,0,0
nr2204,20220218,20220218,112522500,11:25:23,11880,9714,15703,1137383700,2,2,237600
nr2204,20220218,20220218,112523000,11:25:23,11880,9718,15707,1137858900,4,4,475200
nr2204,20220218,20220218,112523500,11:25:24,11880,9719,15707,1137977700,1,0,118800
nr2204,20220218,20220218,112524000,11:25:25,11880,9719,15707,1137977700,0,0,0
nr2204,20220218,20220218,112524500,11:25:25,11880,9719,15707,1137977700,0,0,0
nr2204,20220218,20220218,112525000,11:25:25,11880,9719,15707,1137977700,0,0,0
nr2204,20220218,20220218,112525500,11:25:26,11880,9719,15707,1137977700,0,0,0
nr2204,20220218,20220218,112526500,11:25:27,11885,9725,15702,1138690800,6,-5,713100
nr2204,20220218,20220218,112527000,11:25:28,11885,9725,15702,1138690800,0,0,0
nr2204,20220218,20220218,112527500,11:25:28,11885,9730,15702,1139285050,5,0,594250
nr2204,20220218,20220218,112528000,11:25:28,11885,9731,15702,1139403900,1,0,118850
nr2204,20220218,20220218,112528500,11:25:28,11885,9731,15702,1139403900,0,0,0
nr2204,20220218,20220218,112529000,11:25:29,11885,9731,15702,1139403900,0,0,0
nr2204,20220218,20220218,112529500,11:25:30,11885,9732,15701,1139522750,1,-1,118850
nr2204,20220218,20220218,112530000,11:25:31,11895,9746,15700,1141187300,14,-1,1664550
nr2204,20220218,20220218,112530500,11:25:31,11885,9754,15698,1142138600,8,-2,951300
nr2204,20220218,20220218,112531000,11:25:31,11890,9762,15698,1143089750,8,0,951150
nr2204,20220218,20220218,112531500,11:25:32,11890,9763,15697,1143208650,1,-1,118900
nr2204,20220218,20220218,112532000,11:25:32,11895,9766,15696,1143565400,3,-1,356750
nr2204,20220218,20220218,112532500,11:25:33,11900,9800,15688,1147609900,34,-8,4044500
nr2204,20220218,20220218,112533000,11:25:33,11895,9820,15687,1149989900,20,-1,2380000
nr2204,20220218,20220218,112533500,11:25:33,11895,9834,15684,1151655250,14,-3,1665350
nr2204,20220218,20220218,112534000,11:25:34,11895,9839,15682,1152249850,5,-2,594600
nr2204,20220218,20220218,112534500,11:25:36,11890,9844,15681,1152844350,5,-1,594500
nr2204,20220218,20220218,112535000,11:25:36,11885,9845,15680,1152963200,1,-1,118850
nr2204,20220218,20220218,112535500,11:25:37,11885,9845,15680,1152963200,0,0,0
nr2204,20220218,20220218,112536000,11:25:37,11890,9846,15680,1153082100,1,0,118900
nr2204,20220218,20220218,112536500,11:25:37,11890,9846,15680,1153082100,0,0,0
nr2204,20220218,20220218,112537000,11:25:38,11890,9846,15680,1153082100,0,0,0
nr2204,20220218,20220218,112537500,11:25:38,11890,9846,15680,1153082100,0,0,0
nr2204,20220218,20220218,112538000,11:25:38,11885,9851,15680,1153676350,5,0,594250
nr2204,20220218,20220218,112538500,11:25:39,11885,9852,15680,1153795200,1,0,118850
nr2204,20220218,20220218,112539000,11:25:39,11895,9860,15677,1154746450,8,-3,951250
nr2204,20220218,20220218,112539500,11:25:40,11895,9872,15676,1156173850,12,-1,1427400
nr2204,20220218,20220218,112540000,11:25:40,11895,9883,15676,1157482550,11,0,1308700
nr2204,20220218,20220218,112540500,11:25:40,11895,9887,15676,1157958400,4,0,475850
nr2204,20220218,20220218,112541000,11:25:41,11895,9890,15676,1158315250,3,0,356850
nr2204,20220218,20220218,112541500,11:25:41,11895,9892,15675,1158553150,2,-1,237900
nr2204,20220218,20220218,112542000,11:25:42,11890,9894,15673,1158790950,2,-2,237800
nr2204,20220218,20220218,112542500,11:25:43,11890,9895,15672,1158909850,1,-1,118900
nr2204,20220218,20220218,112543000,11:25:43,11890,9895,15672,1158909850,0,0,0
nr2204,20220218,20220218,112543500,11:25:43,11890,9896,15671,1159028750,1,-1,118900
nr2204,20220218,20220218,112544000,11:25:44,11895,9897,15671,1159147700,1,0,118950
nr2204,20220218,20220218,112544500,11:25:44,11900,9900,15670,1159504600,3,-1,356900
nr2204,20220218,20220218,112545000,11:25:45,11900,9911,15673,1160813500,11,3,1308900
nr2204,20220218,20220218,112545500,11:25:46,11905,9929,15674,1162956050,18,1,2142550
nr2204,20220218,20220218,112546000,11:25:47,11905,9929,15674,1162956050,0,0,0
nr2204,20220218,20220218,112546500,11:25:48,11900,9930,15675,1163075050,1,1,119000
nr2204,20220218,20220218,112547000,11:25:48,11900,9930,15675,1163075050,0,0,0
nr2204,20220218,20220218,112547500,11:25:48,11900,9932,15673,1163313050,2,-2,238000
nr2204,20220218,20220218,112548000,11:25:48,11900,9932,15673,1163313050,0,0,0
nr2204,20220218,20220218,112548500,11:25:48,11900,9938,15679,1164027050,6,6,714000
nr2204,20220218,20220218,112549000,11:25:49,11900,9939,15678,1164146050,1,-1,119000
nr2204,20220218,20220218,112549500,11:25:49,11900,9941,15677,1164384050,2,-1,238000
nr2204,20220218,20220218,112550000,11:25:50,11900,9941,15677,1164384050,0,0,0
nr2204,20220218,20220218,112550500,11:25:51,11900,9941,15677,1164384050,0,0,0
nr2204,20220218,20220218,112551000,11:25:51,11900,9942,15677,1164503050,1,0,119000
nr2204,20220218,20220218,112551500,11:25:51,11910,9950,15681,1165455500,8,4,952450
nr2204,20220218,20220218,112552000,11:25:52,11910,9957,15684,1166288900,7,3,833400
nr2204,20220218,20220218,112552500,11:25:53,11905,9960,15683,1166646050,3,-1,357150
nr2204,20220218,20220218,112553000,11:25:53,11900,9964,15682,1167122200,4,-1,476150
nr2204,20220218,20220218,112553500,11:25:54,11910,9965,15681,1167241300,1,-1,119100
nr2204,20220218,20220218,112554000,11:25:54,11905,9968,15683,1167598450,3,2,357150
nr2204,20220218,20220218,112554500,11:25:55,11905,9970,15682,1167836550,2,-1,238100
nr2204,20220218,20220218,112555000,11:25:56,11905,9971,15681,1167955600,1,-1,119050
nr2204,20220218,20220218,112555500,11:25:56,11905,9971,15681,1167955600,0,0,0
nr2204,20220218,20220218,112556000,11:25:57,11905,9971,15681,1167955600,0,0,0
nr2204,20220218,20220218,112556500,11:25:57,11905,9971,15681,1167955600,0,0,0
nr2204,20220218,20220218,112557000,11:25:57,11905,9971,15681,1167955600,0,0,0
nr2204,20220218,20220218,112557500,11:25:57,11905,9971,15681,1167955600,0,0,0
nr2204,20220218,20220218,112558000,11:25:59,11915,9983,15678,1169384650,12,-3,1429050
nr2204,20220218,20220218,112558500,11:25:59,11910,9987,15676,1169861050,4,-2,476400
nr2204,20220218,20220218,112559000,11:26:00,11910,9990,15676,1170218350,3,0,357300
nr2204,20220218,20220218,112559500,11:26:00,11910,9991,15675,1170337450,1,-1,119100
nr2204,20220218,20220218,112600000,11:26:00,11910,9993,15673,1170575700,2,-2,238250
nr2204,20220218,20220218,112600500,11:26:01,11910,9997,15670,1171052150,4,-3,476450
nr2204,20220218,20220218,112601000,11:26:01,11910,10002,15672,1171647450,5,2,595300
nr2204,20220218,20220218,112601500,11:26:02,11915,10009,15672,1172481450,7,0,834000
nr2204,20220218,20220218,112602000,11:26:03,11915,10012,15674,1172838900,3,2,357450
nr2204,20220218,20220218,112602500,11:26:03,11915,10013,15673,1172958050,1,-1,119150
nr2204,20220218,20220218,112603000,11:26:03,11915,10018,15672,1173553600,5,-1,595550
nr2204,20220218,20220218,112603500,11:26:04,11915,10018,15672,1173553600,0,0,0
nr2204,20220218,20220218,112604000,11:26:05,11910,10020,15670,1173791800,2,-2,238200
nr2204,20220218,20220218,112604500,11:26:05,11910,10020,15670,1173791800,0,0,0
nr2204,20220218,20220218,112605000,11:26:05,11910,10021,15670,1173910900,1,0,119100
nr2204,20220218,20220218,112605500,11:26:06,11915,10022,15670,1174030050,1,0,119150
nr2204,20220218,20220218,112606000,11:26:06,11915,10022,15670,1174030050,0,0,0
nr2204,20220218,20220218,112606500,11:26:07,11915,10022,15670,1174030050,0,0,0
nr2204,20220218,20220218,112607000,11:26:09,11905,10025,15668,1174387200,3,-2,357150
nr2204,20220218,20220218,112607500,11:26:09,11915,10029,15669,1174863700,4,1,476500
nr2204,20220218,20220218,112609000,11:26:10,11915,10029,15669,1174863700,0,0,0
nr2204,20220218,20220218,112609500,11:26:10,11915,10038,15664,1175935800,9,-5,1072100
nr2204,20220218,20220218,112610000,11:26:10,11915,10039,15663,1176054950,1,-1,119150
nr2204,20220218,20220218,112610500,11:26:11,11915,10039,15663,1176054950,0,0,0
nr2204,20220218,20220218,112611000,11:26:11,11915,10040,15663,1176174100,1,0,119150
nr2204,20220218,20220218,112611500,11:26:13,11915,10041,15662,1176293250,1,-1,119150
nr2204,20220218,20220218,112612000,11:26:14,11910,10044,15660,1176650550,3,-2,357300
nr2204,20220218,20220218,112612500,11:26:14,11915,10047,15659,1177007900,3,-1,357350
nr2204,20220218,20220218,112613000,11:26:15,11915,10051,15656,1177484400,4,-3,476500
nr2204,20220218,20220218,112613500,11:26:15,11910,10058,15652,1178318150,7,-4,833750
nr2204,20220218,20220218,112614000,11:26:15,11910,10059,15651,1178437250,1,-1,119100
nr2204,20220218,20220218,112614500,11:26:16,11910,10060,15651,1178556350,1,0,119100
nr2204,20220218,20220218,112615000,11:26:16,11910,10062,15651,1178794600,2,0,238250
nr2204,20220218,20220218,112615500,11:26:16,11910,10065,15651,1179151950,3,0,357350
nr2204,20220218,20220218,112616000,11:26:16,11910,10067,15649,1179390200,2,-2,238250
nr2204,20220218,20220218,112616500,11:26:17,11910,10070,15647,1179747550,3,-2,357350
nr2204,20220218,20220218,112617000,11:26:17,11910,10072,15648,1179985750,2,1,238200
nr2204,20220218,20220218,112617500,11:26:17,11910,10072,15648,1179985750,0,0,0
nr2204,20220218,20220218,112618000,11:26:18,11910,10073,15647,1180104850,1,-1,119100
nr2204,20220218,20220218,112618500,11:26:19,11915,10077,15649,1180581300,4,2,476450
nr2204,20220218,20220218,112619000,11:26:19,11910,10079,15648,1180819500,2,-1,238200
nr2204,20220218,20220218,112619500,11:26:20,11910,10079,15648,1180819500,0,0,0
nr2204,20220218,20220218,112620000,11:26:20,11910,10081,15647,1181057750,2,-1,238250
nr2204,20220218,20220218,112620500,11:26:20,11910,10083,15647,1181295950,2,0,238200
nr2204,20220218,20220218,112621000,11:26:21,11910,10083,15647,1181295950,0,0,0
nr2204,20220218,20220218,112621500,11:26:21,11910,10086,15649,1181653250,3,2,357300
nr2204,20220218,20220218,112622000,11:26:22,11910,10087,15648,1181772350,1,-1,119100
nr2204,20220218,20220218,112622500,11:26:23,11915,10089,15647,1182010600,2,-1,238250
nr2204,20220218,20220218,112623000,11:26:23,11910,10094,15643,1182606150,5,-4,595550
nr2204,20220218,20220218,112623500,11:26:23,11915,10095,15642,1182725300,1,-1,119150
nr2204,20220218,20220218,112624000,11:26:24,11910,10098,15640,1183082650,3,-2,357350
nr2204,20220218,20220218,112624500,11:26:24,11915,10099,15639,1183201800,1,-1,119150
nr2204,20220218,20220218,112625000,11:26:25,11910,10102,15639,1183559150,3,0,357350
nr2204,20220218,20220218,112625500,11:26:26,11915,10103,15638,1183678300,1,-1,119150
nr2204,20220218,20220218,112626000,11:26:26,11910,10105,15636,1183916550,2,-2,238250
nr2204,20220218,20220218,112626500,11:26:26,11910,10107,15635,1184154750,2,-1,238200
nr2204,20220218,20220218,112627000,11:26:27,11910,10111,15634,1184631200,4,-1,476450
nr2204,20220218,20220218,112627500,11:26:27,11915,10112,15634,1184750350,1,0,119150
nr2204,20220218,20220218,112628000,11:26:28,11910,10114,15634,1184988600,2,0,238250
nr2204,20220218,20220218,112628500,11:26:28,11915,10116,15634,1185226850,2,0,238250
nr2204,20220218,20220218,112629000,11:26:30,11915,10117,15634,1185346000,1,0,119150
nr2204,20220218,20220218,112629500,11:26:30,11910,10119,15633,1185584250,2,-1,238250
nr2204,20220218,20220218,112630000,11:26:31,11910,10122,15633,1185941600,3,0,357350
nr2204,20220218,20220218,112630500,11:26:31,11915,10123,15632,1186060750,1,-1,119150
nr2204,20220218,20220218,112631000,11:26:31,11910,10125,15630,1186299000,2,-2,238250
nr2204,20220218,20220218,112631500,11:26:32,11915,10127,15628,1186537300,2,-2,238300
nr2204,20220218,20220218,112632000,11:26:32,11915,10128,15627,1186656450,1,-1,119150
nr2204,20220218,20220218,112632500,11:26:32,11915,10130,15627,1186894750,2,0,238300
nr2204,20220218,20220218,112633000,11:26:33,11915,10130,15627,1186894750,0,0,0
nr2204,20220218,20220218,112633500,11:26:34,11915,10130,15627,1186894750,0,0,0
nr2204,20220218,20220218,112634000,11:26:36,11915,10130,15627,1186894750,0,0,0
nr2204,20220218,20220218,112634500,11:26:37,11915,10130,15627,1186894750,0,0,0
nr2204,20220218,20220218,112635000,11:26:37,11915,10132,15625,1187133050,2,-2,238300
nr2204,20220218,20220218,112635500,11:26:38,11915,10132,15625,1187133050,0,0,0
nr2204,20220218,20220218,112637000,11:26:54,11915,10135,15624,1187490500,3,-1,357450
nr2204,20220218,20220218,112637500,11:27:10,11915,10136,15623,1187609650,1,-1,119150
nr2204,20220218,20220218,112638000,11:27:10,11915,10137,15622,1187728800,1,-1,119150
nr2204,20220218,20220218,112653500,11:27:11,11915,10137,15622,1187728800,0,0,0
nr2204,20220218,20220218,112710000,11:27:12,11925,10211,15602,1196547700,74,-20,8818900
nr2204,20220218,20220218,112712000,11:27:13,11925,10212,15601,1196666950,1,-1,119250
nr2204,20220218,20220218,112712500,11:27:13,11925,10214,15599,1196905450,2,-2,238500
nr2204,20220218,20220218,112713000,11:27:14,11925,10214,15599,1196905450,0,0,0
nr2204,20220218,20220218,112713500,11:27:14,11925,10214,15599,1196905450,0,0,0
nr2204,20220218,20220218,112714000,11:27:15,11925,10214,15599,1196905450,0,0,0
nr2204,20220218,20220218,112714500,11:27:15,11925,10214,15599,1196905450,0,0,0
nr2204,20220218,20220218,112715000,11:27:16,11925,10214,15599,1196905450,0,0,0
nr2204,20220218,20220218,112715500,11:27:16,11925,10215,15598,1197024700,1,-1,119250
nr2204,20220218,20220218,112716000,11:27:17,11925,10225,15600,1198216750,10,2,1192050
nr2204,20220218,20220218,112716500,11:27:17,11920,10226,15601,1198335950,1,1,119200
nr2204,20220218,20220218,112717000,11:27:17,11925,10228,15600,1198574400,2,-1,238450
nr2204,20220218,20220218,112717500,11:27:17,11925,10231,15597,1198932150,3,-3,357750
nr2204,20220218,20220218,112718000,11:27:18,11930,10233,15597,1199170700,2,0,238550
nr2204,20220218,20220218,112718500,11:27:19,11930,10233,15597,1199170700,0,0,0
nr2204,20220218,20220218,112719000,11:27:19,11930,10233,15597,1199170700,0,0,0
nr2204,20220218,20220218,112719500,11:27:20,11930,10233,15597,1199170700,0,0,0
nr2204,20220218,20220218,112720500,11:27:21,11930,10233,15597,1199170700,0,0,0
nr2204,20220218,20220218,112721500,11:27:22,11925,10239,15595,1199886300,6,-2,715600
nr2204,20220218,20220218,112722000,11:27:22,11925,10240,15594,1200005550,1,-1,119250
nr2204,20220218,20220218,112722500,11:27:26,11930,10246,15593,1200721100,6,-1,715550
nr2204,20220218,20220218,112723000,11:27:26,11930,10246,15593,1200721100,0,0,0
nr2204,20220218,20220218,112723500,11:27:27,11925,10249,15592,1201078850,3,-1,357750
nr2204,20220218,20220218,112724000,11:27:27,11930,10252,15590,1201436650,3,-2,357800
nr2204,20220218,20220218,112726500,11:27:27,11925,10262,15585,1202628950,10,-5,1192300
nr2204,20220218,20220218,112727000,11:27:27,11920,10264,15586,1202867400,2,1,238450
nr2204,20220218,20220218,112727500,11:27:27,11925,10265,15585,1202986650,1,-1,119250
nr2204,20220218,20220218,112728000,11:27:28,11925,10266,15584,1203105900,1,-1,119250
nr2204,20220218,20220218,112728500,11:27:28,11925,10267,15583,1203225150,1,-1,119250
nr2204,20220218,20220218,112729000,11:27:29,11925,10268,15583,1203344400,1,0,119250
nr2204,20220218,20220218,112729500,11:27:30,11920,10275,15580,1204178950,7,-3,834550
nr2204,20220218,20220218,112730000,11:27:30,11920,10275,15580,1204178950,0,0,0
nr2204,20220218,20220218,112730500,11:27:31,11925,10276,15580,1204298200,1,0,119250
nr2204,20220218,20220218,112731000,11:27:33,11925,10276,15580,1204298200,0,0,0
nr2204,20220218,20220218,112731500,11:27:35,11920,10280,15579,1204775050,4,-1,476850
nr2204,20220218,20220218,112732000,11:27:36,11925,10288,15571,1205728700,8,-8,953650
nr2204,20220218,20220218,112732500,11:27:36,11920,10290,15573,1205967100,2,2,238400
nr2204,20220218,20220218,112735500,11:27:36,11920,10304,15571,1207635950,14,-2,1668850
nr2204,20220218,20220218,112736000,11:27:37,11915,10306,15573,1207874250,2,2,238300
nr2204,20220218,20220218,112736500,11:27:38,11915,10309,15576,1208231700,3,3,357450
nr2204,20220218,20220218,112737000,11:27:38,11910,10313,15575,1208708100,4,-1,476400
nr2204,20220218,20220218,112737500,11:27:38,11915,10316,15574,1209065500,3,-1,357400
nr2204,20220218,20220218,112738000,11:27:38,11915,10318,15573,1209303800,2,-1,238300
nr2204,20220218,20220218,112738500,11:27:39,11915,10319,15573,1209422950,1,0,119150
nr2204,20220218,20220218,112739000,11:27:39,11915,10320,15572,1209542100,1,-1,119150
nr2204,20220218,20220218,112739500,11:27:39,11920,10322,15571,1209780450,2,-1,238350
nr2204,20220218,20220218,112740000,11:27:40,11920,10322,15571,1209780450,0,0,0
nr2204,20220218,20220218,112740500,11:27:40,11915,10323,15571,1209899600,1,0,119150
nr2204,20220218,20220218,112741000,11:27:41,11915,10327,15570,1210376300,4,-1,476700
nr2204,20220218,20220218,112741500,11:27:42,11915,10327,15570,1210376300,0,0,0
nr2204,20220218,20220218,112742000,11:27:42,11915,10327,15570,1210376300,0,0,0
nr2204,20220218,20220218,112742500,11:27:43,11915,10327,15570,1210376300,0,0,0
nr2204,20220218,20220218,112743000,11:27:43,11915,10327,15570,1210376300,0,0,0
nr2204,20220218,20220218,112743500,11:27:44,11915,10327,15570,1210376300,0,0,0
nr2204,20220218,20220218,112744000,11:27:44,11910,10337,15569,1211567300,10,-1,1191000
nr2204,20220218,20220218,112744500,11:27:45,11910,10338,15569,1211686400,1,0,119100
nr2204,20220218,20220218,112745000,11:27:45,11910,10338,15569,1211686400,0,0,0
nr2204,20220218,20220218,112745500,11:27:46,11910,10338,15569,1211686400,0,0,0
nr2204,20220218,20220218,112746000,11:27:46,11910,10338,15569,1211686400,0,0,0
nr2204,20220218,20220218,112746500,11:27:47,11910,10338,15569,1211686400,0,0,0
nr2204,20220218,20220218,112747000,11:27:47,11910,10338,15569,1211686400,0,0,0
nr2204,20220218,20220218,112747500,11:27:48,11910,10338,15569,1211686400,0,0,0
nr2204,20220218,20220218,112748000,11:27:52,11915,10339,15568,1211805550,1,-1,119150
nr2204,20220218,20220218,112748500,11:27:54,11915,10340,15568,1211924700,1,0,119150
nr2204,20220218,20220218,112749000,11:27:54,11915,10341,15567,1212043850,1,-1,119150
nr2204,20220218,20220218,112749500,11:27:54,11915,10341,15567,1212043850,0,0,0
nr2204,20220218,20220218,112754000,11:27:54,11915,10341,15567,1212043850,0,0,0
nr2204,20220218,20220218,112755000,11:27:55,11915,10341,15567,1212043850,0,0,0
nr2204,20220218,20220218,112756000,11:27:56,11915,10341,15567,1212043850,0,0,0
nr2204,20220218,20220218,112757000,11:27:57,11915,10351,15562,1213235600,10,-5,1191750
nr2204,20220218,20220218,112757500,11:27:57,11920,10354,15560,1213593100,3,-2,357500
nr2204,20220218,20220218,112758000,11:27:58,11920,10354,15560,1213593100,0,0,0
nr2204,20220218,20220218,112758500,11:27:59,11920,10355,15559,1213712300,1,-1,119200
nr2204,20220218,20220218,112759000,11:27:59,11920,10356,15558,1213831500,1,-1,119200
nr2204,20220218,20220218,112759500,11:27:59,11925,10358,15557,1214069950,2,-1,238450
nr2204,20220218,20220218,112800000,11:28:00,11925,10358,15557,1214069950,0,0,0
nr2204,20220218,20220218,112800500,11:28:01,11925,10358,15557,1214069950,0,0,0
nr2204,20220218,20220218,112801000,11:28:01,11920,10359,15556,1214189150,1,-1,119200
nr2204,20220218,20220218,112801500,11:28:02,11920,10361,15554,1214427550,2,-2,238400
nr2204,20220218,20220218,112802000,11:28:03,11920,10362,15553,1214546750,1,-1,119200
nr2204,20220218,20220218,112802500,11:28:03,11920,10363,15552,1214665950,1,-1,119200
nr2204,20220218,20220218,112803000,11:28:04,11920,10363,15552,1214665950,0,0,0
nr2204,20220218,20220218,112803500,11:28:04,11925,10364,15551,1214785200,1,-1,119250
nr2204,20220218,20220218,112804000,11:28:04,11925,10369,15546,1215381450,5,-5,596250
nr2204,20220218,20220218,112804500,11:28:05,11925,10369,15546,1215381450,0,0,0
nr2204,20220218,20220218,112805000,11:28:06,11925,10371,15546,1215620000,2,0,238550
nr2204,20220218,20220218,112805500,11:28:06,11925,10371,15546,1215620000,0,0,0
nr2204,20220218,20220218,112806000,11:28:10,11925,10371,15546,1215620000,0,0,0
nr2204,20220218,20220218,112806500,11:28:10,11925,10371,15546,1215620000,0,0,0
nr2204,20220218,20220218,112807000,11:28:10,11925,10372,15546,1215739250,1,0,119250
nr2204,20220218,20220218,112807500,11:28:10,11925,10372,15546,1215739250,0,0,0
nr2204,20220218,20220218,112810000,11:28:11,11930,10377,15541,1216335750,5,-5,596500
nr2204,20220218,20220218,112810500,11:28:12,11930,10378,15540,1216455050,1,-1,119300
nr2204,20220218,20220218,112811000,11:28:12,11935,10380,15538,1216693700,2,-2,238650
nr2204,20220218,20220218,112811500,11:28:12,11930,10382,15538,1216932350,2,0,238650
nr2204,20220218,20220218,112812000,11:28:12,11930,10382,15538,1216932350,0,0,0
nr2204,20220218,20220218,112812500,11:28:13,11930,10385,15537,1217290250,3,-1,357900
nr2204,20220218,20220218,112813000,11:28:13,11930,10387,15537,1217528900,2,0,238650
nr2204,20220218,20220218,112813500,11:28:14,11930,10389,15535,1217767500,2,-2,238600
nr2204,20220218,20220218,112814000,11:28:14,11930,10389,15535,1217767500,0,0,0
nr2204,20220218,20220218,112814500,11:28:14,11925,10390,15536,1217886750,1,1,119250
nr2204,20220218,20220218,112815000,11:28:15,11925,10393,15537,1218244500,3,1,357750
nr2204,20220218,20220218,112815500,11:28:15,11925,10398,15535,1218840950,5,-2,596450
nr2204,20220218,20220218,112816000,11:28:16,11925,10398,15535,1218840950,0,0,0
nr2204,20220218,20220218,112816500,11:28:16,11925,10398,15535,1218840950,0,0,0
nr2204,20220218,20220218,112817000,11:28:17,11925,10398,15535,1218840950,0,0,0
nr2204,20220218,20220218,112817500,11:28:18,11925,10398,15535,1218840950,0,0,0
nr2204,20220218,20220218,112818000,11:28:18,11925,10398,15535,1218840950,0,0,0
nr2204,20220218,20220218,112818500,11:28:18,11925,10398,15535,1218840950,0,0,0
nr2204,20220218,20220218,112819000,11:28:19,11935,10401,15533,1219198950,3,-2,358000
nr2204,20220218,20220218,112819500,11:28:20,11930,10404,15533,1219556900,3,0,357950
nr2204,20220218,20220218,112820000,11:28:20,11930,10406,15532,1219795550,2,-1,238650
nr2204,20220218,20220218,112820500,11:28:21,11930,10408,15531,1220034200,2,-1,238650
nr2204,20220218,20220218,112821000,11:28:21,11930,10410,15530,1220272850,2,-1,238650
nr2204,20220218,20220218,112821500,11:28:22,11930,10412,15530,1220511500,2,0,238650
nr2204,20220218,20220218,112822000,11:28:22,11930,10414,15531,1220750150,2,1,238650
nr2204,20220218,20220218,112822500,11:28:22,11935,10418,15530,1221227500,4,-1,477350
nr2204,20220218,20220218,112823000,11:28:23,11930,10420,15530,1221466150,2,0,238650
nr2204,20220218,20220218,112823500,11:28:23,11930,10422,15530,1221704800,2,0,238650
nr2204,20220218,20220218,112824000,11:28:24,11930,10425,15528,1222062800,3,-2,358000
nr2204,20220218,20220218,112824500,11:28:25,11930,10428,15529,1222420750,3,1,357950
nr2204,20220218,20220218,112825000,11:28:25,11935,10432,15530,1222898050,4,1,477300
nr2204,20220218,20220218,112825500,11:28:25,11930,10435,15531,1223256000,3,1,357950
nr2204,20220218,20220218,112826000,11:28:26,11930,10437,15530,1223494650,2,-1,238650
nr2204,20220218,20220218,112826500,11:28:27,11930,10439,15530,1223733300,2,0,238650
nr2204,20220218,20220218,112827000,11:28:27,11930,10443,15532,1224210550,4,2,477250
nr2204,20220218,20220218,112827500,11:28:27,11930,10445,15532,1224449200,2,0,238650
nr2204,20220218,20220218,112828000,11:28:28,11935,10447,15532,1224687850,2,0,238650
nr2204,20220218,20220218,112828500,11:28:28,11930,10449,15532,1224926500,2,0,238650
nr2204,20220218,20220218,112829000,11:28:29,11930,10451,15533,1225165100,2,1,238600
nr2204,20220218,20220218,112829500,11:28:29,11930,10452,15532,1225284400,1,-1,119300
nr2204,20220218,20220218,112830000,11:28:30,11930,10455,15531,1225642300,3,-1,357900
nr2204,20220218,20220218,112830500,11:28:31,11930,10456,15530,1225761600,1,-1,119300
nr2204,20220218,20220218,112831000,11:28:31,11930,10456,15530,1225761600,0,0,0
nr2204,20220218,20220218,112831500,11:28:31,11930,10456,15530,1225761600,0,0,0
nr2204,20220218,20220218,112832000,11:28:33,11935,10460,15530,1226238850,4,0,477250
nr2204,20220218,20220218,112832500,11:28:33,11935,10460,15530,1226238850,0,0,0
nr2204,20220218,20220218,112833000,11:28:33,11930,10462,15528,1226477450,2,-2,238600
nr2204,20220218,20220218,112833500,11:28:34,11930,10464,15528,1226716050,2,0,238600
nr2204,20220218,20220218,112834000,11:28:34,11930,10464,15528,1226716050,0,0,0
nr2204,20220218,20220218,112835500,11:28:37,11930,10464,15528,1226716050,0,0,0
nr2204,20220218,20220218,112836000,11:28:37,11930,10464,15528,1226716050,0,0,0
nr2204,20220218,20220218,112836500,11:28:37,11925,10466,15528,1226954550,2,0,238500
nr2204,20220218,20220218,112837000,11:28:37,11925,10467,15528,1227073800,1,0,119250
nr2204,20220218,20220218,112837500,11:28:37,11925,10467,15528,1227073800,0,0,0
nr2204,20220218,20220218,112838000,11:28:38,11925,10467,15528,1227073800,0,0,0
nr2204,20220218,20220218,112838500,11:28:38,11925,10467,15528,1227073800,0,0,0
nr2204,20220218,20220218,112839000,11:28:40,11930,10468,15527,1227193100,1,-1,119300
nr2204,20220218,20220218,112839500,11:28:40,11930,10469,15527,1227312400,1,0,119300
nr2204,20220218,20220218,112840000,11:28:40,11930,10469,15527,1227312400,0,0,0
nr2204,20220218,20220218,112840500,11:28:40,11930,10469,15527,1227312400,0,0,0
nr2204,20220218,20220218,112841000,11:28:41,11935,10470,15526,1227431750,1,-1,119350
nr2204,20220218,20220218,112841500,11:28:41,11935,10470,15526,1227431750,0,0,0
nr2204,20220218,20220218,112842000,11:28:42,11935,10470,15526,1227431750,0,0,0
nr2204,20220218,20220218,112842500,11:28:42,11935,10470,15526,1227431750,0,0,0
nr2204,20220218,20220218,112843000,11:28:43,11935,10470,15526,1227431750,0,0,0
nr2204,20220218,20220218,112843500,11:28:44,11935,10470,15526,1227431750,0,0,0
nr2204,20220218,20220218,112844000,11:28:44,11935,10470,15526,1227431750,0,0,0
nr2204,20220218,20220218,112844500,11:28:44,11925,10476,15525,1228147250,6,-1,715500
nr2204,20220218,20220218,112845000,11:28:45,11925,10476,15525,1228147250,0,0,0
nr2204,20220218,20220218,112845500,11:28:46,11925,10477,15524,1228266500,1,-1,119250
nr2204,20220218,20220218,112846000,11:28:46,11930,10478,15523,1228385800,1,-1,119300
nr2204,20220218,20220218,112846500,11:28:46,11920,10480,15522,1228624250,2,-1,238450
nr2204,20220218,20220218,112847000,11:28:47,11920,10480,15522,1228624250,0,0,0
nr2204,20220218,20220218,112847500,11:28:48,11920,10482,15524,1228862650,2,2,238400
nr2204,20220218,20220218,112848000,11:28:48,11920,10483,15525,1228981850,1,1,119200
nr2204,20220218,20220218,112848500,11:28:48,11920,10483,15525,1228981850,0,0,0
nr2204,20220218,20220218,112849000,11:28:49,11920,10483,15525,1228981850,0,0,0
nr2204,20220218,20220218,112851000,11:28:51,11920,10483,15525,1228981850,0,0,0
nr2204,20220218,20220218,112851500,11:28:51,11920,10485,15525,1229220250,2,0,238400
nr2204,20220218,20220218,112852000,11:28:53,11920,10486,15525,1229339450,1,0,119200
nr2204,20220218,20220218,112852500,11:28:54,11920,10486,15525,1229339450,0,0,0
nr2204,20220218,20220218,112853000,11:28:54,11920,10488,15523,1229577850,2,-2,238400
nr2204,20220218,20220218,112853500,11:28:54,11925,10491,15521,1229935500,3,-2,357650
nr2204,20220218,20220218,112854000,11:28:54,11915,10495,15519,1230412150,4,-2,476650
nr2204,20220218,20220218,112854500,11:28:54,11915,10495,15519,1230412150,0,0,0
nr2204,20220218,20220218,112855000,11:28:55,11915,10496,15520,1230531300,1,1,119150
nr2204,20220218,20220218,112855500,11:28:56,11915,10498,15522,1230769600,2,2,238300
nr2204,20220218,20220218,112856000,11:28:56,11915,10500,15523,1231007900,2,1,238300
nr2204,20220218,20220218,112856500,11:28:56,11915,10501,15522,1231127050,1,-1,119150
nr2204,20220218,20220218,112857000,11:28:57,11920,10507,15518,1231842000,6,-4,714950
nr2204,20220218,20220218,112857500,11:28:58,11915,10508,15518,1231961150,1,0,119150
nr2204,20220218,20220218,112858000,11:28:59,11915,10508,15518,1231961150,0,0,0
nr2204,20220218,20220218,112858500,11:28:59,11915,10509,15519,1232080300,1,1,119150
nr2204,20220218,20220218,112859000,11:28:59,11915,10510,15520,1232199450,1,1,119150
nr2204,20220218,20220218,112859500,11:29:00,11915,10510,15520,1232199450,0,0,0
nr2204,20220218,20220218,112900000,11:29:00,11915,10511,15520,1232318600,1,0,119150
nr2204,20220218,20220218,112900500,11:29:01,11915,10511,15520,1232318600,0,0,0
nr2204,20220218,20220218,112901000,11:29:01,11915,10512,15519,1232437750,1,-1,119150
nr2204,20220218,20220218,112901500,11:29:01,11915,10512,15519,1232437750,0,0,0
nr2204,20220218,20220218,112902000,11:29:03,11915,10513,15518,1232556900,1,-1,119150
nr2204,20220218,20220218,112902500,11:29:03,11915,10513,15518,1232556900,0,0,0
nr2204,20220218,20220218,112903000,11:29:03,11915,10514,15517,1232676050,1,-1,119150
nr2204,20220218,20220218,112903500,11:29:04,11910,10517,15519,1233033350,3,2,357300
nr2204,20220218,20220218,112904000,11:29:04,11920,10520,15518,1233390750,3,-1,357400
nr2204,20220218,20220218,112904500,11:29:04,11920,10520,15518,1233390750,0,0,0
nr2204,20220218,20220218,112905000,11:29:05,11920,10520,15518,1233390750,0,0,0
nr2204,20220218,20220218,112905500,11:29:06,11920,10520,15518,1233390750,0,0,0
nr2204,20220218,20220218,112907000,11:29:08,11920,10520,15518,1233390750,0,0,0
nr2204,20220218,20220218,112909000,11:29:09,11920,10520,15518,1233390750,0,0,0
nr2204,20220218,20220218,112909500,11:29:09,11920,10520,15518,1233390750,0,0,0
nr2204,20220218,20220218,112910000,11:29:10,11920,10520,15518,1233390750,0,0,0
nr2204,20220218,20220218,112911000,11:29:11,11920,10520,15518,1233390750,0,0,0
nr2204,20220218,20220218,112911500,11:29:12,11910,10527,15519,1234225050,7,1,834300
nr2204,20220218,20220218,112912000,11:29:12,11910,10529,15521,1234463250,2,2,238200
nr2204,20220218,20220218,112912500,11:29:12,11910,10530,15522,1234582350,1,1,119100
nr2204,20220218,20220218,112913000,11:29:13,11910,10531,15523,1234701450,1,1,119100
nr2204,20220218,20220218,112913500,11:29:14,11910,10532,15523,1234820550,1,0,119100
nr2204,20220218,20220218,112914000,11:29:14,11910,10532,15523,1234820550,0,0,0
nr2204,20220218,20220218,112914500,11:29:15,11910,10532,15523,1234820550,0,0,0
nr2204,20220218,20220218,112915000,11:29:15,11910,10532,15523,1234820550,0,0,0
nr2204,20220218,20220218,112915500,11:29:16,11910,10533,15524,1234939650,1,1,119100
nr2204,20220218,20220218,112916000,11:29:16,11910,10535,15524,1235177900,2,0,238250
nr2204,20220218,20220218,112916500,11:29:20,11910,10536,15524,1235297000,1,0,119100
nr2204,20220218,20220218,112917000,11:29:20,11910,10539,15525,1235654350,3,1,357350
nr2204,20220218,20220218,112917500,11:29:21,11910,10541,15527,1235892550,2,2,238200
nr2204,20220218,20220218,112918000,11:29:21,11910,10543,15527,1236130800,2,0,238250
nr2204,20220218,20220218,112920500,11:29:21,11910,10543,15527,1236130800,0,0,0
nr2204,20220218,20220218,112925000,11:29:25,11910,10543,15527,1236130800,0,0,0
nr2204,20220218,20220218,112925500,11:29:25,11910,10543,15527,1236130800,0,0,0
nr2204,20220218,20220218,112928500,11:29:29,11910,10543,15527,1236130800,0,0,0
nr2204,20220218,20220218,112929000,11:29:29,11910,10543,15527,1236130800,0,0,0
nr2204,20220218,20220218,112929500,11:29:29,11910,10543,15527,1236130800,0,0,0
nr2204,20220218,20220218,112930000,11:29:30,11915,10548,15526,1236726450,5,-1,595650
nr2204,20220218,20220218,112930500,11:29:31,11915,10549,15525,1236845600,1,-1,119150
nr2204,20220218,20220218,112931000,11:29:32,11915,10551,15524,1237083850,2,-1,238250
nr2204,20220218,20220218,112931500,11:29:32,11915,10551,15524,1237083850,0,0,0
nr2204,20220218,20220218,112933500,11:29:38,11915,10551,15524,1237083850,0,0,0
nr2204,20220218,20220218,112936000,11:29:38,11915,10551,15524,1237083850,0,0,0
nr2204,20220218,20220218,112939500,11:29:40,11915,10551,15524,1237083850,0,0,0
nr2204,20220218,20220218,112943000,11:29:45,11915,10551,15524,1237083850,0,0,0
nr2204,20220218,20220218,112943500,11:29:45,11915,10551,15524,1237083850,0,0,0
nr2204,20220218,20220218,112944500,11:29:45,11915,10551,15524,1237083850,0,0,0
nr2204,20220218,20220218,112945000,11:29:46,11915,10551,15524,1237083850,0,0,0
nr2204,20220218,20220218,112945500,11:29:46,11915,10551,15524,1237083850,0,0,0
nr2204,20220218,20220218,112946000,11:29:46,11915,10552,15523,1237203000,1,-1,119150
nr2204,20220218,20220218,112946500,11:29:47,11915,10553,15522,1237322150,1,-1,119150
nr2204,20220218,20220218,112947000,11:29:47,11915,10554,15521,1237441300,1,-1,119150
nr2204,20220218,20220218,112947500,11:29:48,11915,10555,15521,1237560450,1,0,119150
nr2204,20220218,20220218,112948000,11:29:49,11915,10556,15521,1237679600,1,0,119150
nr2204,20220218,20220218,112948500,11:29:50,11915,10557,15521,1237798750,1,0,119150
nr2204,20220218,20220218,112949000,11:29:50,11915,10557,15521,1237798750,0,0,0
nr2204,20220218,20220218,112949500,11:29:50,11915,10558,15521,1237917900,1,0,119150
nr2204,20220218,20220218,112950000,11:29:51,11920,10560,15521,1238156250,2,0,238350
nr2204,20220218,20220218,112950500,11:29:51,11920,10560,15521,1238156250,0,0,0
nr2204,20220218,20220218,112951500,11:29:52,11920,10560,15521,1238156250,0,0,0
nr2204,20220218,20220218,112952000,11:29:52,11920,10560,15521,1238156250,0,0,0
nr2204,20220218,20220218,112952500,11:29:53,11920,10561,15520,1238275450,1,-1,119200
nr2204,20220218,20220218,112953000,11:29:53,11920,10562,15519,1238394650,1,-1,119200
nr2204,20220218,20220218,112955000,11:29:55,11920,10563,15518,1238513850,1,-1,119200
nr2204,20220218,20220218,112955500,11:29:56,11920,10564,15517,1238633050,1,-1,119200
nr2204,20220218,20220218,112956000,11:30:00,11920,10566,15516,1238871450,2,-1,238400
nr2204,20220218,20220218,112956500,11:30:00,11920,10569,15513,1239229050,3,-3,357600
nr2204,20220218,20220218,112957000,11:30:00,11920,10572,15510,1239586650,3,-3,357600
nr2204,20220218,20220218,112959500,11:30:02,11920,10581,15502,1240659450,9,-8,1072800
nr2204,20220218,20220218,113000000,11:30:03,11920,10581,15502,1240659450,0,0,0
nr2204,20220218,20220218,113001000,11:30:03,11920,10581,15502,1240659450,0,0,0
nr2204,20220218,20220218,113001500,11:30:03,11920,10581,15502,1240659450,0,0,0
nr2204,20220218,20220218,133002000,13:30:08,11915,10585,15504,1241136050,4,2,476600
nr2204,20220218,20220218,133002500,13:30:10,11910,10587,15503,1241374250,2,-1,238200
nr2204,20220218,20220218,133008000,13:30:10,11910,10587,15503,1241374250,0,0,0
nr2204,20220218,20220218,133008500,13:30:10,11915,10608,15497,1243876400,21,-6,2502150
nr2204,20220218,20220218,133009500,13:30:10,11905,10621,15500,1245424050,13,3,1547650
nr2204,20220218,20220218,133010000,13:30:11,11905,10621,15500,1245424050,0,0,0
nr2204,20220218,20220218,133010500,13:30:12,11905,10622,15500,1245543100,1,0,119050
nr2204,20220218,20220218,133011000,13:30:13,11905,10624,15501,1245781200,2,1,238100
nr2204,20220218,20220218,133012500,13:30:13,11910,10628,15500,1246257550,4,-1,476350
nr2204,20220218,20220218,133013000,13:30:14,11910,10629,15499,1246376650,1,-1,119100
nr2204,20220218,20220218,133013500,13:30:14,11905,10630,15499,1246495700,1,0,119050
nr2204,20220218,20220218,133014000,13:30:16,11905,10630,15499,1246495700,0,0,0
nr2204,20220218,20220218,133014500,13:30:17,11905,10634,15499,1246971950,4,0,476250
nr2204,20220218,20220218,133015000,13:30:18,11905,10634,15499,1246971950,0,0,0
nr2204,20220218,20220218,133016500,13:30:18,11905,10637,15497,1247329100,3,-2,357150
nr2204,20220218,20220218,133017000,13:30:18,11900,10640,15497,1247686100,3,0,357000
nr2204,20220218,20220218,133017500,13:30:19,11900,10644,15498,1248162100,4,1,476000
nr2204,20220218,20220218,133018000,13:30:19,11900,10644,15498,1248162100,0,0,0
nr2204,20220218,20220218,133018500,13:30:20,11900,10646,15496,1248400100,2,-2,238000
nr2204,20220218,20220218,133019000,13:30:20,11900,10646,15496,1248400100,0,0,0
nr2204,20220218,20220218,133020000,13:30:21,11900,10647,15496,1248519100,1,0,119000
nr2204,20220218,20220218,133020500,13:30:21,11900,10647,15496,1248519100,0,0,0
nr2204,20220218,20220218,133021000,13:30:21,11900,10647,15496,1248519100,0,0,0
nr2204,20220218,20220218,133021500,13:30:22,11900,10649,15494,1248757100,2,-2,238000
nr2204,20220218,20220218,133022000,13:30:38,11900,10652,15491,1249114100,3,-3,357000
nr2204,20220218,20220218,133023000,13:30:38,11900,10652,15491,1249114100,0,0,0
nr2204,20220218,20220218,133038000,13:30:40,11905,10676,15486,1251970850,24,-5,2856750
nr2204,20220218,20220218,133038500,13:30:41,11905,10677,15485,1252089900,1,-1,119050
nr2204,20220218,20220218,133040500,13:30:43,11905,10679,15484,1252328000,2,-1,238100
nr2204,20220218,20220218,133041000,13:30:43,11905,10679,15484,1252328000,0,0,0
nr2204,20220218,20220218,133042500,13:30:44,11905,10679,15484,1252328000,0,0,0
nr2204,20220218,20220218,133043000,13:30:44,11905,10679,15484,1252328000,0,0,0
nr2204,20220218,20220218,133043500,13:30:45,11905,10679,15484,1252328000,0,0,0
nr2204,20220218,20220218,133044000,13:30:46,11905,10681,15484,1252566050,2,0,238050
nr2204,20220218,20220218,133044500,13:30:46,11905,10682,15484,1252685100,1,0,119050
nr2204,20220218,20220218,133045000,13:30:46,11905,10683,15484,1252804150,1,0,119050
nr2204,20220218,20220218,133045500,13:30:47,11905,10683,15484,1252804150,0,0,0
nr2204,20220218,20220218,133046000,13:30:47,11905,10684,15484,1252923200,1,0,119050
nr2204,20220218,20220218,133046500,13:30:47,11905,10684,15484,1252923200,0,0,0
nr2204,20220218,20220218,133047000,13:30:48,11900,10686,15483,1253161200,2,-1,238000
nr2204,20220218,20220218,133047500,13:30:48,11900,10688,15481,1253399200,2,-2,238000
nr2204,20220218,20220218,133048500,13:30:49,11900,10688,15481,1253399200,0,0,0
nr2204,20220218,20220218,133049000,13:30:50,11900,10688,15481,1253399200,0,0,0
nr2204,20220218,20220218,133049500,13:30:50,11900,10689,15480,1253518200,1,-1,119000
nr2204,20220218,20220218,133050000,13:30:51,11905,10692,15482,1253875250,3,2,357050
nr2204,20220218,20220218,133050500,13:30:51,11905,10692,15482,1253875250,0,0,0
nr2204,20220218,20220218,133051000,13:30:52,11905,10692,15482,1253875250,0,0,0
nr2204,20220218,20220218,133051500,13:30:52,11905,10713,15477,1256375300,21,-5,2500050
nr2204,20220218,20220218,133052000,13:30:53,11910,10715,15476,1256613450,2,-1,238150
nr2204,20220218,20220218,133052500,13:30:53,11910,10715,15476,1256613450,0,0,0
nr2204,20220218,20220218,133053000,13:30:54,11910,10715,15476,1256613450,0,0,0
nr2204,20220218,20220218,133053500,13:30:54,11910,10715,15476,1256613450,0,0,0
nr2204,20220218,20220218,133055000,13:30:55,11905,10720,15472,1257208700,5,-4,595250
nr2204,20220218,20220218,133055500,13:30:56,11905,10720,15472,1257208700,0,0,0
nr2204,20220218,20220218,133056000,13:30:57,11905,10720,15472,1257208700,0,0,0
nr2204,20220218,20220218,133056500,13:30:57,11905,10720,15472,1257208700,0,0,0
nr2204,20220218,20220218,133057000,13:30:58,11905,10721,15472,1257327750,1,0,119050
nr2204,20220218,20220218,133057500,13:30:58,11895,10731,15465,1258517700,10,-7,1189950
nr2204,20220218,20220218,133058000,13:30:58,11905,10732,15465,1258636750,1,0,119050
nr2204,20220218,20220218,133058500,13:30:59,11905,10733,15465,1258755800,1,0,119050
nr2204,20220218,20220218,133059000,13:30:59,11905,10733,15465,1258755800,0,0,0
nr2204,20220218,20220218,133100000,13:31:00,11905,10733,15465,1258755800,0,0,0
nr2204,20220218,20220218,133100500,13:31:00,11905,10734,15464,1258874850,1,-1,119050
nr2204,20220218,20220218,133101000,13:31:01,11900,10735,15464,1258993850,1,0,119000
nr2204,20220218,20220218,133101500,13:31:01,11900,10735,15464,1258993850,0,0,0
nr2204,20220218,20220218,133102500,13:31:03,11900,10735,15464,1258993850,0,0,0
nr2204,20220218,20220218,133103000,13:31:03,11910,10737,15462,1259232000,2,-2,238150
nr2204,20220218,20220218,133103500,13:31:05,11910,10737,15462,1259232000,0,0,0
nr2204,20220218,20220218,133104000,13:31:06,11910,10739,15463,1259470200,2,1,238200
nr2204,20220218,20220218,133104500,13:31:07,11910,10739,15463,1259470200,0,0,0
nr2204,20220218,20220218,133105500,13:31:08,11915,10741,15463,1259708450,2,0,238250
nr2204,20220218,20220218,133107000,13:31:09,11910,10743,15462,1259946700,2,-1,238250
nr2204,20220218,20220218,133107500,13:31:09,11910,10743,15462,1259946700,0,0,0
nr2204,20220218,20220218,133108500,13:31:09,11910,10743,15462,1259946700,0,0,0
nr2204,20220218,20220218,133109000,13:31:10,11915,10744,15462,1260065850,1,0,119150
nr2204,20220218,20220218,133109500,13:31:10,11910,10756,15455,1261495250,12,-7,1429400
nr2204,20220218,20220218,133110000,13:31:11,11920,10762,15453,1262209950,6,-2,714700
nr2204,20220218,20220218,133110500,13:31:11,11920,10762,15453,1262209950,0,0,0
nr2204,20220218,20220218,133111000,13:31:11,11915,10764,15451,1262448300,2,-2,238350
nr2204,20220218,20220218,133111500,13:31:12,11915,10765,15450,1262567450,1,-1,119150
nr2204,20220218,20220218,133112000,13:31:12,11915,10766,15449,1262686600,1,-1,119150
nr2204,20220218,20220218,133112500,13:31:13,11915,10767,15448,1262805750,1,-1,119150
nr2204,20220218,20220218,133113000,13:31:13,11915,10768,15447,1262924900,1,-1,119150
nr2204,20220218,20220218,133113500,13:31:15,11915,10769,15446,1263044050,1,-1,119150
nr2204,20220218,20220218,133114000,13:31:15,11915,10769,15446,1263044050,0,0,0
nr2204,20220218,20220218,133114500,13:31:15,11915,10769,15446,1263044050,0,0,0
nr2204,20220218,20220218,133115000,13:31:15,11915,10769,15446,1263044050,0,0,0
nr2204,20220218,20220218,133115500,13:31:16,11915,10769,15446,1263044050,0,0,0
nr2204,20220218,20220218,133116000,13:31:16,11915,10769,15446,1263044050,0,0,0
nr2204,20220218,20220218,133116500,13:31:17,11925,10772,15445,1263401700,3,-1,357650
nr2204,20220218,20220218,133117000,13:31:18,11925,10772,15445,1263401700,0,0,0
nr2204,20220218,20220218,133117500,13:31:18,11925,10772,15445,1263401700,0,0,0
nr2204,20220218,20220218,133118000,13:31:19,11925,10773,15444,1263520950,1,-1,119250
nr2204,20220218,20220218,133118500,13:31:19,11925,10773,15444,1263520950,0,0,0
nr2204,20220218,20220218,133119500,13:31:20,11925,10773,15444,1263520950,0,0,0
nr2204,20220218,20220218,133120000,13:31:20,11925,10773,15444,1263520950,0,0,0
nr2204,20220218,20220218,133124000,13:31:25,11925,10773,15444,1263520950,0,0,0
nr2204,20220218,20220218,133154000,13:31:54,11925,10775,15444,1263759450,2,0,238500
nr2204,20220218,20220218,133158000,13:31:58,11925,10775,15444,1263759450,0,0,0
nr2204,20220218,20220218,133158500,13:31:58,11925,10775,15444,1263759450,0,0,0
nr2204,20220218,20220218,133200500,13:32:01,11925,10775,15444,1263759450,0,0,0
nr2204,20220218,20220218,133201000,13:32:01,11925,10775,15444,1263759450,0,0,0
nr2204,20220218,20220218,133203000,13:32:05,11925,10816,15429,1268646350,41,-15,4886900
nr2204,20220218,20220218,133203500,13:32:05,11925,10816,15429,1268646350,0,0,0
nr2204,20220218,20220218,133205000,13:32:06,11925,10816,15429,1268646350,0,0,0
nr2204,20220218,20220218,133205500,13:32:06,11920,10821,15427,1269242400,5,-2,596050
nr2204,20220218,20220218,133206000,13:32:07,11920,10823,15426,1269480800,2,-1,238400
nr2204,20220218,20220218,133206500,13:32:07,11920,10823,15426,1269480800,0,0,0
nr2204,20220218,20220218,133207500,13:32:07,11920,10823,15426,1269480800,0,0,0
nr2204,20220218,20220218,133208000,13:32:09,11920,10823,15426,1269480800,0,0,0
nr2204,20220218,20220218,133208500,13:32:10,11915,10827,15427,1269957600,4,1,476800
nr2204,20220218,20220218,133209000,13:32:10,11915,10830,15427,1270315150,3,0,357550
nr2204,20220218,20220218,133209500,13:32:10,11915,10831,15426,1270434300,1,-1,119150
nr2204,20220218,20220218,133210000,13:32:13,11925,10833,15425,1270672750,2,-1,238450
nr2204,20220218,20220218,133210500,13:32:13,11925,10834,15424,1270792000,1,-1,119250
nr2204,20220218,20220218,133211000,13:32:14,11920,10837,15422,1271149650,3,-2,357650
nr2204,20220218,20220218,133213000,13:32:15,11915,10841,15421,1271626300,4,-1,476650
nr2204,20220218,20220218,133214000,13:32:15,11915,10841,15421,1271626300,0,0,0
nr2204,20220218,20220218,133215000,13:32:16,11925,10845,15419,1272103250,4,-2,476950
nr2204,20220218,20220218,133215500,13:32:17,11925,10846,15418,1272222500,1,-1,119250
nr2204,20220218,20220218,133216000,13:32:17,11925,10847,15418,1272341750,1,0,119250
nr2204,20220218,20220218,133216500,13:32:17,11925,10847,15418,1272341750,0,0,0
nr2204,20220218,20220218,133217000,13:32:18,11920,10850,15416,1272699400,3,-2,357650
nr2204,20220218,20220218,133217500,13:32:18,11920,10852,15415,1272937850,2,-1,238450
nr2204,20220218,20220218,133218000,13:32:18,11920,10854,15414,1273176250,2,-1,238400
nr2204,20220218,20220218,133218500,13:32:19,11920,10855,15414,1273295450,1,0,119200
nr2204,20220218,20220218,133219000,13:32:20,11920,10856,15414,1273414650,1,0,119200
nr2204,20220218,20220218,133219500,13:32:20,11925,10858,15412,1273653100,2,-2,238450
nr2204,20220218,20220218,133220000,13:32:20,11925,10859,15411,1273772350,1,-1,119250
nr2204,20220218,20220218,133220500,13:32:21,11925,10860,15410,1273891600,1,-1,119250
nr2204,20220218,20220218,133221000,13:32:22,11925,10861,15409,1274010850,1,-1,119250
nr2204,20220218,20220218,133221500,13:32:22,11925,10862,15408,1274130100,1,-1,119250
nr2204,20220218,20220218,133222000,13:32:23,11925,10863,15408,1274249350,1,0,119250
nr2204,20220218,20220218,133222500,13:32:24,11925,10864,15408,1274368600,1,0,119250
nr2204,20220218,20220218,133223000,13:32:24,11925,10864,15408,1274368600,0,0,0
nr2204,20220218,20220218,133223500,13:32:24,11925,10865,15408,1274487850,1,0,119250
nr2204,20220218,20220218,133224000,13:32:24,11925,10865,15408,1274487850,0,0,0
nr2204,20220218,20220218,133224500,13:32:25,11925,10867,15408,1274726300,2,0,238450
nr2204,20220218,20220218,133225000,13:32:25,11925,10868,15408,1274845550,1,0,119250
nr2204,20220218,20220218,133225500,13:32:25,11925,10868,15408,1274845550,0,0,0
nr2204,20220218,20220218,133226000,13:32:27,11925,10868,15408,1274845550,0,0,0
nr2204,20220218,20220218,133226500,13:32:27,11925,10868,15408,1274845550,0,0,0
nr2204,20220218,20220218,133232000,13:32:35,11925,10869,15408,1274964800,1,0,119250
nr2204,20220218,20220218,133234500,13:32:35,11925,10869,15408,1274964800,0,0,0
nr2204,20220218,20220218,133235000,13:32:36,11925,10872,15408,1275322550,3,0,357750
nr2204,20220218,20220218,133235500,13:32:36,11925,10872,15408,1275322550,0,0,0
nr2204,20220218,20220218,133236000,13:32:37,11925,10872,15408,1275322550,0,0,0
nr2204,20220218,20220218,133236500,13:32:37,11925,10872,15408,1275322550,0,0,0
nr2204,20220218,20220218,133237000,13:32:37,11925,10872,15408,1275322550,0,0,0
nr2204,20220218,20220218,133237500,13:32:38,11925,10872,15408,1275322550,0,0,0
nr2204,20220218,20220218,133238000,13:32:38,11925,10874,15406,1275561100,2,-2,238550
nr2204,20220218,20220218,133238500,13:32:39,11925,10875,15406,1275680350,1,0,119250
nr2204,20220218,20220218,133239000,13:32:39,11925,10877,15406,1275918850,2,0,238500
nr2204,20220218,20220218,133239500,13:32:40,11925,10877,15406,1275918850,0,0,0
nr2204,20220218,20220218,133240000,13:32:40,11925,10878,15406,1276038100,1,0,119250
nr2204,20220218,20220218,133240500,13:32:40,11925,10879,15406,1276157350,1,0,119250
nr2204,20220218,20220218,133241000,13:32:41,11925,10880,15406,1276276600,1,0,119250
nr2204,20220218,20220218,133241500,13:32:42,11925,10881,15406,1276395850,1,0,119250
nr2204,20220218,20220218,133242000,13:32:42,11925,10882,15405,1276515100,1,-1,119250
nr2204,20220218,20220218,133242500,13:32:42,11925,10883,15404,1276634350,1,-1,119250
nr2204,20220218,20220218,133243000,13:32:43,11925,10883,15404,1276634350,0,0,0
nr2204,20220218,20220218,133243500,13:32:44,11925,10883,15404,1276634350,0,0,0
nr2204,20220218,20220218,133244000,13:32:44,11925,10884,15403,1276753600,1,-1,119250
nr2204,20220218,20220218,133247500,13:32:48,11925,10884,15403,1276753600,0,0,0
nr2204,20220218,20220218,133248000,13:32:48,11920,10887,15402,1277111200,3,-1,357600
nr2204,20220218,20220218,133248500,13:32:49,11920,10888,15402,1277230400,1,0,119200
nr2204,20220218,20220218,133249000,13:32:49,11925,10890,15401,1277468850,2,-1,238450
nr2204,20220218,20220218,133249500,13:32:50,11925,10890,15401,1277468850,0,0,0
nr2204,20220218,20220218,133250000,13:32:50,11925,10890,15401,1277468850,0,0,0
nr2204,20220218,20220218,133251500,13:32:53,11920,10891,15400,1277588050,1,-1,119200
nr2204,20220218,20220218,133253000,13:32:53,11925,10892,15399,1277707300,1,-1,119250
nr2204,20220218,20220218,133253500,13:32:54,11925,10892,15399,1277707300,0,0,0
nr2204,20220218,20220218,133256500,13:32:56,11920,10893,15398,1277826500,1,-1,119200
nr2204,20220218,20220218,133301000,13:33:02,11920,10893,15398,1277826500,0,0,0
nr2204,20220218,20220218,133302000,13:33:03,11920,10895,15396,1278064950,2,-2,238450
nr2204,20220218,20220218,133302500,13:33:03,11920,10895,15396,1278064950,0,0,0
nr2204,20220218,20220218,133303000,13:33:04,11925,10907,15394,1279495950,12,-2,1431000
nr2204,20220218,20220218,133303500,13:33:04,11925,10909,15393,1279734450,2,-1,238500
nr2204,20220218,20220218,133304000,13:33:04,11925,10909,15393,1279734450,0,0,0
nr2204,20220218,20220218,133304500,13:33:05,11925,10909,15393,1279734450,0,0,0
nr2204,20220218,20220218,133305000,13:33:05,11920,10913,15391,1280211250,4,-2,476800
nr2204,20220218,20220218,133305500,13:33:06,11920,10913,15391,1280211250,0,0,0
nr2204,20220218,20220218,133306000,13:33:06,11920,10913,15391,1280211250,0,0,0
nr2204,20220218,20220218,133306500,13:33:06,11920,10913,15391,1280211250,0,0,0
nr2204,20220218,20220218,133307000,13:33:07,11920,10913,15391,1280211250,0,0,0
nr2204,20220218,20220218,133308000,13:33:08,11915,10914,15391,1280330400,1,0,119150
nr2204,20220218,20220218,133309000,13:33:09,11920,10916,15391,1280568800,2,0,238400
nr2204,20220218,20220218,133309500,13:33:11,11920,10916,15391,1280568800,0,0,0
nr2204,20220218,20220218,133310000,13:33:11,11920,10916,15391,1280568800,0,0,0
nr2204,20220218,20220218,133310500,13:33:12,11920,10916,15391,1280568800,0,0,0
nr2204,20220218,20220218,133314000,13:33:17,11920,10916,15391,1280568800,0,0,0
nr2204,20220218,20220218,133314500,13:33:17,11920,10918,15390,1280807200,2,-1,238400
nr2204,20220218,20220218,133315000,13:33:18,11920,10918,15390,1280807200,0,0,0
nr2204,20220218,20220218,133315500,13:33:18,11920,10918,15390,1280807200,0,0,0
nr2204,20220218,20220218,133317000,13:33:18,11920,10918,15390,1280807200,0,0,0
nr2204,20220218,20220218,133318000,13:33:19,11920,10918,15390,1280807200,0,0,0
nr2204,20220218,20220218,133318500,13:33:19,11920,10918,15390,1280807200,0,0,0
nr2204,20220218,20220218,133319000,13:33:20,11920,10918,15390,1280807200,0,0,0
nr2204,20220218,20220218,133319500,13:33:21,11920,10918,15390,1280807200,0,0,0
nr2204,20220218,20220218,133320000,13:33:21,11920,10918,15390,1280807200,0,0,0
nr2204,20220218,20220218,133320500,13:33:21,11920,10918,15390,1280807200,0,0,0
nr2204,20220218,20220218,133321000,13:33:22,11920,10918,15390,1280807200,0,0,0
nr2204,20220218,20220218,133321500,13:33:22,11920,10920,15389,1281045600,2,-1,238400
nr2204,20220218,20220218,133322000,13:33:22,11920,10920,15389,1281045600,0,0,0
nr2204,20220218,20220218,133322500,13:33:22,11920,10920,15389,1281045600,0,0,0
nr2204,20220218,20220218,133323000,13:33:23,11920,10920,15389,1281045600,0,0,0
nr2204,20220218,20220218,133323500,13:33:24,11920,10922,15391,1281284000,2,2,238400
nr2204,20220218,20220218,133324000,13:33:24,11920,10922,15391,1281284000,0,0,0
nr2204,20220218,20220218,133324500,13:33:25,11925,10925,15391,1281641650,3,0,357650
nr2204,20220218,20220218,133325000,13:33:26,11925,10925,15391,1281641650,0,0,0
nr2204,20220218,20220218,133325500,13:33:27,11925,10925,15391,1281641650,0,0,0
nr2204,20220218,20220218,133326500,13:33:29,11925,10925,15391,1281641650,0,0,0
nr2204,20220218,20220218,133330000,13:33:30,11925,10928,15393,1281999400,3,2,357750
nr2204,20220218,20220218,133331500,13:33:32,11920,10930,15392,1282237800,2,-1,238400
nr2204,20220218,20220218,133332000,13:33:32,11925,10949,15385,1284502650,19,-7,2264850
nr2204,20220218,20220218,133332500,13:33:33,11925,10949,15385,1284502650,0,0,0
nr2204,20220218,20220218,133333000,13:33:33,11925,10950,15386,1284621900,1,1,119250
nr2204,20220218,20220218,133333500,13:33:33,11925,10950,15386,1284621900,0,0,0
nr2204,20220218,20220218,133334000,13:33:34,11925,10950,15386,1284621900,0,0,0
nr2204,20220218,20220218,133334500,13:33:34,11925,10950,15386,1284621900,0,0,0
nr2204,20220218,20220218,133336500,13:33:36,11925,10950,15386,1284621900,0,0,0
nr2204,20220218,20220218,133337000,13:33:37,11925,10950,15386,1284621900,0,0,0
nr2204,20220218,20220218,133337500,13:33:37,11925,10950,15386,1284621900,0,0,0
nr2204,20220218,20220218,133338000,13:33:38,11925,10950,15386,1284621900,0,0,0
nr2204,20220218,20220218,133338500,13:33:39,11925,10950,15386,1284621900,0,0,0
nr2204,20220218,20220218,133339000,13:33:39,11925,10950,15386,1284621900,0,0,0
nr2204,20220218,20220218,133339500,13:33:40,11920,10954,15383,1285098700,4,-3,476800
nr2204,20220218,20220218,133340000,13:33:40,11920,10955,15383,1285217900,1,0,119200
nr2204,20220218,20220218,133340500,13:33:41,11920,10955,15383,1285217900,0,0,0
nr2204,20220218,20220218,133341000,13:33:41,11920,10955,15383,1285217900,0,0,0
nr2204,20220218,20220218,133344500,13:33:45,11920,10955,15383,1285217900,0,0,0
nr2204,20220218,20220218,133345000,13:33:45,11920,10955,15383,1285217900,0,0,0
nr2204,20220218,20220218,133345500,13:33:47,11920,10955,15383,1285217900,0,0,0
nr2204,20220218,20220218,133346000,13:33:47,11920,10955,15383,1285217900,0,0,0
nr2204,20220218,20220218,133346500,13:33:48,11915,10957,15385,1285456200,2,2,238300
nr2204,20220218,20220218,133347000,13:33:48,11915,10957,15385,1285456200,0,0,0
nr2204,20220218,20220218,133348000,13:33:49,11920,10958,15384,1285575400,1,-1,119200
nr2204,20220218,20220218,133349000,13:33:50,11920,10958,15384,1285575400,0,0,0
nr2204,20220218,20220218,133354000,13:33:54,11915,10960,15385,1285813700,2,1,238300
nr2204,20220218,20220218,133354500,13:33:55,11915,10974,15380,1287481800,14,-5,1668100
nr2204,20220218,20220218,133355000,13:33:56,11915,10980,15380,1288196700,6,0,714900
nr2204,20220218,20220218,133355500,13:33:56,11915,10981,15379,1288315850,1,-1,119150
nr2204,20220218,20220218,133356000,13:33:57,11915,10982,15380,1288435000,1,1,119150
nr2204,20220218,20220218,133356500,13:33:57,11915,10982,15380,1288435000,0,0,0
nr2204,20220218,20220218,133401500,13:34:02,11915,10982,15380,1288435000,0,0,0
nr2204,20220218,20220218,133410000,13:34:12,11910,10990,15377,1289387800,8,-3,952800
nr2204,20220218,20220218,133410500,13:34:12,11910,10990,15377,1289387800,0,0,0
nr2204,20220218,20220218,133411000,13:34:12,11910,10990,15377,1289387800,0,0,0
nr2204,20220218,20220218,133413500,13:34:14,11910,10991,15377,1289506900,1,0,119100
nr2204,20220218,20220218,133414000,13:34:14,11910,10991,15377,1289506900,0,0,0
nr2204,20220218,20220218,133414500,13:34:15,11910,10991,15377,1289506900,0,0,0
nr2204,20220218,20220218,133416000,13:34:16,11910,10991,15377,1289506900,0,0,0
nr2204,20220218,20220218,133416500,13:34:17,11910,10991,15377,1289506900,0,0,0
nr2204,20220218,20220218,133417500,13:34:17,11910,10991,15377,1289506900,0,0,0
nr2204,20220218,20220218,133418000,13:34:18,11915,10992,15376,1289626050,1,-1,119150
nr2204,20220218,20220218,133418500,13:34:19,11915,10992,15376,1289626050,0,0,0
nr2204,20220218,20220218,133419000,13:34:19,11915,10992,15376,1289626050,0,0,0
nr2204,20220218,20220218,133420500,13:34:21,11915,10992,15376,1289626050,0,0,0
nr2204,20220218,20220218,133421500,13:34:24,11915,10992,15376,1289626050,0,0,0
nr2204,20220218,20220218,133422500,13:34:24,11915,10992,15376,1289626050,0,0,0
nr2204,20220218,20220218,133423500,13:34:24,11915,10992,15376,1289626050,0,0,0
nr2204,20220218,20220218,133424000,13:34:24,11915,10992,15376,1289626050,0,0,0
nr2204,20220218,20220218,133424500,13:34:24,11915,10992,15376,1289626050,0,0,0
nr2204,20220218,20220218,133425000,13:34:25,11915,10992,15376,1289626050,0,0,0
nr2204,20220218,20220218,133425500,13:34:25,11915,10992,15376,1289626050,0,0,0
nr2204,20220218,20220218,133426000,13:34:26,11910,10993,15375,1289745150,1,-1,119100
nr2204,20220218,20220218,133426500,13:34:26,11910,10993,15375,1289745150,0,0,0
nr2204,20220218,20220218,133427000,13:34:27,11910,10993,15375,1289745150,0,0,0
nr2204,20220218,20220218,133427500,13:34:28,11910,10993,15375,1289745150,0,0,0
nr2204,20220218,20220218,133428000,13:34:28,11910,10993,15375,1289745150,0,0,0
nr2204,20220218,20220218,133429500,13:34:29,11910,10993,15375,1289745150,0,0,0
nr2204,20220218,20220218,133433000,13:34:34,11910,10994,15375,1289864250,1,0,119100
nr2204,20220218,20220218,133436500,13:34:36,11910,10994,15375,1289864250,0,0,0
nr2204,20220218,20220218,133437000,13:34:37,11905,10996,15377,1290102350,2,2,238100
nr2204,20220218,20220218,133437500,13:34:38,11910,11002,15378,1290816850,6,1,714500
nr2204,20220218,20220218,133438000,13:34:38,11910,11002,15378,1290816850,0,0,0
nr2204,20220218,20220218,133438500,13:34:39,11910,11002,15378,1290816850,0,0,0
nr2204,20220218,20220218,133439000,13:34:39,11910,11002,15378,1290816850,0,0,0
nr2204,20220218,20220218,133439500,13:34:39,11910,11002,15378,1290816850,0,0,0
nr2204,20220218,20220218,133440000,13:34:40,11910,11002,15378,1290816850,0,0,0
nr2204,20220218,20220218,133441000,13:34:41,11910,11002,15378,1290816850,0,0,0
nr2204,20220218,20220218,133441500,13:34:42,11910,11002,15378,1290816850,0,0,0
nr2204,20220218,20220218,133442000,13:34:44,11915,11004,15377,1291055100,2,-1,238250
nr2204,20220218,20220218,133442500,13:34:44,11910,11005,15377,1291174200,1,0,119100
nr2204,20220218,20220218,133443500,13:34:45,11910,11005,15377,1291174200,0,0,0
nr2204,20220218,20220218,133444000,13:34:45,11910,11005,15377,1291174200,0,0,0
nr2204,20220218,20220218,133444500,13:34:46,11910,11005,15377,1291174200,0,0,0
nr2204,20220218,20220218,133445500,13:34:46,11910,11005,15377,1291174200,0,0,0
nr2204,20220218,20220218,133446000,13:34:46,11910,11005,15377,1291174200,0,0,0
nr2204,20220218,20220218,133447000,13:34:47,11910,11005,15377,1291174200,0,0,0
nr2204,20220218,20220218,133447500,13:34:47,11910,11005,15377,1291174200,0,0,0
nr2204,20220218,20220218,133452000,13:34:52,11910,11005,15377,1291174200,0,0,0
nr2204,20220218,20220218,133452500,13:34:53,11910,11005,15377,1291174200,0,0,0
nr2204,20220218,20220218,133459500,13:35:00,11905,11009,15378,1291650450,4,1,476250
nr2204,20220218,20220218,133500000,13:35:00,11905,11017,15386,1292602850,8,8,952400
nr2204,20220218,20220218,133500500,13:35:00,11900,11018,15386,1292721850,1,0,119000
nr2204,20220218,20220218,133501000,13:35:04,11900,11018,15386,1292721850,0,0,0
nr2204,20220218,20220218,133501500,13:35:05,11900,11018,15386,1292721850,0,0,0
nr2204,20220218,20220218,133502000,13:35:10,11905,11019,15385,1292840900,1,-1,119050
nr2204,20220218,20220218,133504500,13:35:10,11905,11019,15385,1292840900,0,0,0
nr2204,20220218,20220218,133508500,13:35:10,11905,11019,15385,1292840900,0,0,0
nr2204,20220218,20220218,133511500,13:35:12,11910,11024,15381,1293436200,5,-4,595300
nr2204,20220218,20220218,133513500,13:35:14,11910,11024,15381,1293436200,0,0,0
nr2204,20220218,20220218,133514000,13:35:14,11910,11024,15381,1293436200,0,0,0
nr2204,20220218,20220218,133514500,13:35:15,11910,11024,15381,1293436200,0,0,0
nr2204,20220218,20220218,133516000,13:35:16,11910,11025,15381,1293555300,1,0,119100
nr2204,20220218,20220218,133517500,13:35:18,11910,11025,15381,1293555300,0,0,0
nr2204,20220218,20220218,133518000,13:35:19,11910,11026,15381,1293674400,1,0,119100
nr2204,20220218,20220218,133521500,13:35:22,11910,11026,15381,1293674400,0,0,0
nr2204,20220218,20220218,133522500,13:35:23,11910,11042,15381,1295580000,16,0,1905600
nr2204,20220218,20220218,133523000,13:35:23,11910,11042,15381,1295580000,0,0,0
nr2204,20220218,20220218,133523500,13:35:23,11910,11042,15381,1295580000,0,0,0
nr2204,20220218,20220218,133524000,13:35:25,11910,11042,15381,1295580000,0,0,0
nr2204,20220218,20220218,133524500,13:35:25,11910,11042,15381,1295580000,0,0,0
nr2204,20220218,20220218,133525000,13:35:26,11915,11043,15381,1295699150,1,0,119150
nr2204,20220218,20220218,133526000,13:35:26,11915,11043,15381,1295699150,0,0,0
nr2204,20220218,20220218,133529500,13:35:33,11915,11043,15381,1295699150,0,0,0
nr2204,20220218,20220218,133531500,13:35:41,11915,11043,15381,1295699150,0,0,0
nr2204,20220218,20220218,133532000,13:35:42,11915,11043,15381,1295699150,0,0,0
nr2204,20220218,20220218,133540500,13:35:43,11915,11046,15380,1296056600,3,-1,357450
nr2204,20220218,20220218,133542000,13:35:44,11915,11049,15379,1296414050,3,-1,357450
nr2204,20220218,20220218,133542500,13:35:44,11915,11049,15379,1296414050,0,0,0
nr2204,20220218,20220218,133543500,13:35:44,11915,11051,15377,1296652400,2,-2,238350
nr2204,20220218,20220218,133544000,13:35:45,11915,11051,15377,1296652400,0,0,0
nr2204,20220218,20220218,133544500,13:35:45,11915,11051,15377,1296652400,0,0,0
nr2204,20220218,20220218,133545000,13:35:46,11915,11051,15377,1296652400,0,0,0
nr2204,20220218,20220218,133545500,13:35:46,11915,11051,15377,1296652400,0,0,0
nr2204,20220218,20220218,133546000,13:35:46,11915,11051,15377,1296652400,0,0,0
nr2204,20220218,20220218,133547000,13:35:47,11915,11051,15377,1296652400,0,0,0
nr2204,20220218,20220218,133547500,13:35:48,11915,11051,15377,1296652400,0,0,0
nr2204,20220218,20220218,133548000,13:35:48,11920,11052,15376,1296771600,1,-1,119200
nr2204,20220218,20220218,133550500,13:35:50,11920,11052,15376,1296771600,0,0,0
nr2204,20220218,20220218,133551500,13:35:52,11920,11052,15376,1296771600,0,0,0
nr2204,20220218,20220218,133552000,13:35:52,11920,11052,15376,1296771600,0,0,0
nr2204,20220218,20220218,133552500,13:35:52,11920,11052,15376,1296771600,0,0,0
nr2204,20220218,20220218,133553000,13:35:55,11920,11052,15376,1296771600,0,0,0
nr2204,20220218,20220218,133559500,13:36:03,11920,11052,15376,1296771600,0,0,0
nr2204,20220218,20220218,133601500,13:36:03,11920,11057,15377,1297367600,5,1,596000
nr2204,20220218,20220218,133602500,13:36:04,11920,11057,15377,1297367600,0,0,0
nr2204,20220218,20220218,133603000,13:36:05,11920,11057,15377,1297367600,0,0,0
nr2204,20220218,20220218,133603500,13:36:05,11920,11057,15377,1297367600,0,0,0
nr2204,20220218,20220218,133605000,13:36:06,11920,11061,15377,1297844400,4,0,476800
nr2204,20220218,20220218,133605500,13:36:07,11920,11061,15377,1297844400,0,0,0
nr2204,20220218,20220218,133606000,13:36:07,11920,11062,15377,1297963600,1,0,119200
nr2204,20220218,20220218,133606500,13:36:07,11920,11064,15377,1298202000,2,0,238400
nr2204,20220218,20220218,133607000,13:36:08,11920,11064,15377,1298202000,0,0,0
nr2204,20220218,20220218,133607500,13:36:08,11920,11065,15376,1298321200,1,-1,119200
nr2204,20220218,20220218,133608000,13:36:08,11920,11065,15376,1298321200,0,0,0
nr2204,20220218,20220218,133608500,13:36:08,11920,11065,15376,1298321200,0,0,0
nr2204,20220218,20220218,133610500,13:36:11,11920,11065,15376,1298321200,0,0,0
nr2204,20220218,20220218,133618000,13:36:19,11925,11066,15375,1298440450,1,-1,119250
nr2204,20220218,20220218,133619000,13:36:19,11925,11066,15375,1298440450,0,0,0
nr2204,20220218,20220218,133619500,13:36:20,11925,11066,15375,1298440450,0,0,0
nr2204,20220218,20220218,133620000,13:36:20,11925,11066,15375,1298440450,0,0,0
nr2204,20220218,20220218,133620500,13:36:20,11925,11066,15375,1298440450,0,0,0
nr2204,20220218,20220218,133624500,13:36:24,11925,11066,15375,1298440450,0,0,0
nr2204,20220218,20220218,133625000,13:36:25,11925,11067,15375,1298559700,1,0,119250
nr2204,20220218,20220218,133625500,13:36:26,11925,11072,15374,1299155950,5,-1,596250
nr2204,20220218,20220218,133626000,13:36:26,11925,11073,15374,1299275200,1,0,119250
nr2204,20220218,20220218,133626500,13:36:27,11925,11073,15374,1299275200,0,0,0
nr2204,20220218,20220218,133627000,13:36:28,11925,11076,15371,1299632950,3,-3,357750
nr2204,20220218,20220218,133627500,13:36:28,11925,11076,15371,1299632950,0,0,0
nr2204,20220218,20220218,133628000,13:36:28,11920,11077,15371,1299752150,1,0,119200
nr2204,20220218,20220218,133628500,13:36:29,11920,11077,15371,1299752150,0,0,0
nr2204,20220218,20220218,133629000,13:36:30,11920,11077,15371,1299752150,0,0,0
nr2204,20220218,20220218,133629500,13:36:30,11920,11077,15371,1299752150,0,0,0
nr2204,20220218,20220218,133630000,13:36:30,11920,11077,15371,1299752150,0,0,0
nr2204,20220218,20220218,133630500,13:36:31,11920,11078,15370,1299871350,1,-1,119200
nr2204,20220218,20220218,133631000,13:36:31,11920,11078,15370,1299871350,0,0,0
nr2204,20220218,20220218,133631500,13:36:31,11915,11081,15370,1300228800,3,0,357450
nr2204,20220218,20220218,133632000,13:36:32,11915,11081,15370,1300228800,0,0,0
nr2204,20220218,20220218,133632500,13:36:33,11920,11084,15370,1300586400,3,0,357600
nr2204,20220218,20220218,133633000,13:36:33,11920,11084,15370,1300586400,0,0,0
nr2204,20220218,20220218,133633500,13:36:33,11920,11084,15370,1300586400,0,0,0
nr2204,20220218,20220218,133634000,13:36:34,11920,11084,15370,1300586400,0,0,0
nr2204,20220218,20220218,133634500,13:36:35,11915,11085,15370,1300705550,1,0,119150
nr2204,20220218,20220218,133635000,13:36:35,11915,11085,15370,1300705550,0,0,0
nr2204,20220218,20220218,133635500,13:36:36,11915,11085,15370,1300705550,0,0,0
nr2204,20220218,20220218,133637500,13:36:38,11915,11085,15370,1300705550,0,0,0
nr2204,20220218,20220218,133639000,13:36:39,11915,11085,15370,1300705550,0,0,0
nr2204,20220218,20220218,133642500,13:36:43,11920,11086,15370,1300824750,1,0,119200
nr2204,20220218,20220218,133643000,13:36:43,11920,11086,15370,1300824750,0,0,0
nr2204,20220218,20220218,133643500,13:36:44,11920,11086,15370,1300824750,0,0,0
nr2204,20220218,20220218,133644000,13:36:44,11920,11086,15370,1300824750,0,0,0
nr2204,20220218,20220218,133644500,13:36:44,11920,11086,15370,1300824750,0,0,0
nr2204,20220218,20220218,133645500,13:36:46,11920,11086,15370,1300824750,0,0,0
nr2204,20220218,20220218,133646500,13:36:46,11920,11087,15369,1300943950,1,-1,119200
nr2204,20220218,20220218,133647000,13:36:47,11920,11087,15369,1300943950,0,0,0
nr2204,20220218,20220218,133647500,13:36:48,11920,11087,15369,1300943950,0,0,0
nr2204,20220218,20220218,133648000,13:36:48,11925,11088,15368,1301063200,1,-1,119250
nr2204,20220218,20220218,133650000,13:36:50,11925,11088,15368,1301063200,0,0,0
nr2204,20220218,20220218,133656000,13:36:56,11925,11088,15368,1301063200,0,0,0
nr2204,20220218,20220218,133658000,13:36:58,11925,11088,15368,1301063200,0,0,0
nr2204,20220218,20220218,133658500,13:36:59,11925,11088,15368,1301063200,0,0,0
nr2204,20220218,20220218,133701500,13:37:02,11920,11091,15367,1301420800,3,-1,357600
nr2204,20220218,20220218,133702000,13:37:02,11920,11091,15367,1301420800,0,0,0
nr2204,20220218,20220218,133702500,13:37:03,11920,11091,15367,1301420800,0,0,0
nr2204,20220218,20220218,133703500,13:37:03,11920,11091,15367,1301420800,0,0,0
nr2204,20220218,20220218,133704000,13:37:04,11920,11091,15367,1301420800,0,0,0
nr2204,20220218,20220218,133704500,13:37:05,11920,11091,15367,1301420800,0,0,0
nr2204,20220218,20220218,133705000,13:37:05,11920,11091,15367,1301420800,0,0,0
nr2204,20220218,20220218,133706000,13:37:08,11920,11091,15367,1301420800,0,0,0
nr2204,20220218,20220218,133707500,13:37:08,11920,11091,15367,1301420800,0,0,0
nr2204,20220218,20220218,133709500,13:37:10,11925,11092,15367,1301540050,1,0,119250
nr2204,20220218,20220218,133710000,13:37:11,11925,11094,15367,1301778550,2,0,238500
nr2204,20220218,20220218,133710500,13:37:11,11925,11094,15367,1301778550,0,0,0
nr2204,20220218,20220218,133711000,13:37:12,11925,11094,15367,1301778550,0,0,0
nr2204,20220218,20220218,133711500,13:37:13,11925,11094,15367,1301778550,0,0,0
nr2204,20220218,20220218,133712000,13:37:13,11925,11096,15367,1302017050,2,0,238500
nr2204,20220218,20220218,133712500,13:37:13,11925,11097,15366,1302136300,1,-1,119250
nr2204,20220218,20220218,133713000,13:37:14,11925,11097,15366,1302136300,0,0,0
nr2204,20220218,20220218,133713500,13:37:14,11925,11097,15366,1302136300,0,0,0
nr2204,20220218,20220218,133714000,13:37:14,11925,11097,15366,1302136300,0,0,0
nr2204,20220218,20220218,133714500,13:37:15,11925,11098,15366,1302255550,1,0,119250
nr2204,20220218,20220218,133715000,13:37:15,11925,11098,15366,1302255550,0,0,0
nr2204,20220218,20220218,133715500,13:37:16,11925,11098,15366,1302255550,0,0,0
nr2204,20220218,20220218,133716000,13:37:16,11925,11098,15366,1302255550,0,0,0
nr2204,20220218,20220218,133717000,13:37:17,11925,11098,15366,1302255550,0,0,0
nr2204,20220218,20220218,133717500,13:37:18,11925,11098,15366,1302255550,0,0,0
nr2204,20220218,20220218,133718000,13:37:19,11930,11099,15366,1302374850,1,0,119300
nr2204,20220218,20220218,133718500,13:37:19,11930,11099,15366,1302374850,0,0,0
nr2204,20220218,20220218,133719500,13:37:20,11930,11099,15366,1302374850,0,0,0
nr2204,20220218,20220218,133720000,13:37:21,11930,11099,15366,1302374850,0,0,0
nr2204,20220218,20220218,133721000,13:37:21,11930,11099,15366,1302374850,0,0,0
nr2204,20220218,20220218,133721500,13:37:21,11930,11099,15366,1302374850,0,0,0
nr2204,20220218,20220218,133722000,13:37:22,11930,11099,15366,1302374850,0,0,0
nr2204,20220218,20220218,133723000,13:37:23,11930,11099,15366,1302374850,0,0,0
nr2204,20220218,20220218,133723500,13:37:23,11930,11099,15366,1302374850,0,0,0
nr2204,20220218,20220218,133724000,13:37:24,11930,11099,15366,1302374850,0,0,0
nr2204,20220218,20220218,133724500,13:37:25,11930,11099,15366,1302374850,0,0,0
nr2204,20220218,20220218,133726000,13:37:26,11930,11100,15367,1302494150,1,1,119300
nr2204,20220218,20220218,133727500,13:37:27,11930,11100,15367,1302494150,0,0,0
nr2204,20220218,20220218,133728000,13:37:28,11930,11100,15367,1302494150,0,0,0
nr2204,20220218,20220218,133729000,13:37:29,11930,11100,15367,1302494150,0,0,0
nr2204,20220218,20220218,133730500,13:37:31,11930,11100,15367,1302494150,0,0,0
nr2204,20220218,20220218,133731000,13:37:31,11930,11100,15367,1302494150,0,0,0
nr2204,20220218,20220218,133731500,13:37:31,11930,11100,15367,1302494150,0,0,0
nr2204,20220218,20220218,133732500,13:37:33,11930,11101,15366,1302613450,1,-1,119300
nr2204,20220218,20220218,133733000,13:37:33,11930,11101,15366,1302613450,0,0,0
nr2204,20220218,20220218,133735000,13:37:35,11930,11101,15366,1302613450,0,0,0
nr2204,20220218,20220218,133735500,13:37:36,11930,11101,15366,1302613450,0,0,0
nr2204,20220218,20220218,133736500,13:37:37,11930,11101,15366,1302613450,0,0,0
nr2204,20220218,20220218,133737000,13:37:37,11930,11101,15366,1302613450,0,0,0
nr2204,20220218,20220218,133738500,13:37:39,11925,11102,15366,1302732700,1,0,119250
nr2204,20220218,20220218,133739000,13:37:39,11925,11102,15366,1302732700,0,0,0
nr2204,20220218,20220218,133742000,13:37:42,11925,11102,15366,1302732700,0,0,0
nr2204,20220218,20220218,133744500,13:37:45,11925,11102,15366,1302732700,0,0,0
nr2204,20220218,20220218,133745000,13:37:45,11925,11103,15366,1302851950,1,0,119250
nr2204,20220218,20220218,133745500,13:37:45,11925,11103,15366,1302851950,0,0,0
nr2204,20220218,20220218,133748500,13:37:49,11925,11103,15366,1302851950,0,0,0
nr2204,20220218,20220218,133750500,13:37:51,11925,11103,15366,1302851950,0,0,0
nr2204,20220218,20220218,133752500,13:37:54,11925,11103,15366,1302851950,0,0,0
nr2204,20220218,20220218,133753000,13:37:54,11925,11103,15366,1302851950,0,0,0
nr2204,20220218,20220218,133753500,13:37:55,11925,11103,15366,1302851950,0,0,0
nr2204,20220218,20220218,133755500,13:37:55,11925,11103,15366,1302851950,0,0,0
nr2204,20220218,20220218,133757500,13:37:58,11925,11104,15365,1302971200,1,-1,119250
nr2204,20220218,20220218,133758000,13:37:58,11925,11104,15365,1302971200,0,0,0
nr2204,20220218,20220218,133758500,13:37:59,11925,11104,15365,1302971200,0,0,0
nr2204,20220218,20220218,133759000,13:38:00,11925,11104,15365,1302971200,0,0,0
nr2204,20220218,20220218,133759500,13:38:00,11925,11104,15365,1302971200,0,0,0
nr2204,20220218,20220218,133800000,13:38:02,11925,11104,15365,1302971200,0,0,0
nr2204,20220218,20220218,133800500,13:38:02,11925,11104,15365,1302971200,0,0,0
nr2204,20220218,20220218,133801000,13:38:03,11925,11104,15365,1302971200,0,0,0
nr2204,20220218,20220218,133802000,13:38:04,11925,11104,15365,1302971200,0,0,0
nr2204,20220218,20220218,133802500,13:38:05,11925,11106,15366,1303209700,2,1,238500
nr2204,20220218,20220218,133803000,13:38:06,11925,11106,15366,1303209700,0,0,0
nr2204,20220218,20220218,133803500,13:38:06,11925,11107,15366,1303328950,1,0,119250
nr2204,20220218,20220218,133804500,13:38:06,11925,11107,15366,1303328950,0,0,0
nr2204,20220218,20220218,133806000,13:38:09,11925,11107,15366,1303328950,0,0,0
nr2204,20220218,20220218,133806500,13:38:09,11925,11107,15366,1303328950,0,0,0
nr2204,20220218,20220218,133807000,13:38:09,11925,11107,15366,1303328950,0,0,0
nr2204,20220218,20220218,133809000,13:38:09,11925,11107,15366,1303328950,0,0,0
nr2204,20220218,20220218,133809500,13:38:10,11925,11107,15366,1303328950,0,0,0
nr2204,20220218,20220218,133811000,13:38:14,11920,11113,15366,1304044200,6,0,715250
nr2204,20220218,20220218,133811500,13:38:14,11920,11113,15366,1304044200,0,0,0
nr2204,20220218,20220218,133812000,13:38:14,11920,11113,15366,1304044200,0,0,0
nr2204,20220218,20220218,133812500,13:38:14,11920,11113,15366,1304044200,0,0,0
nr2204,20220218,20220218,133813000,13:38:15,11920,11113,15366,1304044200,0,0,0
nr2204,20220218,20220218,133814000,13:38:17,11920,11113,15366,1304044200,0,0,0
nr2204,20220218,20220218,133814500,13:38:17,11920,11113,15366,1304044200,0,0,0
nr2204,20220218,20220218,133815000,13:38:17,11920,11113,15366,1304044200,0,0,0
nr2204,20220218,20220218,133815500,13:38:18,11920,11113,15366,1304044200,0,0,0
nr2204,20220218,20220218,133818000,13:38:18,11920,11113,15366,1304044200,0,0,0
nr2204,20220218,20220218,133818500,13:38:19,11920,11113,15366,1304044200,0,0,0
nr2204,20220218,20220218,133819500,13:38:20,11920,11113,15366,1304044200,0,0,0
nr2204,20220218,20220218,133820000,13:38:22,11920,11113,15366,1304044200,0,0,0
nr2204,20220218,20220218,133820500,13:38:22,11920,11113,15366,1304044200,0,0,0
nr2204,20220218,20220218,133824000,13:38:25,11920,11113,15366,1304044200,0,0,0
nr2204,20220218,20220218,133840500,13:38:43,11920,11113,15366,1304044200,0,0,0
nr2204,20220218,20220218,133841000,13:38:43,11920,11113,15366,1304044200,0,0,0
nr2204,20220218,20220218,133841500,13:38:43,11920,11113,15366,1304044200,0,0,0
nr2204,20220218,20220218,133842500,13:38:43,11920,11113,15366,1304044200,0,0,0
nr2204,20220218,20220218,133843000,13:38:43,11920,11113,15366,1304044200,0,0,0
nr2204,20220218,20220218,133843500,13:38:43,11920,11113,15366,1304044200,0,0,0
nr2204,20220218,20220218,133851000,13:38:51,11920,11113,15366,1304044200,0,0,0
nr2204,20220218,20220218,133858000,13:38:58,11920,11123,15364,1305236800,10,-2,1192600
nr2204,20220218,20220218,133900500,13:39:01,11920,11127,15363,1305713600,4,-1,476800
nr2204,20220218,20220218,133901500,13:39:01,11920,11129,15364,1305952000,2,1,238400
nr2204,20220218,20220218,133902000,13:39:02,11920,11129,15364,1305952000,0,0,0
nr2204,20220218,20220218,133903500,13:39:03,11920,11129,15364,1305952000,0,0,0
nr2204,20220218,20220218,133907000,13:39:07,11920,11129,15364,1305952000,0,0,0
nr2204,20220218,20220218,133908000,13:39:08,11920,11129,15364,1305952000,0,0,0
nr2204,20220218,20220218,133909000,13:39:09,11920,11130,15365,1306071200,1,1,119200
nr2204,20220218,20220218,133910500,13:39:10,11920,11133,15366,1306428800,3,1,357600
nr2204,20220218,20220218,133912000,13:39:12,11920,11134,15367,1306548000,1,1,119200
nr2204,20220218,20220218,133913500,13:39:13,11920,11135,15368,1306667200,1,1,119200
nr2204,20220218,20220218,133914000,13:39:15,11920,11135,15368,1306667200,0,0,0
nr2204,20220218,20220218,133914500,13:39:16,11925,11137,15368,1306905700,2,0,238500
nr2204,20220218,20220218,133915000,13:39:19,11925,11137,15368,1306905700,0,0,0
nr2204,20220218,20220218,133916000,13:39:19,11925,11137,15368,1306905700,0,0,0
nr2204,20220218,20220218,133919000,13:39:19,11920,11150,15364,1308455400,13,-4,1549700
nr2204,20220218,20220218,133920000,13:39:20,11920,11152,15363,1308693800,2,-1,238400
nr2204,20220218,20220218,133922000,13:39:22,11920,11152,15363,1308693800,0,0,0
nr2204,20220218,20220218,133922500,13:39:23,11920,11152,15363,1308693800,0,0,0
nr2204,20220218,20220218,133924000,13:39:24,11920,11152,15363,1308693800,0,0,0
nr2204,20220218,20220218,133924500,13:39:24,11920,11153,15363,1308813000,1,0,119200
nr2204,20220218,20220218,133925000,13:39:25,11920,11153,15363,1308813000,0,0,0
nr2204,20220218,20220218,133927000,13:39:27,11920,11153,15363,1308813000,0,0,0
nr2204,20220218,20220218,133928500,13:39:28,11920,11153,15363,1308813000,0,0,0
nr2204,20220218,20220218,133929000,13:39:29,11920,11154,15363,1308932200,1,0,119200
nr2204,20220218,20220218,133931000,13:39:31,11920,11155,15364,1309051400,1,1,119200
nr2204,20220218,20220218,133932500,13:39:33,11920,11156,15364,1309170600,1,0,119200
nr2204,20220218,20220218,133933500,13:39:33,11920,11157,15364,1309289800,1,0,119200
