nr2205,20220218,20220218,112003000,11:20:09,11880,22929,32194,2699429800,22929,2746,2699429800
nr2205,20220218,20220218,112004500,11:20:09,11880,22929,32194,2699429800,0,0,0
nr2205,20220218,20220218,112005000,11:20:10,11880,22929,32194,2699429800,0,0,0
nr2205,20220218,20220218,112006000,11:20:10,11880,22929,32194,2699429800,0,0,0
nr2205,20220218,20220218,112006500,11:20:10,11880,22929,32194,2699429800,0,0,0
nr2205,20220218,20220218,112007000,11:20:10,11885,22932,32194,2699786350,3,0,356550
nr2205,20220218,20220218,112007500,11:20:10,11885,22933,32195,2699905200,1,1,118850
nr2205,20220218,20220218,112008000,11:20:10,11885,22935,32194,2700142900,2,-1,237700
nr2205,20220218,20220218,112008500,11:20:10,11885,22935,32194,2700142900,0,0,0
nr2205,20220218,20220218,112009000,11:20:10,11885,22942,32200,2700974850,7,6,831950
nr2205,20220218,20220218,112009500,11:20:10,11885,22943,32199,2701093700,1,-1,118850
nr2205,20220218,20220218,112010000,11:20:10,11880,22944,32200,2701212500,1,1,118800
nr2205,20220218,20220218,112010500,11:20:10,11880,22944,32200,2701212500,0,0,0
nr2205,20220218,20220218,112011000,11:20:11,11880,22944,32200,2701212500,0,0,0
nr2205,20220218,20220218,112011500,11:20:12,11880,22944,32200,2701212500,0,0,0
nr2205,20220218,20220218,112012000,11:20:12,11880,22944,32200,2701212500,0,0,0
nr2205,20220218,20220218,112012500,11:20:12,11880,22944,32200,2701212500,0,0,0
nr2205,20220218,20220218,112013000,11:20:13,11880,22944,32200,2701212500,0,0,0
nr2205,20220218,20220218,112014000,11:20:14,11880,22944,32200,2701212500,0,0,0
nr2205,20220218,20220218,112014500,11:20:14,11880,22944,32200,2701212500,0,0,0
nr2205,20220218,20220218,112015000,11:20:15,11880,22944,32200,2701212500,0,0,0
nr2205,20220218,20220218,112016000,11:20:16,11885,22946,32200,2701450200,2,0,237700
nr2205,20220218,20220218,112016500,11:20:16,11885,22946,32200,2701450200,0,0,0
nr2205,20220218,20220218,112017000,11:20:17,11885,22946,32200,2701450200,0,0,0
nr2205,20220218,20220218,112017500,11:20:17,11885,22946,32200,2701450200,0,0,0
nr2205,20220218,20220218,112019000,11:20:19,11885,22947,32199,2701569050,1,-1,118850
nr2205,20220218,20220218,112019500,11:20:20,11885,22947,32199,2701569050,0,0,0
nr2205,20220218,20220218,112020000,11:20:20,11885,22947,32199,2701569050,0,0,0
nr2205,20220218,20220218,112020500,11:20:20,11885,22947,32199,2701569050,0,0,0
nr2205,20220218,20220218,112021000,11:20:21,11885,22947,32199,2701569050,0,0,0
nr2205,20220218,20220218,112021500,11:20:21,11885,22947,32199,2701569050,0,0,0
nr2205,20220218,20220218,112022000,11:20:22,11885,22947,32199,2701569050,0,0,0
nr2205,20220218,20220218,112022500,11:20:23,11885,22947,32199,2701569050,0,0,0
nr2205,20220218,20220218,112023000,11:20:23,11885,22947,32199,2701569050,0,0,0
nr2205,20220218,20220218,112023500,11:20:23,11885,22947,32199,2701569050,0,0,0
nr2205,20220218,20220218,112024000,11:20:24,11885,22947,32199,2701569050,0,0,0
nr2205,20220218,20220218,112024500,11:20:24,11885,22947,32199,2701569050,0,0,0
nr2205,20220218,20220218,112025000,11:20:25,11885,22947,32199,2701569050,0,0,0
nr2205,20220218,20220218,112025500,11:20:25,11885,22947,32199,2701569050,0,0,0
nr2205,20220218,20220218,112026000,11:20:26,11880,22958,32197,2702875850,11,-2,1306800
nr2205,20220218,20220218,112026500,11:20:26,11880,22958,32197,2702875850,0,0,0
nr2205,20220218,20220218,112027000,11:20:27,11880,22962,32197,2703351050,4,0,475200
nr2205,20220218,20220218,112027500,11:20:28,11880,22967,32198,2703945050,5,1,594000
nr2205,20220218,20220218,112028000,11:20:28,11880,22967,32198,2703945050,0,0,0
nr2205,20220218,20220218,112028500,11:20:28,11880,22969,32198,2704182650,2,0,237600
nr2205,20220218,20220218,112029000,11:20:29,11880,22969,32198,2704182650,0,0,0
nr2205,20220218,20220218,112029500,11:20:30,11880,22969,32198,2704182650,0,0,0
nr2205,20220218,20220218,112030000,11:20:31,11880,22969,32198,2704182650,0,0,0
nr2205,20220218,20220218,112030500,11:20:31,11880,22969,32198,2704182650,0,0,0
nr2205,20220218,20220218,112031000,11:20:31,11880,22969,32198,2704182650,0,0,0
nr2205,20220218,20220218,112031500,11:20:32,11880,22969,32198,2704182650,0,0,0
nr2205,20220218,20220218,112032000,11:20:32,11880,22969,32198,2704182650,0,0,0
nr2205,20220218,20220218,112032500,11:20:32,11880,22969,32198,2704182650,0,0,0
nr2205,20220218,20220218,112033000,11:20:33,11880,22969,32198,2704182650,0,0,0
nr2205,20220218,20220218,112033500,11:20:33,11880,22970,32198,2704301450,1,0,118800
nr2205,20220218,20220218,112034000,11:20:34,11880,22970,32198,2704301450,0,0,0
nr2205,20220218,20220218,112034500,11:20:34,11880,22970,32198,2704301450,0,0,0
nr2205,20220218,20220218,112036000,11:20:36,11880,22970,32198,2704301450,0,0,0
nr2205,20220218,20220218,112036500,11:20:37,11875,22971,32197,2704420200,1,-1,118750
nr2205,20220218,20220218,112037000,11:20:37,11875,22994,32193,2707151450,23,-4,2731250
nr2205,20220218,20220218,112037500,11:20:38,11870,22995,32194,2707270150,1,1,118700
nr2205,20220218,20220218,112038000,11:20:38,11875,22999,32196,2707745150,4,2,475000
nr2205,20220218,20220218,112038500,11:20:38,11875,23010,32203,2709051400,11,7,1306250
nr2205,20220218,20220218,112039000,11:20:39,11875,23011,32203,2709170150,1,0,118750
nr2205,20220218,20220218,112039500,11:20:40,11875,23016,32208,2709763900,5,5,593750
nr2205,20220218,20220218,112040000,11:20:40,11875,23016,32208,2709763900,0,0,0
nr2205,20220218,20220218,112040500,11:20:41,11875,23017,32207,2709882650,1,-1,118750
nr2205,20220218,20220218,112041000,11:20:41,11875,23017,32207,2709882650,0,0,0
nr2205,20220218,20220218,112041500,11:20:41,11875,23017,32207,2709882650,0,0,0
nr2205,20220218,20220218,112044000,11:20:44,11875,23017,32207,2709882650,0,0,0
nr2205,20220218,20220218,112044500,11:20:44,11875,23017,32207,2709882650,0,0,0
nr2205,20220218,20220218,112045000,11:20:45,11870,23029,32205,2711307050,12,-2,1424400
nr2205,20220218,20220218,112045500,11:20:46,11870,23035,32204,2712019250,6,-1,712200
nr2205,20220218,20220218,112046000,11:20:46,11870,23041,32204,2712731450,6,0,712200
nr2205,20220218,20220218,112046500,11:20:46,11870,23041,32204,2712731450,0,0,0
nr2205,20220218,20220218,112047000,11:20:47,11870,23041,32204,2712731450,0,0,0
nr2205,20220218,20220218,112047500,11:20:48,11870,23041,32204,2712731450,0,0,0
nr2205,20220218,20220218,112048000,11:20:48,11870,23041,32204,2712731450,0,0,0
nr2205,20220218,20220218,112048500,11:20:49,11865,23052,32202,2714036600,11,-2,1305150
nr2205,20220218,20220218,112049000,11:20:50,11865,23095,32202,2719137000,43,0,5100400
nr2205,20220218,20220218,112049500,11:20:50,11865,23095,32202,2719137000,0,0,0
nr2205,20220218,20220218,112050500,11:20:51,11865,23095,32202,2719137000,0,0,0
nr2205,20220218,20220218,112051000,11:20:51,11860,23110,32194,2720916150,15,-8,1779150
nr2205,20220218,20220218,112051500,11:20:51,11860,23115,32194,2721509150,5,0,593000
nr2205,20220218,20220218,112052000,11:20:53,11860,23128,32198,2723050950,13,4,1541800
nr2205,20220218,20220218,112052500,11:20:53,11860,23131,32198,2723406750,3,0,355800
nr2205,20220218,20220218,112053000,11:20:53,11860,23133,32197,2723643950,2,-1,237200
nr2205,20220218,20220218,112053500,11:20:53,11860,23134,32197,2723762550,1,0,118600
nr2205,20220218,20220218,112054000,11:20:54,11860,23134,32197,2723762550,0,0,0
nr2205,20220218,20220218,112054500,11:20:55,11860,23134,32197,2723762550,0,0,0
nr2205,20220218,20220218,112055000,11:20:55,11860,23136,32197,2723999750,2,0,237200
nr2205,20220218,20220218,112055500,11:20:56,11860,23136,32197,2723999750,0,0,0
nr2205,20220218,20220218,112056000,11:20:56,11860,23136,32197,2723999750,0,0,0
nr2205,20220218,20220218,112056500,11:20:56,11860,23136,32197,2723999750,0,0,0
nr2205,20220218,20220218,112057000,11:20:58,11865,23149,32190,2725542200,13,-7,1542450
nr2205,20220218,20220218,112057500,11:20:58,11865,23149,32190,2725542200,0,0,0
nr2205,20220218,20220218,112058000,11:20:58,11865,23154,32192,2726135450,5,2,593250
nr2205,20220218,20220218,112058500,11:20:59,11865,23154,32192,2726135450,0,0,0
nr2205,20220218,20220218,112059000,11:21:00,11865,23154,32192,2726135450,0,0,0
nr2205,20220218,20220218,112059500,11:21:00,11865,23154,32192,2726135450,0,0,0
nr2205,20220218,20220218,112100000,11:21:00,11865,23154,32192,2726135450,0,0,0
nr2205,20220218,20220218,112100500,11:21:01,11865,23154,32192,2726135450,0,0,0
nr2205,20220218,20220218,112101000,11:21:01,11865,23154,32192,2726135450,0,0,0
nr2205,20220218,20220218,112101500,11:21:02,11870,23175,32186,2728628150,21,-6,2492700
nr2205,20220218,20220218,112102000,11:21:02,11870,23181,32189,2729340350,6,3,712200
nr2205,20220218,20220218,112102500,11:21:03,11870,23182,32188,2729459050,1,-1,118700
nr2205,20220218,20220218,112103000,11:21:03,11870,23183,32189,2729577750,1,1,118700
nr2205,20220218,20220218,112103500,11:21:04,11870,23186,32192,2729933850,3,3,356100
nr2205,20220218,20220218,112104000,11:21:04,11870,23188,32193,2730171250,2,1,237400
nr2205,20220218,20220218,112104500,11:21:05,11870,23188,32193,2730171250,0,0,0
nr2205,20220218,20220218,112105000,11:21:05,11870,23189,32194,2730289950,1,1,118700
nr2205,20220218,20220218,112105500,11:21:06,11870,23189,32194,2730289950,0,0,0
nr2205,20220218,20220218,112106000,11:21:07,11875,23192,32194,2730646100,3,0,356150
nr2205,20220218,20220218,112106500,11:21:07,11875,23192,32194,2730646100,0,0,0
nr2205,20220218,20220218,112107000,11:21:10,11875,23192,32194,2730646100,0,0,0
nr2205,20220218,20220218,112107500,11:21:10,11875,23192,32194,2730646100,0,0,0
nr2205,20220218,20220218,112108000,11:21:10,11870,23202,32194,2731833100,10,0,1187000
nr2205,20220218,20220218,112108500,11:21:10,11870,23205,32192,2732189200,3,-2,356100
nr2205,20220218,20220218,112110000,11:21:10,11870,23205,32192,2732189200,0,0,0
nr2205,20220218,20220218,112110500,11:21:11,11870,23205,32192,2732189200,0,0,0
nr2205,20220218,20220218,112111000,11:21:11,11870,23205,32192,2732189200,0,0,0
nr2205,20220218,20220218,112112000,11:21:12,11865,23207,32191,2732426550,2,-1,237350
nr2205,20220218,20220218,112112500,11:21:13,11865,23207,32191,2732426550,0,0,0
nr2205,20220218,20220218,112114500,11:21:15,11870,23211,32191,2732901350,4,0,474800
nr2205,20220218,20220218,112115000,11:21:15,11870,23214,32193,2733257450,3,2,356100
nr2205,20220218,20220218,112115500,11:21:15,11870,23214,32193,2733257450,0,0,0
nr2205,20220218,20220218,112116000,11:21:16,11870,23214,32193,2733257450,0,0,0
nr2205,20220218,20220218,112116500,11:21:16,11870,23215,32193,2733376150,1,0,118700
nr2205,20220218,20220218,112117000,11:21:17,11870,23216,32192,2733494850,1,-1,118700
nr2205,20220218,20220218,112117500,11:21:18,11870,23216,32192,2733494850,0,0,0
nr2205,20220218,20220218,112118000,11:21:18,11870,23216,32192,2733494850,0,0,0
nr2205,20220218,20220218,112118500,11:21:18,11870,23216,32192,2733494850,0,0,0
nr2205,20220218,20220218,112119000,11:21:19,11875,23217,32192,2733613600,1,0,118750
nr2205,20220218,20220218,112119500,11:21:20,11875,23217,32192,2733613600,0,0,0
nr2205,20220218,20220218,112120000,11:21:20,11875,23223,32195,2734326100,6,3,712500
nr2205,20220218,20220218,112120500,11:21:21,11875,23225,32195,2734563600,2,0,237500
nr2205,20220218,20220218,112121000,11:21:22,11875,23226,32195,2734682350,1,0,118750
nr2205,20220218,20220218,112121500,11:21:22,11875,23226,32195,2734682350,0,0,0
nr2205,20220218,20220218,112122000,11:21:22,11875,23226,32195,2734682350,0,0,0
nr2205,20220218,20220218,112122500,11:21:22,11875,23226,32195,2734682350,0,0,0
nr2205,20220218,20220218,112123500,11:21:24,11900,23434,32319,2759415950,208,124,24733600
nr2205,20220218,20220218,112124000,11:21:24,11900,23571,32332,2775710950,137,13,16295000
nr2205,20220218,20220218,112124500,11:21:25,11890,23604,32356,2779632850,33,24,3921900
nr2205,20220218,20220218,112125000,11:21:33,11880,23640,32360,2783910750,36,4,4277900
nr2205,20220218,20220218,112125500,11:23:32,11885,23644,32360,2784386150,4,0,475400
nr2205,20220218,20220218,112126000,11:23:33,11885,23670,32369,2787476150,26,9,3090000
nr2205,20220218,20220218,112126500,11:23:33,11885,23675,32369,2788070400,5,0,594250
nr2205,20220218,20220218,112332500,11:23:33,11885,23675,32369,2788070400,0,0,0
nr2205,20220218,20220218,112333000,11:23:33,11930,25020,32731,2948317000,1345,362,160246600
nr2205,20220218,20220218,112333500,11:23:33,11930,25023,32731,2948674900,3,0,357900
nr2205,20220218,20220218,112334000,11:23:34,11930,25023,32731,2948674900,0,0,0
nr2205,20220218,20220218,112334500,11:23:34,11935,25027,32730,2949152300,4,-1,477400
nr2205,20220218,20220218,112335000,11:23:35,11930,25028,32731,2949271600,1,1,119300
nr2205,20220218,20220218,112335500,11:23:35,11930,25029,32732,2949390900,1,1,119300
nr2205,20220218,20220218,112336000,11:23:36,11930,25029,32732,2949390900,0,0,0
nr2205,20220218,20220218,112336500,11:23:38,11930,25029,32732,2949390900,0,0,0
nr2205,20220218,20220218,112337000,11:23:38,11930,25029,32732,2949390900,0,0,0
nr2205,20220218,20220218,112337500,11:23:38,11930,25029,32732,2949390900,0,0,0
nr2205,20220218,20220218,112338000,11:23:38,11935,25049,32744,2951777900,20,12,2387000
nr2205,20220218,20220218,112338500,11:23:38,11935,25065,32741,2953687200,16,-3,1909300
nr2205,20220218,20220218,112339000,11:23:39,11935,25069,32740,2954164600,4,-1,477400
nr2205,20220218,20220218,112339500,11:23:39,11935,25069,32740,2954164600,0,0,0
nr2205,20220218,20220218,112340000,11:23:40,11935,25069,32740,2954164600,0,0,0
nr2205,20220218,20220218,112340500,11:23:40,11935,25069,32740,2954164600,0,0,0
nr2205,20220218,20220218,112341000,11:23:41,11940,25070,32740,2954284000,1,0,119400
nr2205,20220218,20220218,112341500,11:23:42,11935,25071,32741,2954403350,1,1,119350
nr2205,20220218,20220218,112342000,11:23:42,11935,25071,32741,2954403350,0,0,0
nr2205,20220218,20220218,112342500,11:23:42,11935,25071,32741,2954403350,0,0,0
nr2205,20220218,20220218,112343000,11:23:43,11940,25072,32741,2954522750,1,0,119400
nr2205,20220218,20220218,112343500,11:23:43,11940,25089,32737,2956552550,17,-4,2029800
nr2205,20220218,20220218,112344000,11:23:45,11940,25098,32734,2957627150,9,-3,1074600
nr2205,20220218,20220218,112344500,11:23:48,11940,25100,32734,2957865950,2,0,238800
nr2205,20220218,20220218,112345000,11:23:48,11940,25101,32734,2957985350,1,0,119400
nr2205,20220218,20220218,112345500,11:23:48,11940,25105,32733,2958462950,4,-1,477600
nr2205,20220218,20220218,112346000,11:23:48,11940,25107,32734,2958701750,2,1,238800
nr2205,20220218,20220218,112348000,11:23:48,11940,25213,32760,2971364400,106,26,12662650
nr2205,20220218,20220218,112348500,11:23:49,11940,25214,32761,2971483800,1,1,119400
nr2205,20220218,20220218,112349000,11:23:49,11940,25221,32758,2972319600,7,-3,835800
nr2205,20220218,20220218,112349500,11:23:50,11950,25273,32779,2978531700,52,21,6212100
nr2205,20220218,20220218,112350000,11:23:50,11945,25298,32779,2981518550,25,0,2986850
nr2205,20220218,20220218,112350500,11:23:50,11940,25309,32788,2982832350,11,9,1313800
nr2205,20220218,20220218,112351000,11:23:51,11940,25309,32788,2982832350,0,0,0
nr2205,20220218,20220218,112351500,11:23:51,11940,25309,32788,2982832350,0,0,0
nr2205,20220218,20220218,112352000,11:23:52,11945,25330,32795,2985340000,21,7,2507650
nr2205,20220218,20220218,112352500,11:23:52,11955,25374,32817,2990597100,44,22,5257100
nr2205,20220218,20220218,112353000,11:23:53,11950,25411,32822,2995017900,37,5,4420800
nr2205,20220218,20220218,112353500,11:23:53,11945,25440,32841,2998483050,29,19,3465150
nr2205,20220218,20220218,112354000,11:23:54,11950,25446,32844,2999200000,6,3,716950
nr2205,20220218,20220218,112354500,11:23:55,11950,25457,32847,3000514000,11,3,1314000
nr2205,20220218,20220218,112355000,11:23:55,11950,25463,32842,3001230800,6,-5,716800
nr2205,20220218,20220218,112355500,11:23:55,11950,25470,32839,3002067100,7,-3,836300
nr2205,20220218,20220218,112356000,11:23:56,11950,25493,32848,3004815400,23,9,2748300
nr2205,20220218,20220218,112356500,11:23:56,11950,25501,32855,3005771450,8,7,956050
nr2205,20220218,20220218,112357000,11:23:57,11950,25504,32858,3006129950,3,3,358500
nr2205,20220218,20220218,112357500,11:23:57,11950,25506,32860,3006368950,2,2,239000
nr2205,20220218,20220218,112358000,11:23:58,11950,25508,32862,3006607950,2,2,239000
nr2205,20220218,20220218,112358500,11:23:58,11950,25510,32864,3006846950,2,2,239000
nr2205,20220218,20220218,112359000,11:23:59,11950,25515,32868,3007444550,5,4,597600
nr2205,20220218,20220218,112359500,11:23:59,11950,25518,32871,3007803050,3,3,358500
nr2205,20220218,20220218,112400000,11:24:00,11950,25522,32872,3008281200,4,1,478150
nr2205,20220218,20220218,112400500,11:24:00,11955,25531,32878,3009357150,9,6,1075950
nr2205,20220218,20220218,112401000,11:24:01,11955,25537,32875,3010074450,6,-3,717300
nr2205,20220218,20220218,112401500,11:24:01,11955,25540,32878,3010433100,3,3,358650
nr2205,20220218,20220218,112402000,11:24:02,11955,25540,32878,3010433100,0,0,0
nr2205,20220218,20220218,112402500,11:24:02,11955,25540,32878,3010433100,0,0,0
nr2205,20220218,20220218,112403000,11:24:03,11955,25540,32878,3010433100,0,0,0
nr2205,20220218,20220218,112403500,11:24:03,11955,25540,32878,3010433100,0,0,0
nr2205,20220218,20220218,112404000,11:24:04,11955,25540,32878,3010433100,0,0,0
nr2205,20220218,20220218,112404500,11:24:04,11955,25540,32878,3010433100,0,0,0
nr2205,20220218,20220218,112405000,11:24:05,11955,25541,32878,3010552650,1,0,119550
nr2205,20220218,20220218,112405500,11:24:05,11955,25546,32879,3011150400,5,1,597750
nr2205,20220218,20220218,112406000,11:24:06,11955,25552,32885,3011867650,6,6,717250
nr2205,20220218,20220218,112406500,11:24:06,11960,25568,32894,3013780750,16,9,1913100
nr2205,20220218,20220218,112407000,11:24:07,11960,25575,32901,3014617950,7,7,837200
nr2205,20220218,20220218,112407500,11:24:08,11955,25580,32902,3015215600,5,1,597650
nr2205,20220218,20220218,112408000,11:24:08,11955,25585,32905,3015813350,5,3,597750
nr2205,20220218,20220218,112408500,11:24:08,11960,25595,32912,3017008900,10,7,1195550
nr2205,20220218,20220218,112409000,11:24:09,11960,25595,32912,3017008900,0,0,0
nr2205,20220218,20220218,112409500,11:24:11,11960,25597,32912,3017248050,2,0,239150
nr2205,20220218,20220218,112410000,11:24:12,11960,25600,32913,3017606850,3,1,358800
nr2205,20220218,20220218,112410500,11:24:12,11960,25613,32925,3019161100,13,12,1554250
nr2205,20220218,20220218,112411000,11:24:12,11960,25626,32927,3020715750,13,2,1554650
nr2205,20220218,20220218,112411500,11:24:12,11960,25631,32928,3021313750,5,1,598000
nr2205,20220218,20220218,112412000,11:24:12,11960,25637,32930,3022031300,6,2,717550
nr2205,20220218,20220218,112412500,11:24:12,11955,25641,32931,3022509500,4,1,478200
nr2205,20220218,20220218,112413000,11:24:13,11955,25641,32931,3022509500,0,0,0
nr2205,20220218,20220218,112413500,11:24:14,11955,25642,32932,3022629050,1,1,119550
nr2205,20220218,20220218,112414000,11:24:14,11955,25642,32932,3022629050,0,0,0
nr2205,20220218,20220218,112414500,11:24:14,11955,25643,32933,3022748600,1,1,119550
nr2205,20220218,20220218,112415000,11:24:15,11955,25643,32933,3022748600,0,0,0
nr2205,20220218,20220218,112416000,11:24:16,11955,25643,32933,3022748600,0,0,0
nr2205,20220218,20220218,112416500,11:24:17,11955,25644,32933,3022868150,1,0,119550
nr2205,20220218,20220218,112417000,11:24:17,11955,25645,32933,3022987700,1,0,119550
nr2205,20220218,20220218,112417500,11:24:18,11955,25645,32933,3022987700,0,0,0
nr2205,20220218,20220218,112419000,11:24:19,11955,25653,32940,3023944100,8,7,956400
nr2205,20220218,20220218,112419500,11:24:20,11955,25654,32940,3024063650,1,0,119550
nr2205,20220218,20220218,112420000,11:24:20,11960,25660,32944,3024781200,6,4,717550
nr2205,20220218,20220218,112420500,11:24:20,11955,25670,32947,3025977100,10,3,1195900
nr2205,20220218,20220218,112421000,11:24:21,11960,25678,32946,3026933750,8,-1,956650
nr2205,20220218,20220218,112421500,11:24:22,11960,25686,32945,3027890400,8,-1,956650
nr2205,20220218,20220218,112422000,11:24:22,11960,25686,32945,3027890400,0,0,0
nr2205,20220218,20220218,112422500,11:24:23,11960,25686,32945,3027890400,0,0,0
nr2205,20220218,20220218,112423000,11:24:23,11960,25686,32945,3027890400,0,0,0
nr2205,20220218,20220218,112423500,11:24:23,11955,25692,32943,3028607750,6,-2,717350
nr2205,20220218,20220218,112424000,11:24:24,11955,25701,32941,3029683700,9,-2,1075950
nr2205,20220218,20220218,112424500,11:24:24,11955,25701,32941,3029683700,0,0,0
nr2205,20220218,20220218,112425000,11:24:25,11955,25702,32941,3029803250,1,0,119550
nr2205,20220218,20220218,112425500,11:24:25,11955,25702,32941,3029803250,0,0,0
nr2205,20220218,20220218,112426000,11:24:26,11955,25703,32941,3029922800,1,0,119550
nr2205,20220218,20220218,112426500,11:24:26,11955,25703,32941,3029922800,0,0,0
nr2205,20220218,20220218,112427000,11:24:27,11955,25703,32941,3029922800,0,0,0
nr2205,20220218,20220218,112427500,11:24:28,11950,25714,32946,3031237300,11,5,1314500
nr2205,20220218,20220218,112428000,11:24:28,11955,25726,32948,3032671350,12,2,1434050
nr2205,20220218,20220218,112428500,11:24:28,11955,25732,32951,3033388400,6,3,717050
nr2205,20220218,20220218,112429000,11:24:29,11950,25733,32952,3033507900,1,1,119500
nr2205,20220218,20220218,112429500,11:24:29,11950,25740,32959,3034344350,7,7,836450
nr2205,20220218,20220218,112430000,11:24:30,11950,25740,32959,3034344350,0,0,0
nr2205,20220218,20220218,112430500,11:24:30,11950,25747,32961,3035180850,7,2,836500
nr2205,20220218,20220218,112431000,11:24:31,11955,25754,32968,3036017600,7,7,836750
nr2205,20220218,20220218,112431500,11:24:31,11950,25758,32971,3036495700,4,3,478100
nr2205,20220218,20220218,112432000,11:24:32,11950,25764,32975,3037212850,6,4,717150
nr2205,20220218,20220218,112432500,11:24:32,11950,25765,32976,3037332350,1,1,119500
nr2205,20220218,20220218,112433000,11:24:33,11950,25767,32978,3037571350,2,2,239000
nr2205,20220218,20220218,112433500,11:24:33,11950,25769,32979,3037810350,2,1,239000
nr2205,20220218,20220218,112434000,11:24:34,11950,25770,32980,3037929850,1,1,119500
nr2205,20220218,20220218,112434500,11:24:34,11950,25771,32981,3038049350,1,1,119500
nr2205,20220218,20220218,112435000,11:24:35,11950,25772,32982,3038168850,1,1,119500
nr2205,20220218,20220218,112435500,11:24:35,11950,25780,32984,3039125150,8,2,956300
nr2205,20220218,20220218,112436000,11:24:36,11950,25789,32984,3040201050,9,0,1075900
nr2205,20220218,20220218,112436500,11:24:36,11960,25794,32986,3040799050,5,2,598000
nr2205,20220218,20220218,112437000,11:24:37,11955,25800,32989,3041516350,6,3,717300
nr2205,20220218,20220218,112437500,11:24:37,11950,25821,32986,3044026150,21,-3,2509800
nr2205,20220218,20220218,112438000,11:24:39,11950,25821,32986,3044026150,0,0,0
nr2205,20220218,20220218,112438500,11:24:39,11950,25821,32986,3044026150,0,0,0
nr2205,20220218,20220218,112439000,11:24:40,11950,25821,32986,3044026150,0,0,0
nr2205,20220218,20220218,112439500,11:24:40,11950,25821,32986,3044026150,0,0,0
nr2205,20220218,20220218,112440000,11:24:40,11955,25823,32986,3044265250,2,0,239100
nr2205,20220218,20220218,112440500,11:24:40,11955,25826,32987,3044623900,3,1,358650
nr2205,20220218,20220218,112441000,11:24:41,11955,25826,32987,3044623900,0,0,0
nr2205,20220218,20220218,112441500,11:24:41,11955,25826,32987,3044623900,0,0,0
nr2205,20220218,20220218,112442000,11:24:42,11955,25828,32986,3044863000,2,-1,239100
nr2205,20220218,20220218,112442500,11:24:42,11955,25828,32986,3044863000,0,0,0
nr2205,20220218,20220218,112443000,11:24:43,11955,25829,32985,3044982550,1,-1,119550
nr2205,20220218,20220218,112443500,11:24:43,11955,25830,32985,3045102100,1,0,119550
nr2205,20220218,20220218,112444000,11:24:44,11955,25832,32986,3045341200,2,1,239100
nr2205,20220218,20220218,112444500,11:24:44,11955,25833,32986,3045460750,1,0,119550
nr2205,20220218,20220218,112445000,11:24:45,11955,25846,32998,3047014900,13,12,1554150
nr2205,20220218,20220218,112445500,11:24:45,11955,25847,32998,3047134450,1,0,119550
nr2205,20220218,20220218,112446000,11:24:46,11955,25847,32998,3047134450,0,0,0
nr2205,20220218,20220218,112446500,11:24:46,11955,25847,32998,3047134450,0,0,0
nr2205,20220218,20220218,112447000,11:24:47,11955,25847,32998,3047134450,0,0,0
nr2205,20220218,20220218,112447500,11:24:47,11955,25847,32998,3047134450,0,0,0
nr2205,20220218,20220218,112448000,11:24:48,11960,25854,32993,3047971650,7,-5,837200
nr2205,20220218,20220218,112448500,11:24:49,11960,25855,32993,3048091250,1,0,119600
nr2205,20220218,20220218,112449000,11:24:49,11960,25856,32993,3048210850,1,0,119600
nr2205,20220218,20220218,112449500,11:24:49,11960,25857,32994,3048330450,1,1,119600
nr2205,20220218,20220218,112450000,11:24:50,11960,25858,32995,3048450050,1,1,119600
nr2205,20220218,20220218,112450500,11:24:50,11960,25861,32994,3048808950,3,-1,358900
nr2205,20220218,20220218,112451000,11:24:51,11960,25862,32995,3048928550,1,1,119600
nr2205,20220218,20220218,112451500,11:24:52,11965,25869,32992,3049766100,7,-3,837550
nr2205,20220218,20220218,112452000,11:24:52,11965,25878,32991,3050842900,9,-1,1076800
nr2205,20220218,20220218,112452500,11:24:52,11960,25881,32990,3051201800,3,-1,358900
nr2205,20220218,20220218,112453000,11:24:53,11960,25884,32990,3051560700,3,0,358900
nr2205,20220218,20220218,112453500,11:24:53,11960,25885,32991,3051680300,1,1,119600
nr2205,20220218,20220218,112454000,11:24:54,11960,25885,32991,3051680300,0,0,0
nr2205,20220218,20220218,112454500,11:24:54,11960,25885,32991,3051680300,0,0,0
nr2205,20220218,20220218,112455000,11:24:55,11960,25885,32991,3051680300,0,0,0
nr2205,20220218,20220218,112456000,11:24:56,11960,25885,32991,3051680300,0,0,0
nr2205,20220218,20220218,112456500,11:24:56,11960,25885,32991,3051680300,0,0,0
nr2205,20220218,20220218,112457000,11:24:57,11960,25886,32992,3051799900,1,1,119600
nr2205,20220218,20220218,112457500,11:24:57,11960,25886,32992,3051799900,0,0,0
nr2205,20220218,20220218,112458000,11:24:58,11960,25886,32992,3051799900,0,0,0
nr2205,20220218,20220218,112458500,11:24:58,11965,25894,32989,3052757100,8,-3,957200
nr2205,20220218,20220218,112459000,11:24:59,11965,25895,32989,3052876750,1,0,119650
nr2205,20220218,20220218,112459500,11:24:59,11970,25904,32989,3053953550,9,0,1076800
nr2205,20220218,20220218,112500000,11:25:00,11965,25905,32989,3054073200,1,0,119650
nr2205,20220218,20220218,112500500,11:25:01,11965,25910,32987,3054671450,5,-2,598250
nr2205,20220218,20220218,112501000,11:25:01,11960,25915,32987,3055269600,5,0,598150
nr2205,20220218,20220218,112501500,11:25:03,11960,25916,32987,3055389200,1,0,119600
nr2205,20220218,20220218,112502000,11:25:05,11960,25916,32987,3055389200,0,0,0
nr2205,20220218,20220218,112502500,11:25:06,11965,25930,32996,3057064300,14,9,1675100
nr2205,20220218,20220218,112504500,11:25:06,11960,25942,32993,3058499850,12,-3,1435550
nr2205,20220218,20220218,112505500,11:25:06,11965,25948,32991,3059217750,6,-2,717900
nr2205,20220218,20220218,112506000,11:25:06,11965,25948,32991,3059217750,0,0,0
nr2205,20220218,20220218,112506500,11:25:07,11965,25948,32991,3059217750,0,0,0
nr2205,20220218,20220218,112507000,11:25:07,11965,25948,32991,3059217750,0,0,0
nr2205,20220218,20220218,112507500,11:25:07,11965,25948,32991,3059217750,0,0,0
nr2205,20220218,20220218,112508000,11:25:08,11970,25955,32997,3060055650,7,6,837900
nr2205,20220218,20220218,112508500,11:25:08,11970,25955,32997,3060055650,0,0,0
nr2205,20220218,20220218,112509000,11:25:09,11970,25955,32997,3060055650,0,0,0
nr2205,20220218,20220218,112509500,11:25:09,11965,25956,32998,3060175300,1,1,119650
nr2205,20220218,20220218,112510000,11:25:10,11970,25965,33003,3061252350,9,5,1077050
nr2205,20220218,20220218,112510500,11:25:10,11970,25965,33003,3061252350,0,0,0
nr2205,20220218,20220218,112511000,11:25:11,11970,25966,33004,3061372050,1,1,119700
nr2205,20220218,20220218,112511500,11:25:11,11970,25966,33004,3061372050,0,0,0
nr2205,20220218,20220218,112512000,11:25:12,11970,25968,33005,3061611400,2,1,239350
nr2205,20220218,20220218,112512500,11:25:12,11970,25968,33005,3061611400,0,0,0
nr2205,20220218,20220218,112513000,11:25:13,11965,25969,33006,3061731050,1,1,119650
nr2205,20220218,20220218,112513500,11:25:15,11965,25970,33007,3061850700,1,1,119650
nr2205,20220218,20220218,112514000,11:25:15,11970,25971,33008,3061970400,1,1,119700
nr2205,20220218,20220218,112514500,11:25:15,11965,25972,33008,3062090050,1,0,119650
nr2205,20220218,20220218,112515000,11:25:16,11965,25972,33008,3062090050,0,0,0
nr2205,20220218,20220218,112515500,11:25:16,11965,25972,33008,3062090050,0,0,0
nr2205,20220218,20220218,112516000,11:25:16,11970,25981,33013,3063167350,9,5,1077300
nr2205,20220218,20220218,112516500,11:25:16,11970,25981,33013,3063167350,0,0,0
nr2205,20220218,20220218,112517000,11:25:17,11965,25982,33014,3063287000,1,1,119650
nr2205,20220218,20220218,112517500,11:25:18,11965,25983,33015,3063406650,1,1,119650
nr2205,20220218,20220218,112518000,11:25:18,11965,25985,33015,3063646000,2,0,239350
nr2205,20220218,20220218,112518500,11:25:19,11965,25986,33016,3063765650,1,1,119650
nr2205,20220218,20220218,112519000,11:25:19,11965,25987,33016,3063885300,1,0,119650
nr2205,20220218,20220218,112519500,11:25:20,11965,25997,33026,3065081800,10,10,1196500
nr2205,20220218,20220218,112520000,11:25:20,11965,25998,33027,3065201450,1,1,119650
nr2205,20220218,20220218,112520500,11:25:21,11970,26006,33028,3066159050,8,1,957600
nr2205,20220218,20220218,112521000,11:25:21,11970,26006,33028,3066159050,0,0,0
nr2205,20220218,20220218,112521500,11:25:22,11970,26006,33028,3066159050,0,0,0
nr2205,20220218,20220218,112522000,11:25:22,11970,26007,33029,3066278750,1,1,119700
nr2205,20220218,20220218,112522500,11:25:23,11970,26007,33029,3066278750,0,0,0
nr2205,20220218,20220218,112523000,11:25:23,11970,26007,33029,3066278750,0,0,0
nr2205,20220218,20220218,112524000,11:25:25,11970,26007,33029,3066278750,0,0,0
nr2205,20220218,20220218,112524500,11:25:25,11970,26007,33029,3066278750,0,0,0
nr2205,20220218,20220218,112525000,11:25:25,11970,26008,33029,3066398450,1,0,119700
nr2205,20220218,20220218,112525500,11:25:26,11970,26008,33029,3066398450,0,0,0
nr2205,20220218,20220218,112526000,11:25:26,11970,26015,33031,3067236350,7,2,837900
nr2205,20220218,20220218,112526500,11:25:27,11970,26015,33031,3067236350,0,0,0
nr2205,20220218,20220218,112527000,11:25:28,11970,26024,33032,3068313950,9,1,1077600
nr2205,20220218,20220218,112527500,11:25:28,11970,26031,33033,3069152000,7,1,838050
nr2205,20220218,20220218,112528000,11:25:28,11975,26032,33033,3069271750,1,0,119750
nr2205,20220218,20220218,112528500,11:25:28,11970,26034,33033,3069511150,2,0,239400
nr2205,20220218,20220218,112529000,11:25:29,11970,26035,33033,3069630850,1,0,119700
nr2205,20220218,20220218,112529500,11:25:30,11985,26159,33055,3084488950,124,22,14858100
nr2205,20220218,20220218,112530000,11:25:30,11975,26182,33065,3087244850,23,10,2755900
nr2205,20220218,20220218,112530500,11:25:31,11970,26214,33081,3091075650,32,16,3830800
nr2205,20220218,20220218,112531000,11:25:31,11970,26251,33085,3095504900,37,4,4429250
nr2205,20220218,20220218,112531500,11:25:32,11970,26267,33078,3097420100,16,-7,1915200
nr2205,20220218,20220218,112532000,11:25:32,11970,26274,33080,3098258000,7,2,837900
nr2205,20220218,20220218,112532500,11:25:33,11990,26387,33143,3111801100,113,63,13543100
nr2205,20220218,20220218,112533000,11:25:33,11990,26450,33139,3119353650,63,-4,7552550
nr2205,20220218,20220218,112533500,11:25:33,11980,26465,33144,3121150850,15,5,1797200
nr2205,20220218,20220218,112534000,11:25:34,11975,26486,33141,3123665950,21,-3,2515100
nr2205,20220218,20220218,112534500,11:25:34,11975,26519,33118,3127616300,33,-23,3950350
nr2205,20220218,20220218,112535000,11:25:36,11980,26540,33123,3130130750,21,5,2514450
nr2205,20220218,20220218,112535500,11:25:37,11975,26543,33120,3130490000,3,-3,359250
nr2205,20220218,20220218,112536000,11:25:37,11975,26548,33123,3131088750,5,3,598750
nr2205,20220218,20220218,112536500,11:25:37,11970,26560,33115,3132525150,12,-8,1436400
nr2205,20220218,20220218,112537000,11:25:37,11970,26566,33110,3133243350,6,-5,718200
nr2205,20220218,20220218,112537500,11:25:38,11970,26571,33107,3133841850,5,-3,598500
nr2205,20220218,20220218,112538000,11:25:38,11970,26571,33107,3133841850,0,0,0
nr2205,20220218,20220218,112538500,11:25:39,11970,26574,33107,3134200950,3,0,359100
nr2205,20220218,20220218,112539000,11:25:39,11980,26684,33172,3147382650,110,65,13181700
nr2205,20220218,20220218,112539500,11:25:40,11980,26730,33180,3152897450,46,8,5514800
nr2205,20220218,20220218,112540000,11:25:40,11980,26751,33186,3155412900,21,6,2515450
nr2205,20220218,20220218,112540500,11:25:40,11975,26761,33188,3156610850,10,2,1197950
nr2205,20220218,20220218,112541000,11:25:41,11980,26773,33191,3158048450,12,3,1437600
nr2205,20220218,20220218,112541500,11:25:41,11985,26775,33192,3158288100,2,1,239650
nr2205,20220218,20220218,112542000,11:25:42,11980,26777,33194,3158527700,2,2,239600
nr2205,20220218,20220218,112542500,11:25:42,11975,26782,33194,3159126500,5,0,598800
nr2205,20220218,20220218,112543000,11:25:43,11975,26791,33190,3160204250,9,-4,1077750
nr2205,20220218,20220218,112543500,11:25:43,11975,26797,33187,3160922950,6,-3,718700
nr2205,20220218,20220218,112544000,11:25:44,11980,26824,33195,3164158250,27,8,3235300
nr2205,20220218,20220218,112544500,11:25:44,12000,26931,33260,3176991400,107,65,12833150
nr2205,20220218,20220218,112545000,11:25:45,11990,26964,33271,3180949050,33,11,3957650
nr2205,20220218,20220218,112545500,11:25:46,11985,26991,33283,3184185350,27,12,3236300
nr2205,20220218,20220218,112546000,11:25:47,11985,26998,33286,3185024300,7,3,838950
nr2205,20220218,20220218,112546500,11:25:48,11990,27003,33283,3185623600,5,-3,599300
nr2205,20220218,20220218,112547000,11:25:48,11985,27010,33279,3186462550,7,-4,838950
nr2205,20220218,20220218,112547500,11:25:48,11985,27039,33295,3189939400,29,16,3476850
nr2205,20220218,20220218,112548000,11:25:48,11985,27042,33294,3190298950,3,-1,359550
nr2205,20220218,20220218,112548500,11:25:48,11990,27047,33295,3190898250,5,1,599300
nr2205,20220218,20220218,112549000,11:25:49,11985,27048,33295,3191018100,1,0,119850
nr2205,20220218,20220218,112549500,11:25:49,11985,27048,33295,3191018100,0,0,0
nr2205,20220218,20220218,112550000,11:25:50,11985,27051,33295,3191377650,3,0,359550
nr2205,20220218,20220218,112550500,11:25:50,11990,27086,33294,3195573200,35,-1,4195550
nr2205,20220218,20220218,112551000,11:25:51,12000,27137,33313,3201690300,51,19,6117100
nr2205,20220218,20220218,112551500,11:25:51,12000,27211,33365,3210569900,74,52,8879600
nr2205,20220218,20220218,112552000,11:25:52,11990,27230,33375,3212848850,19,10,2278950
nr2205,20220218,20220218,112552500,11:25:52,11990,27232,33375,3213088650,2,0,239800
nr2205,20220218,20220218,112553000,11:25:53,11990,27233,33376,3213208550,1,1,119900
nr2205,20220218,20220218,112553500,11:25:54,11990,27251,33371,3215367400,18,-5,2158850
nr2205,20220218,20220218,112554000,11:25:54,11990,27255,33370,3215847000,4,-1,479600
nr2205,20220218,20220218,112554500,11:25:54,11990,27256,33370,3215966900,1,0,119900
nr2205,20220218,20220218,112555000,11:25:56,11990,27258,33371,3216206700,2,1,239800
nr2205,20220218,20220218,112555500,11:25:56,11990,27258,33371,3216206700,0,0,0
nr2205,20220218,20220218,112556000,11:25:57,11990,27261,33369,3216566400,3,-2,359700
nr2205,20220218,20220218,112556500,11:25:57,11985,27264,33368,3216926000,3,-1,359600
nr2205,20220218,20220218,112557000,11:25:57,11985,27266,33368,3217165750,2,0,239750
nr2205,20220218,20220218,112557500,11:25:57,12000,27317,33383,3223284050,51,15,6118300
nr2205,20220218,20220218,112558000,11:25:59,12000,27349,33409,3227124100,32,26,3840050
nr2205,20220218,20220218,112558500,11:25:59,12000,27378,33429,3230604100,29,20,3480000
nr2205,20220218,20220218,112559000,11:25:59,12000,27383,33432,3231204100,5,3,600000
nr2205,20220218,20220218,112559500,11:26:00,12000,27389,33432,3231924100,6,0,720000
nr2205,20220218,20220218,112600000,11:26:00,12000,27391,33434,3232164100,2,2,240000
nr2205,20220218,20220218,112600500,11:26:01,12000,27395,33437,3232644100,4,3,480000
nr2205,20220218,20220218,112601000,11:26:01,12005,27402,33435,3233484250,7,-2,840150
nr2205,20220218,20220218,112601500,11:26:02,12000,27408,33441,3234204250,6,6,720000
nr2205,20220218,20220218,112602000,11:26:03,12000,27410,33441,3234444250,2,0,240000
nr2205,20220218,20220218,112602500,11:26:03,12000,27419,33446,3235524250,9,5,1080000
nr2205,20220218,20220218,112603000,11:26:03,12000,27420,33446,3235644250,1,0,120000
nr2205,20220218,20220218,112603500,11:26:04,11995,27429,33443,3236723900,9,-3,1079650
nr2205,20220218,20220218,112604000,11:26:05,11995,27430,33443,3236843850,1,0,119950
nr2205,20220218,20220218,112604500,11:26:05,12000,27436,33441,3237563700,6,-2,719850
nr2205,20220218,20220218,112605000,11:26:05,12000,27447,33439,3238883400,11,-2,1319700
nr2205,20220218,20220218,112605500,11:26:05,11995,27450,33439,3239243250,3,0,359850
nr2205,20220218,20220218,112606000,11:26:06,11995,27452,33440,3239483150,2,1,239900
nr2205,20220218,20220218,112606500,11:26:06,11995,27456,33437,3239962950,4,-3,479800
nr2205,20220218,20220218,112607000,11:26:09,12000,27493,33458,3244402400,37,21,4439450
nr2205,20220218,20220218,112607500,11:26:09,12000,27520,33475,3247642450,27,17,3240050
nr2205,20220218,20220218,112609000,11:26:10,12000,27538,33483,3249802450,18,8,2160000
nr2205,20220218,20220218,112609500,11:26:10,12000,27539,33484,3249922450,1,1,120000
nr2205,20220218,20220218,112610000,11:26:10,12000,27540,33485,3250042450,1,1,120000
nr2205,20220218,20220218,112610500,11:26:11,12000,27541,33486,3250162450,1,1,120000
nr2205,20220218,20220218,112611000,11:26:11,12005,27543,33486,3250402500,2,0,240050
nr2205,20220218,20220218,112611500,11:26:11,12000,27545,33488,3250642500,2,2,240000
nr2205,20220218,20220218,112612000,11:26:14,12000,27545,33488,3250642500,0,0,0
nr2205,20220218,20220218,112612500,11:26:14,12000,27548,33491,3251002500,3,3,360000
nr2205,20220218,20220218,112613000,11:26:15,12005,27555,33497,3251842550,7,6,840050
nr2205,20220218,20220218,112614000,11:26:15,12000,27578,33511,3254602650,23,14,2760100
nr2205,20220218,20220218,112614500,11:26:15,12005,27580,33511,3254842700,2,0,240050
nr2205,20220218,20220218,112615000,11:26:16,12000,27582,33512,3255082700,2,1,240000
nr2205,20220218,20220218,112615500,11:26:16,12000,27584,33513,3255322700,2,1,240000
nr2205,20220218,20220218,112616000,11:26:16,12000,27586,33514,3255562700,2,1,240000
nr2205,20220218,20220218,112616500,11:26:17,12000,27586,33514,3255562700,0,0,0
nr2205,20220218,20220218,112617000,11:26:17,12000,27586,33514,3255562700,0,0,0
nr2205,20220218,20220218,112617500,11:26:17,12000,27586,33514,3255562700,0,0,0
nr2205,20220218,20220218,112618000,11:26:18,12005,27595,33517,3256642800,9,3,1080100
nr2205,20220218,20220218,112618500,11:26:18,12000,27601,33521,3257362600,6,4,719800
nr2205,20220218,20220218,112619000,11:26:19,11995,27602,33522,3257482550,1,1,119950
nr2205,20220218,20220218,112619500,11:26:20,11995,27610,33518,3258442500,8,-4,959950
nr2205,20220218,20220218,112620000,11:26:20,12000,27614,33519,3258922500,4,1,480000
nr2205,20220218,20220218,112620500,11:26:20,11995,27618,33519,3259402350,4,0,479850
nr2205,20220218,20220218,112621000,11:26:21,12000,27619,33519,3259522350,1,0,120000
nr2205,20220218,20220218,112621500,11:26:21,12000,27621,33520,3259762350,2,1,240000
nr2205,20220218,20220218,112622000,11:26:22,12000,27628,33526,3260602300,7,6,839950
nr2205,20220218,20220218,112622500,11:26:22,12000,27637,33525,3261682600,9,-1,1080300
nr2205,20220218,20220218,112623000,11:26:23,12000,27639,33527,3261922600,2,2,240000
nr2205,20220218,20220218,112623500,11:26:23,12000,27641,33529,3262162600,2,2,240000
nr2205,20220218,20220218,112624000,11:26:24,12000,27643,33531,3262402600,2,2,240000
nr2205,20220218,20220218,112624500,11:26:24,12000,27645,33533,3262642600,2,2,240000
nr2205,20220218,20220218,112625000,11:26:25,12000,27647,33535,3262882600,2,2,240000
nr2205,20220218,20220218,112625500,11:26:25,12000,27655,33537,3263842850,8,2,960250
nr2205,20220218,20220218,112626000,11:26:26,12000,27657,33539,3264082850,2,2,240000
nr2205,20220218,20220218,112626500,11:26:26,12000,27658,33540,3264202850,1,1,120000
nr2205,20220218,20220218,112627000,11:26:27,12000,27659,33541,3264322850,1,1,120000
nr2205,20220218,20220218,112627500,11:26:27,12000,27663,33543,3264802850,4,2,480000
nr2205,20220218,20220218,112628000,11:26:28,12000,27665,33545,3265042850,2,2,240000
nr2205,20220218,20220218,112628500,11:26:28,12005,27670,33547,3265643000,5,2,600150
nr2205,20220218,20220218,112629000,11:26:29,12000,27672,33549,3265883000,2,2,240000
nr2205,20220218,20220218,112629500,11:26:30,12000,27673,33550,3266003000,1,1,120000
nr2205,20220218,20220218,112630000,11:26:31,12005,27679,33556,3266723250,6,6,720250
nr2205,20220218,20220218,112630500,11:26:31,12000,27680,33557,3266843250,1,1,120000
nr2205,20220218,20220218,112631000,11:26:31,12005,27683,33559,3267203350,3,2,360100
nr2205,20220218,20220218,112631500,11:26:32,12000,27685,33561,3267443350,2,2,240000
nr2205,20220218,20220218,112632000,11:26:32,12005,27705,33545,3269844300,20,-16,2400950
nr2205,20220218,20220218,112632500,11:26:32,12000,27711,33542,3270564550,6,-3,720250
nr2205,20220218,20220218,112633000,11:26:33,12005,27719,33538,3271524950,8,-4,960400
nr2205,20220218,20220218,112633500,11:26:34,12005,27721,33537,3271765050,2,-1,240100
nr2205,20220218,20220218,112634000,11:26:34,12005,27725,33535,3272245250,4,-2,480200
nr2205,20220218,20220218,112634500,11:26:37,12005,27727,33534,3272485350,2,-1,240100
nr2205,20220218,20220218,112635000,11:26:37,12000,27731,33534,3272965500,4,0,480150
nr2205,20220218,20220218,112635500,11:26:37,12000,27731,33534,3272965500,0,0,0
nr2205,20220218,20220218,112636000,11:26:38,12000,27732,33535,3273085500,1,1,120000
nr2205,20220218,20220218,112637000,11:26:54,12000,27735,33537,3273445500,3,2,360000
nr2205,20220218,20220218,112637500,11:26:54,12000,27737,33539,3273685500,2,2,240000
nr2205,20220218,20220218,112638000,11:27:10,12000,27794,33572,3280525500,57,33,6840000
nr2205,20220218,20220218,112638500,11:27:10,12000,27796,33572,3280765450,2,0,239950
nr2205,20220218,20220218,112653500,11:27:11,11995,27860,33549,3288441500,64,-23,7676050
nr2205,20220218,20220218,112710000,11:27:12,12010,28116,33614,3319183500,256,65,30742000
nr2205,20220218,20220218,112710500,11:27:12,12010,28116,33614,3319183500,0,0,0
nr2205,20220218,20220218,112712000,11:27:13,12010,28117,33615,3319303600,1,1,120100
nr2205,20220218,20220218,112712500,11:27:13,12015,28121,33616,3319784100,4,1,480500
nr2205,20220218,20220218,112713000,11:27:13,12015,28121,33616,3319784100,0,0,0
nr2205,20220218,20220218,112713500,11:27:14,12015,28121,33616,3319784100,0,0,0
nr2205,20220218,20220218,112714000,11:27:15,12010,28122,33615,3319904200,1,-1,120100
nr2205,20220218,20220218,112714500,11:27:15,12010,28122,33615,3319904200,0,0,0
nr2205,20220218,20220218,112715000,11:27:15,12010,28122,33615,3319904200,0,0,0
nr2205,20220218,20220218,112715500,11:27:16,12010,28128,33615,3320625000,6,0,720800
nr2205,20220218,20220218,112716000,11:27:16,12010,28132,33613,3321105400,4,-2,480400
nr2205,20220218,20220218,112716500,11:27:17,12010,28133,33614,3321225500,1,1,120100
nr2205,20220218,20220218,112717000,11:27:17,12005,28138,33614,3321825850,5,0,600350
nr2205,20220218,20220218,112717500,11:27:17,12010,28142,33614,3322306250,4,0,480400
nr2205,20220218,20220218,112718000,11:27:18,12015,28144,33613,3322546500,2,-1,240250
nr2205,20220218,20220218,112718500,11:27:19,12015,28144,33613,3322546500,0,0,0
nr2205,20220218,20220218,112719000,11:27:19,12015,28144,33613,3322546500,0,0,0
nr2205,20220218,20220218,112719500,11:27:20,12015,28144,33613,3322546500,0,0,0
nr2205,20220218,20220218,112720000,11:27:20,12015,28144,33613,3322546500,0,0,0
nr2205,20220218,20220218,112720500,11:27:21,12015,28144,33613,3322546500,0,0,0
nr2205,20220218,20220218,112721000,11:27:21,12015,28144,33613,3322546500,0,0,0
nr2205,20220218,20220218,112721500,11:27:22,12015,28145,33612,3322666650,1,-1,120150
nr2205,20220218,20220218,112722000,11:27:22,12015,28149,33612,3323147100,4,0,480450
nr2205,20220218,20220218,112722500,11:27:26,12015,28156,33606,3323988100,7,-6,841000
nr2205,20220218,20220218,112723000,11:27:26,12015,28168,33613,3325429900,12,7,1441800
nr2205,20220218,20220218,112723500,11:27:27,12015,28168,33613,3325429900,0,0,0
nr2205,20220218,20220218,112724000,11:27:27,12015,28180,33611,3326871400,12,-2,1441500
nr2205,20220218,20220218,112724500,11:27:27,12015,28185,33610,3327471950,5,-1,600550
nr2205,20220218,20220218,112726500,11:27:27,12010,28193,33606,3328433000,8,-4,961050
nr2205,20220218,20220218,112727000,11:27:27,12010,28194,33606,3328553100,1,0,120100
nr2205,20220218,20220218,112727500,11:27:27,12010,28195,33606,3328673200,1,0,120100
nr2205,20220218,20220218,112728000,11:27:28,12010,28201,33606,3329393800,6,0,720600
nr2205,20220218,20220218,112728500,11:27:28,12010,28203,33607,3329634000,2,1,240200
nr2205,20220218,20220218,112729000,11:27:29,12010,28205,33608,3329874200,2,1,240200
nr2205,20220218,20220218,112729500,11:27:29,12010,28208,33610,3330234500,3,2,360300
nr2205,20220218,20220218,112730000,11:27:30,12010,28213,33609,3330835000,5,-1,600500
nr2205,20220218,20220218,112730500,11:27:31,12010,28214,33609,3330955100,1,0,120100
nr2205,20220218,20220218,112731000,11:27:31,12010,28219,33608,3331555550,5,-1,600450
nr2205,20220218,20220218,112731500,11:27:35,12010,28221,33609,3331795750,2,1,240200
nr2205,20220218,20220218,112732000,11:27:35,12005,28222,33610,3331915800,1,1,120050
nr2205,20220218,20220218,112732500,11:27:36,12010,28225,33607,3332276100,3,-3,360300
nr2205,20220218,20220218,112735500,11:27:36,12005,28240,33614,3334077450,15,7,1801350
nr2205,20220218,20220218,112736000,11:27:37,12005,28245,33612,3334677700,5,-2,600250
nr2205,20220218,20220218,112736500,11:27:38,12005,28247,33613,3334917800,2,1,240100
nr2205,20220218,20220218,112737000,11:27:38,12010,28252,33611,3335518300,5,-2,600500
nr2205,20220218,20220218,112737500,11:27:38,12005,28261,33611,3336598600,9,0,1080300
nr2205,20220218,20220218,112738000,11:27:38,12005,28263,33611,3336838700,2,0,240100
nr2205,20220218,20220218,112738500,11:27:39,12000,28264,33612,3336958700,1,1,120000
nr2205,20220218,20220218,112739000,11:27:39,12000,28265,33613,3337078700,1,1,120000
nr2205,20220218,20220218,112739500,11:27:39,12000,28266,33613,3337198700,1,0,120000
nr2205,20220218,20220218,112740000,11:27:40,12000,28266,33613,3337198700,0,0,0
nr2205,20220218,20220218,112740500,11:27:40,12000,28266,33613,3337198700,0,0,0
nr2205,20220218,20220218,112741000,11:27:41,12000,28266,33613,3337198700,0,0,0
nr2205,20220218,20220218,112741500,11:27:42,12000,28266,33613,3337198700,0,0,0
nr2205,20220218,20220218,112742000,11:27:42,12000,28266,33613,3337198700,0,0,0
nr2205,20220218,20220218,112742500,11:27:43,12000,28266,33613,3337198700,0,0,0
nr2205,20220218,20220218,112743000,11:27:43,12000,28266,33613,3337198700,0,0,0
nr2205,20220218,20220218,112743500,11:27:43,12005,28277,33618,3338518800,11,5,1320100
nr2205,20220218,20220218,112744000,11:27:44,12000,28282,33615,3339118800,5,-3,600000
nr2205,20220218,20220218,112744500,11:27:45,12000,28286,33616,3339598800,4,1,480000
nr2205,20220218,20220218,112745000,11:27:45,12000,28289,33618,3339958800,3,2,360000
nr2205,20220218,20220218,112745500,11:27:46,12000,28293,33621,3340438800,4,3,480000
nr2205,20220218,20220218,112746000,11:27:46,11995,28294,33621,3340558750,1,0,119950
nr2205,20220218,20220218,112746500,11:27:47,11995,28295,33620,3340678700,1,-1,119950
nr2205,20220218,20220218,112747000,11:27:47,11995,28295,33620,3340678700,0,0,0
nr2205,20220218,20220218,112747500,11:27:47,12005,28318,33628,3343439650,23,8,2760950
nr2205,20220218,20220218,112748000,11:27:48,12000,28319,33629,3343559650,1,1,120000
nr2205,20220218,20220218,112748500,11:27:54,12000,28320,33630,3343679650,1,1,120000
nr2205,20220218,20220218,112749000,11:27:54,12000,28321,33630,3343799650,1,0,120000
nr2205,20220218,20220218,112749500,11:27:54,12005,28346,33649,3346800400,25,19,3000750
nr2205,20220218,20220218,112754000,11:27:54,12005,28346,33649,3346800400,0,0,0
nr2205,20220218,20220218,112754500,11:27:54,12005,28346,33649,3346800400,0,0,0
nr2205,20220218,20220218,112755000,11:27:55,12005,28346,33649,3346800400,0,0,0
nr2205,20220218,20220218,112755500,11:27:55,12005,28346,33649,3346800400,0,0,0
nr2205,20220218,20220218,112756000,11:27:56,12005,28346,33649,3346800400,0,0,0
nr2205,20220218,20220218,112756500,11:27:56,12005,28379,33647,3350762000,33,-2,3961600
nr2205,20220218,20220218,112757000,11:27:57,12005,28380,33647,3350882050,1,0,120050
nr2205,20220218,20220218,112757500,11:27:57,12005,28411,33634,3354603600,31,-13,3721550
nr2205,20220218,20220218,112758000,11:27:58,12010,28422,33626,3355924200,11,-8,1320600
nr2205,20220218,20220218,112758500,11:27:59,12005,28429,33621,3356764550,7,-5,840350
nr2205,20220218,20220218,112759000,11:27:59,12005,28434,33620,3357364800,5,-1,600250
nr2205,20220218,20220218,112759500,11:27:59,12010,28436,33622,3357604950,2,2,240150
nr2205,20220218,20220218,112800000,11:28:00,12005,28438,33622,3357845050,2,0,240100
nr2205,20220218,20220218,112800500,11:28:01,12010,28443,33623,3358445350,5,1,600300
nr2205,20220218,20220218,112801000,11:28:01,12005,28449,33625,3359165800,6,2,720450
nr2205,20220218,20220218,112801500,11:28:02,12005,28450,33624,3359285850,1,-1,120050
nr2205,20220218,20220218,112802000,11:28:03,12005,28450,33624,3359285850,0,0,0
nr2205,20220218,20220218,112802500,11:28:03,12005,28450,33624,3359285850,0,0,0
nr2205,20220218,20220218,112803000,11:28:04,12010,28457,33626,3360126550,7,2,840700
nr2205,20220218,20220218,112803500,11:28:04,12010,28459,33628,3360366750,2,2,240200
nr2205,20220218,20220218,112804000,11:28:04,12010,28461,33628,3360606950,2,0,240200
nr2205,20220218,20220218,112804500,11:28:05,12010,28462,33628,3360727050,1,0,120100
nr2205,20220218,20220218,112805000,11:28:06,12010,28463,33628,3360847150,1,0,120100
nr2205,20220218,20220218,112805500,11:28:06,12010,28464,33628,3360967250,1,0,120100
nr2205,20220218,20220218,112806000,11:28:10,12010,28465,33628,3361087350,1,0,120100
nr2205,20220218,20220218,112806500,11:28:10,12010,28465,33628,3361087350,0,0,0
nr2205,20220218,20220218,112807000,11:28:10,12010,28465,33628,3361087350,0,0,0
nr2205,20220218,20220218,112807500,11:28:10,12015,28471,33626,3361808250,6,-2,720900
nr2205,20220218,20220218,112810000,11:28:11,12020,28482,33629,3363129950,11,3,1321700
nr2205,20220218,20220218,112810500,11:28:11,12020,28485,33632,3363490450,3,3,360500
nr2205,20220218,20220218,112811000,11:28:12,12015,28487,33633,3363730750,2,1,240300
nr2205,20220218,20220218,112811500,11:28:12,12015,28487,33633,3363730750,0,0,0
nr2205,20220218,20220218,112812000,11:28:12,12015,28488,33633,3363850900,1,0,120150
nr2205,20220218,20220218,112812500,11:28:13,12015,28505,33623,3365894250,17,-10,2043350
nr2205,20220218,20220218,112813000,11:28:13,12020,28511,33624,3366615450,6,1,721200
nr2205,20220218,20220218,112813500,11:28:14,12015,28512,33625,3366735600,1,1,120150
nr2205,20220218,20220218,112814000,11:28:14,12015,28517,33621,3367336550,5,-4,600950
nr2205,20220218,20220218,112814500,11:28:14,12015,28518,33621,3367456700,1,0,120150
nr2205,20220218,20220218,112815000,11:28:15,12015,28519,33621,3367576850,1,0,120150
nr2205,20220218,20220218,112815500,11:28:15,12015,28522,33620,3367937350,3,-1,360500
nr2205,20220218,20220218,112816000,11:28:16,12015,28523,33620,3368057500,1,0,120150
nr2205,20220218,20220218,112816500,11:28:16,12015,28524,33621,3368177650,1,1,120150
nr2205,20220218,20220218,112817000,11:28:17,12015,28525,33622,3368297800,1,1,120150
nr2205,20220218,20220218,112817500,11:28:17,12015,28525,33622,3368297800,0,0,0
nr2205,20220218,20220218,112818000,11:28:18,12025,28532,33623,3369139350,7,1,841550
nr2205,20220218,20220218,112818500,11:28:18,12020,28533,33624,3369259550,1,1,120200
nr2205,20220218,20220218,112819000,11:28:19,12020,28536,33627,3369620150,3,3,360600
nr2205,20220218,20220218,112819500,11:28:20,12020,28538,33629,3369860550,2,2,240400
nr2205,20220218,20220218,112820000,11:28:20,12020,28540,33631,3370100950,2,2,240400
nr2205,20220218,20220218,112820500,11:28:20,12020,28542,33633,3370341350,2,2,240400
nr2205,20220218,20220218,112821000,11:28:21,12020,28543,33634,3370461550,1,1,120200
nr2205,20220218,20220218,112821500,11:28:22,12020,28545,33636,3370701950,2,2,240400
nr2205,20220218,20220218,112822000,11:28:22,12020,28546,33636,3370822150,1,0,120200
nr2205,20220218,20220218,112822500,11:28:22,12020,28548,33636,3371062550,2,0,240400
nr2205,20220218,20220218,112823000,11:28:23,12020,28549,33636,3371182750,1,0,120200
nr2205,20220218,20220218,112823500,11:28:23,12025,28551,33636,3371423200,2,0,240450
nr2205,20220218,20220218,112824000,11:28:24,12025,28555,33638,3371904100,4,2,480900
nr2205,20220218,20220218,112824500,11:28:24,12020,28556,33638,3372024300,1,0,120200
nr2205,20220218,20220218,112825000,11:28:25,12020,28558,33638,3372264700,2,0,240400
nr2205,20220218,20220218,112825500,11:28:25,12020,28559,33638,3372384900,1,0,120200
nr2205,20220218,20220218,112826000,11:28:26,12020,28560,33639,3372505100,1,1,120200
nr2205,20220218,20220218,112826500,11:28:26,12020,28564,33640,3372986000,4,1,480900
nr2205,20220218,20220218,112827000,11:28:27,12020,28565,33640,3373106200,1,0,120200
nr2205,20220218,20220218,112827500,11:28:27,12020,28566,33640,3373226400,1,0,120200
nr2205,20220218,20220218,112828000,11:28:28,12020,28567,33640,3373346600,1,0,120200
nr2205,20220218,20220218,112828500,11:28:28,12020,28568,33640,3373466800,1,0,120200
nr2205,20220218,20220218,112829000,11:28:29,12020,28607,33628,3378154050,39,-12,4687250
nr2205,20220218,20220218,112829500,11:28:29,12015,28620,33636,3379716100,13,8,1562050
nr2205,20220218,20220218,112830000,11:28:30,12015,28622,33637,3379956400,2,1,240300
nr2205,20220218,20220218,112830500,11:28:31,12015,28623,33637,3380076550,1,0,120150
nr2205,20220218,20220218,112831000,11:28:31,12015,28623,33637,3380076550,0,0,0
nr2205,20220218,20220218,112831500,11:28:31,12020,28626,33637,3380437150,3,0,360600
nr2205,20220218,20220218,112832000,11:28:32,12015,28627,33637,3380557300,1,0,120150
nr2205,20220218,20220218,112832500,11:28:33,12015,28627,33637,3380557300,0,0,0
nr2205,20220218,20220218,112833000,11:28:33,12015,28627,33637,3380557300,0,0,0
nr2205,20220218,20220218,112833500,11:28:33,12015,28627,33637,3380557300,0,0,0
nr2205,20220218,20220218,112834000,11:28:34,12015,28627,33637,3380557300,0,0,0
nr2205,20220218,20220218,112834500,11:28:34,12015,28627,33637,3380557300,0,0,0
nr2205,20220218,20220218,112835000,11:28:35,12015,28627,33637,3380557300,0,0,0
nr2205,20220218,20220218,112835500,11:28:37,12015,28627,33637,3380557300,0,0,0
nr2205,20220218,20220218,112836000,11:28:37,12015,28628,33637,3380677450,1,0,120150
nr2205,20220218,20220218,112836500,11:28:37,12015,28642,33641,3382359550,14,4,1682100
nr2205,20220218,20220218,112837000,11:28:37,12015,28666,33630,3385243150,24,-11,2883600
nr2205,20220218,20220218,112837500,11:28:37,12015,28672,33627,3385964050,6,-3,720900
nr2205,20220218,20220218,112838000,11:28:38,12015,28672,33627,3385964050,0,0,0
nr2205,20220218,20220218,112838500,11:28:38,12015,28683,33619,3387285700,11,-8,1321650
nr2205,20220218,20220218,112839000,11:28:39,12015,28684,33620,3387405850,1,1,120150
nr2205,20220218,20220218,112839500,11:28:40,12015,28685,33621,3387526000,1,1,120150
nr2205,20220218,20220218,112840000,11:28:40,12015,28692,33619,3388367050,7,-2,841050
nr2205,20220218,20220218,112840500,11:28:40,12020,28706,33606,3390049200,14,-13,1682150
nr2205,20220218,20220218,112841000,11:28:41,12015,28707,33607,3390169350,1,1,120150
nr2205,20220218,20220218,112841500,11:28:41,12015,28708,33608,3390289500,1,1,120150
nr2205,20220218,20220218,112842000,11:28:42,12010,28731,33603,3393052000,23,-5,2762500
nr2205,20220218,20220218,112842500,11:28:42,12010,28732,33604,3393172100,1,1,120100
nr2205,20220218,20220218,112843000,11:28:43,12010,28732,33604,3393172100,0,0,0
nr2205,20220218,20220218,112843500,11:28:44,12015,28733,33604,3393292250,1,0,120150
nr2205,20220218,20220218,112844000,11:28:44,12015,28733,33604,3393292250,0,0,0
nr2205,20220218,20220218,112844500,11:28:44,12010,28753,33597,3395694250,20,-7,2402000
nr2205,20220218,20220218,112845000,11:28:45,12010,28756,33594,3396054550,3,-3,360300
nr2205,20220218,20220218,112845500,11:28:46,12010,28757,33595,3396174650,1,1,120100
nr2205,20220218,20220218,112846000,11:28:46,12010,28758,33595,3396294750,1,0,120100
nr2205,20220218,20220218,112846500,11:28:46,12005,28779,33589,3398815850,21,-6,2521100
nr2205,20220218,20220218,112847000,11:28:47,12010,28785,33587,3399536200,6,-2,720350
nr2205,20220218,20220218,112847500,11:28:48,12010,28785,33587,3399536200,0,0,0
nr2205,20220218,20220218,112848000,11:28:48,12010,28785,33587,3399536200,0,0,0
nr2205,20220218,20220218,112848500,11:28:48,12010,28785,33587,3399536200,0,0,0
nr2205,20220218,20220218,112849000,11:28:49,12010,28785,33587,3399536200,0,0,0
nr2205,20220218,20220218,112849500,11:28:50,12010,28785,33587,3399536200,0,0,0
nr2205,20220218,20220218,112850000,11:28:50,12010,28785,33587,3399536200,0,0,0
nr2205,20220218,20220218,112850500,11:28:50,12010,28787,33587,3399776400,2,0,240200
nr2205,20220218,20220218,112851000,11:28:51,12010,28787,33587,3399776400,0,0,0
nr2205,20220218,20220218,112851500,11:28:51,12010,28787,33587,3399776400,0,0,0
nr2205,20220218,20220218,112852000,11:28:53,12010,28787,33587,3399776400,0,0,0
nr2205,20220218,20220218,112852500,11:28:53,12010,28787,33587,3399776400,0,0,0
nr2205,20220218,20220218,112853000,11:28:54,12005,28788,33587,3399896450,1,0,120050
nr2205,20220218,20220218,112853500,11:28:54,12005,28789,33587,3400016500,1,0,120050
nr2205,20220218,20220218,112854000,11:28:54,12005,28789,33587,3400016500,0,0,0
nr2205,20220218,20220218,112854500,11:28:54,12005,28807,33581,3402177400,18,-6,2160900
nr2205,20220218,20220218,112855000,11:28:55,12005,28808,33581,3402297450,1,0,120050
nr2205,20220218,20220218,112855500,11:28:55,12005,28808,33581,3402297450,0,0,0
nr2205,20220218,20220218,112856000,11:28:56,12005,28808,33581,3402297450,0,0,0
nr2205,20220218,20220218,112856500,11:28:56,12000,28809,33581,3402417450,1,0,120000
nr2205,20220218,20220218,112857000,11:28:57,12000,28810,33582,3402537450,1,1,120000
nr2205,20220218,20220218,112857500,11:28:58,12000,28810,33582,3402537450,0,0,0
nr2205,20220218,20220218,112858000,11:28:58,12000,28810,33582,3402537450,0,0,0
nr2205,20220218,20220218,112858500,11:28:59,12000,28812,33582,3402777450,2,0,240000
nr2205,20220218,20220218,112859000,11:28:59,12000,28812,33582,3402777450,0,0,0
nr2205,20220218,20220218,112859500,11:29:00,12000,28812,33582,3402777450,0,0,0
nr2205,20220218,20220218,112900000,11:29:00,12000,28813,33583,3402897450,1,1,120000
nr2205,20220218,20220218,112900500,11:29:01,12000,28814,33584,3403017450,1,1,120000
nr2205,20220218,20220218,112901000,11:29:01,12000,28815,33585,3403137450,1,1,120000
nr2205,20220218,20220218,112901500,11:29:01,12005,28827,33583,3404577550,12,-2,1440100
nr2205,20220218,20220218,112902000,11:29:02,12000,28830,33584,3404937550,3,1,360000
nr2205,20220218,20220218,112902500,11:29:03,12000,28831,33583,3405057550,1,-1,120000
nr2205,20220218,20220218,112903000,11:29:03,12000,28832,33583,3405177550,1,0,120000
nr2205,20220218,20220218,112903500,11:29:04,12000,28832,33583,3405177550,0,0,0
nr2205,20220218,20220218,112904000,11:29:04,12000,28835,33584,3405537500,3,1,359950
nr2205,20220218,20220218,112904500,11:29:04,12000,28836,33585,3405657500,1,1,120000
nr2205,20220218,20220218,112905000,11:29:05,12000,28836,33585,3405657500,0,0,0
nr2205,20220218,20220218,112905500,11:29:06,12000,28836,33585,3405657500,0,0,0
nr2205,20220218,20220218,112906000,11:29:06,12000,28836,33585,3405657500,0,0,0
nr2205,20220218,20220218,112906500,11:29:06,12000,28836,33585,3405657500,0,0,0
nr2205,20220218,20220218,112907000,11:29:07,12000,28836,33585,3405657500,0,0,0
nr2205,20220218,20220218,112907500,11:29:08,12000,28836,33585,3405657500,0,0,0
nr2205,20220218,20220218,112908000,11:29:08,12000,28836,33585,3405657500,0,0,0
nr2205,20220218,20220218,112908500,11:29:08,12000,28836,33585,3405657500,0,0,0
nr2205,20220218,20220218,112909000,11:29:09,12000,28836,33585,3405657500,0,0,0
nr2205,20220218,20220218,112909500,11:29:09,12000,28836,33585,3405657500,0,0,0
nr2205,20220218,20220218,112910000,11:29:10,12000,28836,33585,3405657500,0,0,0
nr2205,20220218,20220218,112910500,11:29:10,12000,28836,33585,3405657500,0,0,0
nr2205,20220218,20220218,112911500,11:29:12,12000,28839,33584,3406017500,3,-1,360000
nr2205,20220218,20220218,112912000,11:29:12,12000,28839,33584,3406017500,0,0,0
nr2205,20220218,20220218,112912500,11:29:12,12000,28839,33584,3406017500,0,0,0
nr2205,20220218,20220218,112913000,11:29:13,12000,28839,33584,3406017500,0,0,0
nr2205,20220218,20220218,112913500,11:29:14,12000,28844,33589,3406617500,5,5,600000
nr2205,20220218,20220218,112914000,11:29:14,12000,28845,33590,3406737500,1,1,120000
nr2205,20220218,20220218,112914500,11:29:15,12000,28845,33590,3406737500,0,0,0
nr2205,20220218,20220218,112915000,11:29:15,12000,28847,33590,3406977500,2,0,240000
nr2205,20220218,20220218,112915500,11:29:16,12000,28847,33590,3406977500,0,0,0
nr2205,20220218,20220218,112916000,11:29:16,12000,28848,33591,3407097500,1,1,120000
nr2205,20220218,20220218,112916500,11:29:17,12000,28848,33591,3407097500,0,0,0
nr2205,20220218,20220218,112917000,11:29:20,12000,28849,33592,3407217500,1,1,120000
nr2205,20220218,20220218,112917500,11:29:20,12000,28849,33592,3407217500,0,0,0
nr2205,20220218,20220218,112918000,11:29:21,12000,28850,33593,3407337500,1,1,120000
nr2205,20220218,20220218,112920500,11:29:21,12000,28850,33593,3407337500,0,0,0
nr2205,20220218,20220218,112921000,11:29:22,12000,28850,33593,3407337500,0,0,0
nr2205,20220218,20220218,112921500,11:29:24,12000,28850,33593,3407337500,0,0,0
nr2205,20220218,20220218,112922000,11:29:24,12000,28850,33593,3407337500,0,0,0
nr2205,20220218,20220218,112922500,11:29:24,12000,28850,33593,3407337500,0,0,0
nr2205,20220218,20220218,112923000,11:29:24,12000,28850,33593,3407337500,0,0,0
nr2205,20220218,20220218,112924000,11:29:24,12005,28861,33602,3408657650,11,9,1320150
nr2205,20220218,20220218,112924500,11:29:24,12005,28861,33602,3408657650,0,0,0
nr2205,20220218,20220218,112925000,11:29:25,12005,28861,33602,3408657650,0,0,0
nr2205,20220218,20220218,112925500,11:29:25,12005,28861,33602,3408657650,0,0,0
nr2205,20220218,20220218,112926000,11:29:26,12005,28861,33602,3408657650,0,0,0
nr2205,20220218,20220218,112926500,11:29:26,12005,28861,33602,3408657650,0,0,0
nr2205,20220218,20220218,112927000,11:29:27,12005,28861,33602,3408657650,0,0,0
nr2205,20220218,20220218,112927500,11:29:27,12000,28866,33607,3409257650,5,5,600000
nr2205,20220218,20220218,112928000,11:29:28,12000,28867,33608,3409377650,1,1,120000
nr2205,20220218,20220218,112928500,11:29:29,12000,28867,33608,3409377650,0,0,0
nr2205,20220218,20220218,112929000,11:29:29,12000,28867,33608,3409377650,0,0,0
nr2205,20220218,20220218,112929500,11:29:29,12000,28867,33608,3409377650,0,0,0
nr2205,20220218,20220218,112930000,11:29:30,12000,28868,33609,3409497650,1,1,120000
nr2205,20220218,20220218,112930500,11:29:31,12005,28877,33614,3410577750,9,5,1080100
nr2205,20220218,20220218,112931000,11:29:32,12000,28879,33615,3410817750,2,1,240000
nr2205,20220218,20220218,112931500,11:29:32,12005,28880,33615,3410937800,1,0,120050
nr2205,20220218,20220218,112932000,11:29:32,12005,28882,33615,3411177900,2,0,240100
nr2205,20220218,20220218,112932500,11:29:36,12005,28882,33615,3411177900,0,0,0
nr2205,20220218,20220218,112933000,11:29:37,11995,28883,33615,3411297850,1,0,119950
nr2205,20220218,20220218,112933500,11:29:37,11995,28883,33615,3411297850,0,0,0
nr2205,20220218,20220218,112936500,11:29:38,12000,28888,33617,3411897750,5,2,599900
nr2205,20220218,20220218,112937500,11:29:38,12000,28888,33617,3411897750,0,0,0
nr2205,20220218,20220218,112938500,11:29:39,12000,28890,33618,3412137750,2,1,240000
nr2205,20220218,20220218,112939000,11:29:39,12000,28890,33618,3412137750,0,0,0
nr2205,20220218,20220218,112939500,11:29:40,12000,28890,33618,3412137750,0,0,0
nr2205,20220218,20220218,112940000,11:29:40,12000,28890,33618,3412137750,0,0,0
nr2205,20220218,20220218,112942000,11:29:42,12000,28891,33617,3412257750,1,-1,120000
nr2205,20220218,20220218,112943000,11:29:45,12000,28891,33617,3412257750,0,0,0
nr2205,20220218,20220218,112943500,11:29:45,12000,28893,33619,3412497750,2,2,240000
nr2205,20220218,20220218,112944000,11:29:45,12000,28893,33619,3412497750,0,0,0
nr2205,20220218,20220218,112944500,11:29:45,12000,28896,33620,3412857750,3,1,360000
nr2205,20220218,20220218,112945000,11:29:46,12000,28896,33620,3412857750,0,0,0
nr2205,20220218,20220218,112945500,11:29:46,12000,28896,33620,3412857750,0,0,0
nr2205,20220218,20220218,112946000,11:29:46,12000,28897,33621,3412977750,1,1,120000
nr2205,20220218,20220218,112946500,11:29:47,12000,28898,33622,3413097750,1,1,120000
nr2205,20220218,20220218,112947000,11:29:47,12000,28899,33623,3413217750,1,1,120000
nr2205,20220218,20220218,112947500,11:29:48,12000,28900,33624,3413337750,1,1,120000
nr2205,20220218,20220218,112948000,11:29:49,12000,28901,33625,3413457750,1,1,120000
nr2205,20220218,20220218,112948500,11:29:49,12000,28902,33625,3413577750,1,0,120000
nr2205,20220218,20220218,112949000,11:29:50,12000,28902,33625,3413577750,0,0,0
nr2205,20220218,20220218,112949500,11:29:50,12000,28903,33626,3413697750,1,1,120000
nr2205,20220218,20220218,112950000,11:29:51,12005,28907,33627,3414177900,4,1,480150
nr2205,20220218,20220218,112950500,11:29:51,12005,28915,33629,3415138300,8,2,960400
nr2205,20220218,20220218,112951500,11:29:52,12015,28926,33626,3416459400,11,-3,1321100
nr2205,20220218,20220218,112952000,11:29:52,12015,28926,33626,3416459400,0,0,0
nr2205,20220218,20220218,112952500,11:29:53,12000,28929,33626,3416819500,3,0,360100
nr2205,20220218,20220218,112953000,11:29:53,12010,28931,33628,3417059650,2,2,240150
nr2205,20220218,20220218,112953500,11:29:54,12010,28932,33629,3417179750,1,1,120100
nr2205,20220218,20220218,112954000,11:29:54,12010,28932,33629,3417179750,0,0,0
nr2205,20220218,20220218,112954500,11:29:54,12010,28933,33629,3417299850,1,0,120100
nr2205,20220218,20220218,112955000,11:29:55,12015,28941,33627,3418260800,8,-2,960950
nr2205,20220218,20220218,112955500,11:29:56,12015,28949,33621,3419221900,8,-6,961100
nr2205,20220218,20220218,112956000,11:29:56,12015,28951,33621,3419462100,2,0,240200
nr2205,20220218,20220218,112956500,11:30:00,12010,28958,33624,3420302800,7,3,840700
nr2205,20220218,20220218,112957000,11:30:00,12010,28958,33624,3420302800,0,0,0
nr2205,20220218,20220218,112959500,11:30:02,12005,28970,33627,3421744000,12,3,1441200
nr2205,20220218,20220218,113000000,11:30:03,12005,28974,33627,3422224200,4,0,480200
nr2205,20220218,20220218,113000500,11:30:03,12005,28974,33627,3422224200,0,0,0
nr2205,20220218,20220218,113001500,11:30:03,12005,28974,33627,3422224200,0,0,0
nr2205,20220218,20220218,133002000,13:30:08,11995,29006,33635,3426063600,32,8,3839400
nr2205,20220218,20220218,133002500,13:30:08,12000,29015,33637,3427143300,9,2,1079700
nr2205,20220218,20220218,133008000,13:30:10,12000,29136,33634,3441663650,121,-3,14520350
nr2205,20220218,20220218,133008500,13:30:10,11995,29137,33635,3441783600,1,1,119950
nr2205,20220218,20220218,133009500,13:30:10,11995,29147,33633,3442983100,10,-2,1199500
nr2205,20220218,20220218,133010000,13:30:11,11995,29147,33633,3442983100,0,0,0
nr2205,20220218,20220218,133010500,13:30:12,11995,29164,33620,3445021450,17,-13,2038350
nr2205,20220218,20220218,133011000,13:30:13,11990,29169,33617,3445620950,5,-3,599500
nr2205,20220218,20220218,133011500,13:30:13,11995,29179,33610,3446820300,10,-7,1199350
nr2205,20220218,20220218,133012500,13:30:13,11995,29181,33610,3447060200,2,0,239900
nr2205,20220218,20220218,133013000,13:30:13,11990,29187,33612,3447779800,6,2,719600
nr2205,20220218,20220218,133013500,13:30:14,11990,29191,33610,3448259550,4,-2,479750
nr2205,20220218,20220218,133014000,13:30:15,11995,29193,33610,3448499450,2,0,239900
nr2205,20220218,20220218,133014500,13:30:17,11995,29196,33610,3448859300,3,0,359850
nr2205,20220218,20220218,133015000,13:30:17,11995,29200,33610,3449339100,4,0,479800
nr2205,20220218,20220218,133016500,13:30:18,11990,29211,33613,3450658050,11,3,1318950
nr2205,20220218,20220218,133017000,13:30:18,11990,29211,33613,3450658050,0,0,0
nr2205,20220218,20220218,133017500,13:30:19,11990,29212,33613,3450777950,1,0,119900
nr2205,20220218,20220218,133018000,13:30:19,11985,29222,33609,3451976450,10,-4,1198500
nr2205,20220218,20220218,133018500,13:30:20,11990,29224,33609,3452216200,2,0,239750
nr2205,20220218,20220218,133019000,13:30:20,11990,29224,33609,3452216200,0,0,0
nr2205,20220218,20220218,133019500,13:30:20,11990,29224,33609,3452216200,0,0,0
nr2205,20220218,20220218,133020000,13:30:21,11990,29224,33609,3452216200,0,0,0
nr2205,20220218,20220218,133020500,13:30:21,11990,29225,33610,3452336100,1,1,119900
nr2205,20220218,20220218,133021000,13:30:21,11990,29225,33610,3452336100,0,0,0
nr2205,20220218,20220218,133021500,13:30:22,11990,29226,33611,3452456000,1,1,119900
nr2205,20220218,20220218,133022000,13:30:38,11990,29228,33612,3452695750,2,1,239750
nr2205,20220218,20220218,133022500,13:30:38,11990,29242,33605,3454373850,14,-7,1678100
nr2205,20220218,20220218,133023000,13:30:38,11990,29242,33605,3454373850,0,0,0
nr2205,20220218,20220218,133038000,13:30:40,11990,29326,33638,3464445600,84,33,10071750
nr2205,20220218,20220218,133038500,13:30:41,11990,29327,33638,3464565500,1,0,119900
nr2205,20220218,20220218,133040500,13:30:43,11990,29330,33640,3464925200,3,2,359700
nr2205,20220218,20220218,133041000,13:30:43,11990,29338,33639,3465884400,8,-1,959200
nr2205,20220218,20220218,133042500,13:30:44,11990,29338,33639,3465884400,0,0,0
nr2205,20220218,20220218,133043000,13:30:44,11990,29359,33631,3468402300,21,-8,2517900
nr2205,20220218,20220218,133043500,13:30:45,11990,29359,33631,3468402300,0,0,0
nr2205,20220218,20220218,133044000,13:30:46,11990,29362,33631,3468762000,3,0,359700
nr2205,20220218,20220218,133044500,13:30:46,11990,29363,33631,3468881900,1,0,119900
nr2205,20220218,20220218,133045000,13:30:46,11990,29364,33631,3469001800,1,0,119900
nr2205,20220218,20220218,133045500,13:30:47,11990,29364,33631,3469001800,0,0,0
nr2205,20220218,20220218,133046000,13:30:47,11990,29365,33631,3469121700,1,0,119900
nr2205,20220218,20220218,133046500,13:30:47,11990,29367,33629,3469361500,2,-2,239800
nr2205,20220218,20220218,133047000,13:30:48,11990,29367,33629,3469361500,0,0,0
nr2205,20220218,20220218,133047500,13:30:48,11985,29370,33626,3469721050,3,-3,359550
nr2205,20220218,20220218,133048000,13:30:48,11985,29370,33626,3469721050,0,0,0
nr2205,20220218,20220218,133049000,13:30:49,11985,29382,33619,3471159250,12,-7,1438200
nr2205,20220218,20220218,133049500,13:30:50,11985,29384,33618,3471398950,2,-1,239700
nr2205,20220218,20220218,133050000,13:30:51,11985,29386,33617,3471638650,2,-1,239700
nr2205,20220218,20220218,133050500,13:30:51,11990,29392,33619,3472358050,6,2,719400
nr2205,20220218,20220218,133051000,13:30:52,11995,29403,33620,3473677200,11,1,1319150
nr2205,20220218,20220218,133051500,13:30:52,11995,29405,33620,3473917050,2,0,239850
nr2205,20220218,20220218,133052000,13:30:53,11990,29406,33621,3474036950,1,1,119900
nr2205,20220218,20220218,133052500,13:30:54,11990,29406,33621,3474036950,0,0,0
nr2205,20220218,20220218,133053000,13:30:54,11990,29406,33621,3474036950,0,0,0
nr2205,20220218,20220218,133053500,13:30:54,11990,29406,33621,3474036950,0,0,0
nr2205,20220218,20220218,133054000,13:30:54,11990,29406,33621,3474036950,0,0,0
nr2205,20220218,20220218,133054500,13:30:55,11990,29410,33617,3474516550,4,-4,479600
nr2205,20220218,20220218,133055500,13:30:56,11990,29410,33617,3474516550,0,0,0
nr2205,20220218,20220218,133056000,13:30:57,11990,29411,33616,3474636450,1,-1,119900
nr2205,20220218,20220218,133056500,13:30:57,11990,29411,33616,3474636450,0,0,0
nr2205,20220218,20220218,133057000,13:30:58,11990,29412,33616,3474756350,1,0,119900
nr2205,20220218,20220218,133057500,13:30:58,11990,29413,33616,3474876250,1,0,119900
nr2205,20220218,20220218,133058000,13:30:58,11990,29419,33612,3475595650,6,-4,719400
nr2205,20220218,20220218,133058500,13:30:59,11990,29430,33620,3476914550,11,8,1318900
nr2205,20220218,20220218,133059000,13:30:59,11990,29433,33620,3477274250,3,0,359700
nr2205,20220218,20220218,133059500,13:30:59,11990,29442,33627,3478353350,9,7,1079100
nr2205,20220218,20220218,133100000,13:31:00,11990,29442,33627,3478353350,0,0,0
nr2205,20220218,20220218,133100500,13:31:00,11990,29443,33627,3478473250,1,0,119900
nr2205,20220218,20220218,133101000,13:31:01,11990,29443,33627,3478473250,0,0,0
nr2205,20220218,20220218,133101500,13:31:01,11990,29444,33628,3478593150,1,1,119900
nr2205,20220218,20220218,133102000,13:31:02,11990,29444,33628,3478593150,0,0,0
nr2205,20220218,20220218,133102500,13:31:03,11990,29446,33629,3478832950,2,1,239800
nr2205,20220218,20220218,133103000,13:31:03,11995,29459,33633,3480392250,13,4,1559300
nr2205,20220218,20220218,133103500,13:31:05,11995,29474,33629,3482191500,15,-4,1799250
nr2205,20220218,20220218,133104000,13:31:06,12000,29477,33630,3482551400,3,1,359900
nr2205,20220218,20220218,133104500,13:31:07,12000,29480,33630,3482911400,3,0,360000
nr2205,20220218,20220218,133105500,13:31:08,12000,29492,33631,3484351400,12,1,1440000
nr2205,20220218,20220218,133107000,13:31:09,12000,29495,33631,3484711400,3,0,360000
nr2205,20220218,20220218,133107500,13:31:09,12000,29496,33631,3484831400,1,0,120000
nr2205,20220218,20220218,133108500,13:31:09,12005,29498,33631,3485071450,2,0,240050
nr2205,20220218,20220218,133109000,13:31:09,12000,29499,33631,3485191450,1,0,120000
nr2205,20220218,20220218,133109500,13:31:10,12000,29500,33632,3485311450,1,1,120000
nr2205,20220218,20220218,133110000,13:31:11,12005,29513,33638,3486871500,13,6,1560050
nr2205,20220218,20220218,133110500,13:31:11,12000,29514,33638,3486991500,1,0,120000
nr2205,20220218,20220218,133111000,13:31:11,12000,29515,33638,3487111500,1,0,120000
nr2205,20220218,20220218,133111500,13:31:12,12005,29517,33638,3487351550,2,0,240050
nr2205,20220218,20220218,133112000,13:31:12,12000,29518,33639,3487471550,1,1,120000
nr2205,20220218,20220218,133112500,13:31:13,12000,29519,33640,3487591550,1,1,120000
nr2205,20220218,20220218,133113000,13:31:13,12000,29520,33641,3487711550,1,1,120000
nr2205,20220218,20220218,133113500,13:31:15,12005,29522,33642,3487951600,2,1,240050
nr2205,20220218,20220218,133114000,13:31:15,12005,29522,33642,3487951600,0,0,0
nr2205,20220218,20220218,133114500,13:31:15,12005,29522,33642,3487951600,0,0,0
nr2205,20220218,20220218,133115000,13:31:15,12005,29522,33642,3487951600,0,0,0
nr2205,20220218,20220218,133115500,13:31:15,12005,29522,33642,3487951600,0,0,0
nr2205,20220218,20220218,133116000,13:31:16,12005,29532,33640,3489152100,10,-2,1200500
nr2205,20220218,20220218,133116500,13:31:17,12005,29536,33641,3489632450,4,1,480350
nr2205,20220218,20220218,133117000,13:31:17,12010,29545,33645,3490713350,9,4,1080900
nr2205,20220218,20220218,133117500,13:31:18,12010,29553,33652,3491674150,8,7,960800
nr2205,20220218,20220218,133118000,13:31:18,12010,29554,33652,3491794250,1,0,120100
nr2205,20220218,20220218,133118500,13:31:19,12010,29557,33653,3492154550,3,1,360300
nr2205,20220218,20220218,133119000,13:31:20,12010,29561,33652,3492634950,4,-1,480400
nr2205,20220218,20220218,133119500,13:31:20,12010,29561,33652,3492634950,0,0,0
nr2205,20220218,20220218,133120000,13:31:20,12010,29562,33653,3492755050,1,1,120100
nr2205,20220218,20220218,133120500,13:31:21,12010,29562,33653,3492755050,0,0,0
nr2205,20220218,20220218,133121000,13:31:21,12010,29562,33653,3492755050,0,0,0
nr2205,20220218,20220218,133121500,13:31:22,12010,29562,33653,3492755050,0,0,0
nr2205,20220218,20220218,133122000,13:31:22,12010,29563,33654,3492875150,1,1,120100
nr2205,20220218,20220218,133122500,13:31:25,12010,29564,33655,3492995250,1,1,120100
nr2205,20220218,20220218,133123000,13:31:25,12010,29565,33656,3493115350,1,1,120100
nr2205,20220218,20220218,133123500,13:31:25,12010,29565,33656,3493115350,0,0,0
nr2205,20220218,20220218,133155000,13:31:55,12010,29566,33656,3493235450,1,0,120100
nr2205,20220218,20220218,133158000,13:31:58,12010,29567,33657,3493355550,1,1,120100
nr2205,20220218,20220218,133158500,13:31:58,12010,29567,33657,3493355550,0,0,0
nr2205,20220218,20220218,133200500,13:32:01,12010,29567,33657,3493355550,0,0,0
nr2205,20220218,20220218,133201000,13:32:01,12010,29567,33657,3493355550,0,0,0
nr2205,20220218,20220218,133202000,13:32:03,12010,29567,33657,3493355550,0,0,0
nr2205,20220218,20220218,133202500,13:32:04,12010,29567,33657,3493355550,0,0,0
nr2205,20220218,20220218,133203000,13:32:05,12010,29567,33657,3493355550,0,0,0
nr2205,20220218,20220218,133203500,13:32:05,12005,29684,33691,3507403150,117,34,14047600
nr2205,20220218,20220218,133204000,13:32:05,12005,29686,33692,3507643250,2,1,240100
nr2205,20220218,20220218,133205000,13:32:06,12005,29686,33692,3507643250,0,0,0
nr2205,20220218,20220218,133205500,13:32:06,12005,29686,33692,3507643250,0,0,0
nr2205,20220218,20220218,133206000,13:32:06,12005,29686,33692,3507643250,0,0,0
nr2205,20220218,20220218,133206500,13:32:07,12005,29686,33692,3507643250,0,0,0
nr2205,20220218,20220218,133207000,13:32:07,12005,29686,33692,3507643250,0,0,0
nr2205,20220218,20220218,133207500,13:32:07,12005,29686,33692,3507643250,0,0,0
nr2205,20220218,20220218,133208000,13:32:09,12010,29687,33693,3507763350,1,1,120100
nr2205,20220218,20220218,133208500,13:32:10,12005,29689,33692,3508003450,2,-1,240100
nr2205,20220218,20220218,133209000,13:32:10,12005,29689,33692,3508003450,0,0,0
nr2205,20220218,20220218,133209500,13:32:10,12005,29689,33692,3508003450,0,0,0
nr2205,20220218,20220218,133210000,13:32:10,12005,29690,33692,3508123500,1,0,120050
nr2205,20220218,20220218,133210500,13:32:13,12010,29712,33700,3510765650,22,8,2642150
nr2205,20220218,20220218,133211000,13:32:14,12010,29720,33698,3511726450,8,-2,960800
nr2205,20220218,20220218,133213000,13:32:15,12010,29720,33698,3511726450,0,0,0
nr2205,20220218,20220218,133213500,13:32:15,12005,29728,33703,3512687150,8,5,960700
nr2205,20220218,20220218,133214000,13:32:15,12010,29731,33703,3513047450,3,0,360300
nr2205,20220218,20220218,133214500,13:32:16,12010,29732,33704,3513167550,1,1,120100
nr2205,20220218,20220218,133215000,13:32:16,12010,29733,33704,3513287650,1,0,120100
nr2205,20220218,20220218,133215500,13:32:16,12010,29734,33705,3513407750,1,1,120100
nr2205,20220218,20220218,133216000,13:32:17,12010,29735,33706,3513527850,1,1,120100
nr2205,20220218,20220218,133216500,13:32:17,12010,29740,33709,3514128350,5,3,600500
nr2205,20220218,20220218,133217000,13:32:18,12010,29741,33710,3514248450,1,1,120100
nr2205,20220218,20220218,133217500,13:32:18,12010,29742,33711,3514368550,1,1,120100
nr2205,20220218,20220218,133218000,13:32:18,12010,29742,33711,3514368550,0,0,0
nr2205,20220218,20220218,133218500,13:32:19,12010,29747,33716,3514969050,5,5,600500
nr2205,20220218,20220218,133219000,13:32:20,12010,29747,33716,3514969050,0,0,0
nr2205,20220218,20220218,133219500,13:32:20,12010,29748,33717,3515089150,1,1,120100
nr2205,20220218,20220218,133220000,13:32:20,12010,29749,33718,3515209250,1,1,120100
nr2205,20220218,20220218,133220500,13:32:21,12010,29750,33719,3515329350,1,1,120100
nr2205,20220218,20220218,133221000,13:32:21,12010,29751,33720,3515449450,1,1,120100
nr2205,20220218,20220218,133221500,13:32:22,12010,29752,33721,3515569550,1,1,120100
nr2205,20220218,20220218,133222000,13:32:22,12010,29753,33722,3515689650,1,1,120100
nr2205,20220218,20220218,133222500,13:32:24,12010,29754,33723,3515809750,1,1,120100
nr2205,20220218,20220218,133223000,13:32:24,12010,29754,33723,3515809750,0,0,0
nr2205,20220218,20220218,133223500,13:32:24,12010,29756,33725,3516049950,2,2,240200
nr2205,20220218,20220218,133224000,13:32:24,12010,29756,33725,3516049950,0,0,0
nr2205,20220218,20220218,133224500,13:32:25,12010,29757,33726,3516170050,1,1,120100
nr2205,20220218,20220218,133225000,13:32:25,12010,29758,33727,3516290150,1,1,120100
nr2205,20220218,20220218,133225500,13:32:25,12010,29758,33727,3516290150,0,0,0
nr2205,20220218,20220218,133226000,13:32:27,12010,29758,33727,3516290150,0,0,0
nr2205,20220218,20220218,133226500,13:32:27,12010,29758,33727,3516290150,0,0,0
nr2205,20220218,20220218,133227000,13:32:27,12010,29758,33727,3516290150,0,0,0
nr2205,20220218,20220218,133228500,13:32:33,12010,29758,33727,3516290150,0,0,0
nr2205,20220218,20220218,133229000,13:32:33,12010,29758,33727,3516290150,0,0,0
nr2205,20220218,20220218,133229500,13:32:34,12010,29758,33727,3516290150,0,0,0
nr2205,20220218,20220218,133232000,13:32:35,12010,29772,33738,3517971550,14,11,1681400
nr2205,20220218,20220218,133234500,13:32:35,12010,29772,33738,3517971550,0,0,0
nr2205,20220218,20220218,133235000,13:32:36,12010,29776,33740,3518451950,4,2,480400
nr2205,20220218,20220218,133235500,13:32:36,12010,29776,33740,3518451950,0,0,0
nr2205,20220218,20220218,133236000,13:32:36,12010,29776,33740,3518451950,0,0,0
nr2205,20220218,20220218,133236500,13:32:37,12010,29776,33740,3518451950,0,0,0
nr2205,20220218,20220218,133237000,13:32:37,12015,29782,33738,3519172850,6,-2,720900
nr2205,20220218,20220218,133237500,13:32:37,12015,29787,33736,3519773600,5,-2,600750
nr2205,20220218,20220218,133238000,13:32:38,12010,29802,33736,3521575850,15,0,1802250
nr2205,20220218,20220218,133238500,13:32:39,12010,29810,33736,3522536850,8,0,961000
nr2205,20220218,20220218,133239000,13:32:39,12010,29810,33736,3522536850,0,0,0
nr2205,20220218,20220218,133239500,13:32:40,12010,29810,33736,3522536850,0,0,0
nr2205,20220218,20220218,133240000,13:32:40,12015,29812,33738,3522777100,2,2,240250
nr2205,20220218,20220218,133240500,13:32:40,12010,29813,33739,3522897200,1,1,120100
nr2205,20220218,20220218,133241000,13:32:41,12010,29814,33740,3523017300,1,1,120100
nr2205,20220218,20220218,133241500,13:32:42,12010,29815,33741,3523137400,1,1,120100
nr2205,20220218,20220218,133242000,13:32:42,12010,29816,33742,3523257500,1,1,120100
nr2205,20220218,20220218,133242500,13:32:42,12010,29817,33743,3523377600,1,1,120100
nr2205,20220218,20220218,133243000,13:32:43,12010,29817,33743,3523377600,0,0,0
nr2205,20220218,20220218,133243500,13:32:43,12010,29817,33743,3523377600,0,0,0
nr2205,20220218,20220218,133244000,13:32:44,12010,29818,33744,3523497700,1,1,120100
nr2205,20220218,20220218,133244500,13:32:45,12010,29818,33744,3523497700,0,0,0
nr2205,20220218,20220218,133245000,13:32:45,12010,29818,33744,3523497700,0,0,0
nr2205,20220218,20220218,133245500,13:32:45,12010,29818,33744,3523497700,0,0,0
nr2205,20220218,20220218,133246000,13:32:47,12010,29818,33744,3523497700,0,0,0
nr2205,20220218,20220218,133246500,13:32:47,12010,29818,33744,3523497700,0,0,0
nr2205,20220218,20220218,133248000,13:32:48,12005,29849,33764,3527220750,31,20,3723050
nr2205,20220218,20220218,133248500,13:32:49,12010,29857,33768,3528181550,8,4,960800
nr2205,20220218,20220218,133249000,13:32:49,12010,29879,33786,3530823750,22,18,2642200
nr2205,20220218,20220218,133249500,13:32:50,12010,29879,33786,3530823750,0,0,0
nr2205,20220218,20220218,133250000,13:32:50,12010,29879,33786,3530823750,0,0,0
nr2205,20220218,20220218,133250500,13:32:52,12010,29879,33786,3530823750,0,0,0
nr2205,20220218,20220218,133251000,13:32:53,12010,29879,33786,3530823750,0,0,0
nr2205,20220218,20220218,133251500,13:32:53,12010,29879,33786,3530823750,0,0,0
nr2205,20220218,20220218,133252500,13:32:53,12010,29879,33786,3530823750,0,0,0
nr2205,20220218,20220218,133253000,13:32:53,12010,29879,33786,3530823750,0,0,0
nr2205,20220218,20220218,133253500,13:32:54,12010,29879,33786,3530823750,0,0,0
nr2205,20220218,20220218,133254000,13:32:54,12010,29879,33786,3530823750,0,0,0
nr2205,20220218,20220218,133254500,13:32:55,12010,29879,33786,3530823750,0,0,0
nr2205,20220218,20220218,133255000,13:32:55,12010,29879,33786,3530823750,0,0,0
nr2205,20220218,20220218,133255500,13:32:55,12010,29879,33786,3530823750,0,0,0
nr2205,20220218,20220218,133256000,13:32:56,12010,29879,33786,3530823750,0,0,0
nr2205,20220218,20220218,133257000,13:32:59,12010,29879,33786,3530823750,0,0,0
nr2205,20220218,20220218,133257500,13:33:00,12010,29879,33786,3530823750,0,0,0
nr2205,20220218,20220218,133258000,13:33:00,12010,29879,33786,3530823750,0,0,0
nr2205,20220218,20220218,133259500,13:33:01,12010,29879,33786,3530823750,0,0,0
nr2205,20220218,20220218,133300500,13:33:01,12010,29879,33786,3530823750,0,0,0
nr2205,20220218,20220218,133301000,13:33:02,12010,29879,33786,3530823750,0,0,0
nr2205,20220218,20220218,133301500,13:33:02,12015,29880,33785,3530943900,1,-1,120150
nr2205,20220218,20220218,133302000,13:33:03,12015,29883,33784,3531304350,3,-1,360450
nr2205,20220218,20220218,133302500,13:33:03,12015,29892,33785,3532385700,9,1,1081350
nr2205,20220218,20220218,133303000,13:33:03,12010,29933,33776,3537310300,41,-9,4924600
nr2205,20220218,20220218,133303500,13:33:04,12010,29943,33778,3538511300,10,2,1201000
nr2205,20220218,20220218,133304000,13:33:04,12010,29953,33782,3539712300,10,4,1201000
nr2205,20220218,20220218,133304500,13:33:05,12010,29956,33785,3540072600,3,3,360300
nr2205,20220218,20220218,133305000,13:33:05,12010,29956,33785,3540072600,0,0,0
nr2205,20220218,20220218,133305500,13:33:05,12010,29957,33786,3540192700,1,1,120100
nr2205,20220218,20220218,133306000,13:33:06,12010,29962,33790,3540793200,5,4,600500
nr2205,20220218,20220218,133306500,13:33:06,12010,29962,33790,3540793200,0,0,0
nr2205,20220218,20220218,133307000,13:33:07,12010,29962,33790,3540793200,0,0,0
nr2205,20220218,20220218,133307500,13:33:08,12010,29962,33790,3540793200,0,0,0
nr2205,20220218,20220218,133308000,13:33:08,12010,29962,33790,3540793200,0,0,0
nr2205,20220218,20220218,133308500,13:33:09,12010,29962,33790,3540793200,0,0,0
nr2205,20220218,20220218,133309000,13:33:09,12005,30000,33822,3545355900,38,32,4562700
nr2205,20220218,20220218,133309500,13:33:10,12005,30000,33822,3545355900,0,0,0
nr2205,20220218,20220218,133310000,13:33:11,12005,30003,33823,3545716150,3,1,360250
nr2205,20220218,20220218,133310500,13:33:12,12005,30003,33823,3545716150,0,0,0
nr2205,20220218,20220218,133311000,13:33:13,12010,30005,33823,3545956350,2,0,240200
nr2205,20220218,20220218,133311500,13:33:14,12010,30005,33823,3545956350,0,0,0
nr2205,20220218,20220218,133312000,13:33:14,12010,30005,33823,3545956350,0,0,0
nr2205,20220218,20220218,133313000,13:33:15,12010,30005,33823,3545956350,0,0,0
nr2205,20220218,20220218,133314000,13:33:15,12010,30005,33823,3545956350,0,0,0
nr2205,20220218,20220218,133314500,13:33:17,12010,30005,33823,3545956350,0,0,0
nr2205,20220218,20220218,133315000,13:33:18,12010,30005,33823,3545956350,0,0,0
nr2205,20220218,20220218,133315500,13:33:18,12010,30005,33823,3545956350,0,0,0
nr2205,20220218,20220218,133317000,13:33:18,12010,30009,33823,3546436750,4,0,480400
nr2205,20220218,20220218,133317500,13:33:19,12010,30010,33822,3546556850,1,-1,120100
nr2205,20220218,20220218,133318000,13:33:19,12010,30010,33822,3546556850,0,0,0
nr2205,20220218,20220218,133318500,13:33:19,12010,30010,33822,3546556850,0,0,0
nr2205,20220218,20220218,133319000,13:33:20,12010,30010,33822,3546556850,0,0,0
nr2205,20220218,20220218,133319500,13:33:21,12010,30010,33822,3546556850,0,0,0
nr2205,20220218,20220218,133320000,13:33:21,12010,30010,33822,3546556850,0,0,0
nr2205,20220218,20220218,133320500,13:33:21,12010,30010,33822,3546556850,0,0,0
nr2205,20220218,20220218,133321000,13:33:22,12010,30010,33822,3546556850,0,0,0
nr2205,20220218,20220218,133321500,13:33:22,12010,30010,33822,3546556850,0,0,0
nr2205,20220218,20220218,133322000,13:33:22,12010,30010,33822,3546556850,0,0,0
nr2205,20220218,20220218,133322500,13:33:22,12010,30010,33822,3546556850,0,0,0
nr2205,20220218,20220218,133323000,13:33:23,12010,30010,33822,3546556850,0,0,0
nr2205,20220218,20220218,133323500,13:33:24,12010,30010,33822,3546556850,0,0,0
nr2205,20220218,20220218,133324000,13:33:24,12010,30010,33822,3546556850,0,0,0
nr2205,20220218,20220218,133324500,13:33:25,12010,30014,33826,3547037250,4,4,480400
nr2205,20220218,20220218,133325000,13:33:26,12010,30014,33826,3547037250,0,0,0
nr2205,20220218,20220218,133325500,13:33:27,12015,30017,33823,3547397700,3,-3,360450
nr2205,20220218,20220218,133326000,13:33:27,12015,30018,33823,3547517850,1,0,120150
nr2205,20220218,20220218,133326500,13:33:29,12015,30018,33823,3547517850,0,0,0
nr2205,20220218,20220218,133327000,13:33:29,12015,30018,33823,3547517850,0,0,0
nr2205,20220218,20220218,133327500,13:33:29,12015,30018,33823,3547517850,0,0,0
nr2205,20220218,20220218,133328500,13:33:30,12015,30018,33823,3547517850,0,0,0
nr2205,20220218,20220218,133329000,13:33:30,12015,30018,33823,3547517850,0,0,0
nr2205,20220218,20220218,133329500,13:33:30,12015,30019,33823,3547638000,1,0,120150
nr2205,20220218,20220218,133330000,13:33:30,12015,30019,33823,3547638000,0,0,0
nr2205,20220218,20220218,133331000,13:33:32,12015,30019,33823,3547638000,0,0,0
nr2205,20220218,20220218,133331500,13:33:32,12015,30019,33823,3547638000,0,0,0
nr2205,20220218,20220218,133332000,13:33:32,12010,30032,33835,3549199300,13,12,1561300
nr2205,20220218,20220218,133332500,13:33:33,12010,30032,33835,3549199300,0,0,0
nr2205,20220218,20220218,133333000,13:33:33,12015,30034,33836,3549439600,2,1,240300
nr2205,20220218,20220218,133333500,13:33:33,12015,30034,33836,3549439600,0,0,0
nr2205,20220218,20220218,133334000,13:33:34,12015,30034,33836,3549439600,0,0,0
nr2205,20220218,20220218,133334500,13:33:34,12015,30034,33836,3549439600,0,0,0
nr2205,20220218,20220218,133335000,13:33:35,12015,30034,33836,3549439600,0,0,0
nr2205,20220218,20220218,133335500,13:33:35,12015,30034,33836,3549439600,0,0,0
nr2205,20220218,20220218,133336000,13:33:36,12015,30034,33836,3549439600,0,0,0
nr2205,20220218,20220218,133337000,13:33:37,12015,30034,33836,3549439600,0,0,0
nr2205,20220218,20220218,133337500,13:33:37,12010,30045,33836,3550760700,11,0,1321100
nr2205,20220218,20220218,133338000,13:33:38,12010,30045,33836,3550760700,0,0,0
nr2205,20220218,20220218,133338500,13:33:39,12010,30045,33836,3550760700,0,0,0
nr2205,20220218,20220218,133339000,13:33:39,12010,30066,33855,3553282800,21,19,2522100
nr2205,20220218,20220218,133339500,13:33:40,12010,30066,33855,3553282800,0,0,0
nr2205,20220218,20220218,133340000,13:33:40,12010,30066,33855,3553282800,0,0,0
nr2205,20220218,20220218,133340500,13:33:41,12010,30066,33855,3553282800,0,0,0
nr2205,20220218,20220218,133341000,13:33:41,12010,30066,33855,3553282800,0,0,0
nr2205,20220218,20220218,133341500,13:33:42,12010,30066,33855,3553282800,0,0,0
nr2205,20220218,20220218,133343000,13:33:43,12010,30066,33855,3553282800,0,0,0
nr2205,20220218,20220218,133344500,13:33:45,12010,30066,33855,3553282800,0,0,0
nr2205,20220218,20220218,133346000,13:33:47,12010,30066,33855,3553282800,0,0,0
nr2205,20220218,20220218,133346500,13:33:48,12010,30066,33855,3553282800,0,0,0
nr2205,20220218,20220218,133350000,13:33:50,12010,30066,33855,3553282800,0,0,0
nr2205,20220218,20220218,133351000,13:33:51,12010,30066,33855,3553282800,0,0,0
nr2205,20220218,20220218,133351500,13:33:52,12010,30066,33855,3553282800,0,0,0
nr2205,20220218,20220218,133352000,13:33:52,12010,30066,33855,3553282800,0,0,0
nr2205,20220218,20220218,133353500,13:33:53,12010,30066,33855,3553282800,0,0,0
nr2205,20220218,20220218,133354000,13:33:54,12005,30067,33855,3553402850,1,0,120050
nr2205,20220218,20220218,133354500,13:33:55,12005,30068,33856,3553522900,1,1,120050
nr2205,20220218,20220218,133355000,13:33:56,12005,30106,33861,3558084800,38,5,4561900
nr2205,20220218,20220218,133355500,13:33:56,12005,30106,33861,3558084800,0,0,0
nr2205,20220218,20220218,133356000,13:33:56,12005,30106,33861,3558084800,0,0,0
nr2205,20220218,20220218,133356500,13:33:57,12005,30106,33861,3558084800,0,0,0
nr2205,20220218,20220218,133357000,13:33:57,12005,30106,33861,3558084800,0,0,0
nr2205,20220218,20220218,133359000,13:33:59,12005,30106,33861,3558084800,0,0,0
nr2205,20220218,20220218,133400500,13:34:00,12005,30106,33861,3558084800,0,0,0
nr2205,20220218,20220218,133401000,13:34:01,12005,30106,33861,3558084800,0,0,0
nr2205,20220218,20220218,133401500,13:34:02,12005,30106,33861,3558084800,0,0,0
nr2205,20220218,20220218,133402000,13:34:02,12005,30106,33861,3558084800,0,0,0
nr2205,20220218,20220218,133402500,13:34:10,12005,30106,33861,3558084800,0,0,0
nr2205,20220218,20220218,133410000,13:34:12,12005,30106,33861,3558084800,0,0,0
nr2205,20220218,20220218,133410500,13:34:12,12005,30106,33861,3558084800,0,0,0
nr2205,20220218,20220218,133411000,13:34:12,12005,30106,33861,3558084800,0,0,0
nr2205,20220218,20220218,133411500,13:34:12,12005,30106,33861,3558084800,0,0,0
nr2205,20220218,20220218,133413000,13:34:13,12005,30106,33861,3558084800,0,0,0
nr2205,20220218,20220218,133413500,13:34:14,11995,30183,33899,3567324750,77,38,9239950
nr2205,20220218,20220218,133414000,13:34:14,11995,30183,33899,3567324750,0,0,0
nr2205,20220218,20220218,133414500,13:34:15,11995,30183,33899,3567324750,0,0,0
nr2205,20220218,20220218,133416500,13:34:16,11995,30183,33899,3567324750,0,0,0
nr2205,20220218,20220218,133418500,13:34:19,11995,30193,33904,3568524250,10,5,1199500
nr2205,20220218,20220218,133419000,13:34:19,11995,30193,33904,3568524250,0,0,0
nr2205,20220218,20220218,133419500,13:34:20,11995,30193,33904,3568524250,0,0,0
nr2205,20220218,20220218,133420000,13:34:20,11995,30193,33904,3568524250,0,0,0
nr2205,20220218,20220218,133420500,13:34:21,11995,30193,33904,3568524250,0,0,0
nr2205,20220218,20220218,133421000,13:34:23,11995,30193,33904,3568524250,0,0,0
nr2205,20220218,20220218,133421500,13:34:24,12000,30240,33910,3574164250,47,6,5640000
nr2205,20220218,20220218,133423000,13:34:24,12000,30243,33910,3574524250,3,0,360000
nr2205,20220218,20220218,133423500,13:34:24,12000,30244,33911,3574644250,1,1,120000
nr2205,20220218,20220218,133424000,13:34:24,12000,30245,33912,3574764250,1,1,120000
nr2205,20220218,20220218,133424500,13:34:24,12000,30245,33912,3574764250,0,0,0
nr2205,20220218,20220218,133425000,13:34:25,12000,30245,33912,3574764250,0,0,0
nr2205,20220218,20220218,133425500,13:34:25,12000,30245,33912,3574764250,0,0,0
nr2205,20220218,20220218,133426000,13:34:26,12000,30245,33912,3574764250,0,0,0
nr2205,20220218,20220218,133426500,13:34:26,12000,30245,33912,3574764250,0,0,0
nr2205,20220218,20220218,133427000,13:34:27,12000,30245,33912,3574764250,0,0,0
nr2205,20220218,20220218,133427500,13:34:27,12000,30245,33912,3574764250,0,0,0
nr2205,20220218,20220218,133428000,13:34:28,12000,30245,33912,3574764250,0,0,0
nr2205,20220218,20220218,133428500,13:34:28,12000,30245,33912,3574764250,0,0,0
nr2205,20220218,20220218,133429000,13:34:29,12000,30245,33912,3574764250,0,0,0
nr2205,20220218,20220218,133429500,13:34:29,12000,30245,33912,3574764250,0,0,0
nr2205,20220218,20220218,133430000,13:34:30,12000,30245,33912,3574764250,0,0,0
nr2205,20220218,20220218,133430500,13:34:30,12000,30245,33912,3574764250,0,0,0
nr2205,20220218,20220218,133433500,13:34:34,12000,30245,33912,3574764250,0,0,0
nr2205,20220218,20220218,133434000,13:34:34,12000,30245,33912,3574764250,0,0,0
nr2205,20220218,20220218,133435500,13:34:36,12000,30245,33912,3574764250,0,0,0
nr2205,20220218,20220218,133436000,13:34:36,11995,30270,33931,3577763000,25,19,2998750
nr2205,20220218,20220218,133436500,13:34:36,11995,30279,33927,3578842550,9,-4,1079550
nr2205,20220218,20220218,133437000,13:34:37,11995,30279,33927,3578842550,0,0,0
nr2205,20220218,20220218,133437500,13:34:38,11995,30279,33927,3578842550,0,0,0
nr2205,20220218,20220218,133438000,13:34:38,11995,30279,33927,3578842550,0,0,0
nr2205,20220218,20220218,133438500,13:34:38,11995,30279,33927,3578842550,0,0,0
nr2205,20220218,20220218,133439000,13:34:39,11995,30279,33927,3578842550,0,0,0
nr2205,20220218,20220218,133439500,13:34:39,11995,30279,33927,3578842550,0,0,0
nr2205,20220218,20220218,133440000,13:34:40,11995,30279,33927,3578842550,0,0,0
nr2205,20220218,20220218,133440500,13:34:41,11995,30279,33927,3578842550,0,0,0
nr2205,20220218,20220218,133441000,13:34:41,12000,30291,33922,3580282000,12,-5,1439450
nr2205,20220218,20220218,133441500,13:34:42,12000,30291,33922,3580282000,0,0,0
nr2205,20220218,20220218,133442000,13:34:43,11995,30292,33922,3580401950,1,0,119950
nr2205,20220218,20220218,133442500,13:34:44,11995,30308,33931,3582321150,16,9,1919200
nr2205,20220218,20220218,133443000,13:34:45,11995,30310,33931,3582561050,2,0,239900
nr2205,20220218,20220218,133443500,13:34:45,11995,30310,33931,3582561050,0,0,0
nr2205,20220218,20220218,133444000,13:34:45,11995,30310,33931,3582561050,0,0,0
nr2205,20220218,20220218,133445000,13:34:46,11995,30310,33931,3582561050,0,0,0
nr2205,20220218,20220218,133445500,13:34:46,11990,30311,33932,3582680950,1,1,119900
nr2205,20220218,20220218,133446000,13:34:46,11990,30311,33932,3582680950,0,0,0
nr2205,20220218,20220218,133446500,13:34:47,11990,30311,33932,3582680950,0,0,0
nr2205,20220218,20220218,133447000,13:34:47,11990,30311,33932,3582680950,0,0,0
nr2205,20220218,20220218,133448500,13:34:49,11990,30312,33932,3582800850,1,0,119900
nr2205,20220218,20220218,133449000,13:34:49,11990,30312,33932,3582800850,0,0,0
nr2205,20220218,20220218,133449500,13:34:49,11990,30312,33932,3582800850,0,0,0
nr2205,20220218,20220218,133450000,13:34:50,11990,30312,33932,3582800850,0,0,0
nr2205,20220218,20220218,133450500,13:34:51,11990,30312,33932,3582800850,0,0,0
nr2205,20220218,20220218,133453500,13:34:55,11990,30312,33932,3582800850,0,0,0
nr2205,20220218,20220218,133457000,13:34:57,11990,30313,33932,3582920750,1,0,119900
nr2205,20220218,20220218,133457500,13:34:57,11990,30318,33936,3583520250,5,4,599500
nr2205,20220218,20220218,133458000,13:34:58,11990,30318,33936,3583520250,0,0,0
nr2205,20220218,20220218,133458500,13:34:59,11990,30320,33937,3583760050,2,1,239800
nr2205,20220218,20220218,133459000,13:34:59,11990,30330,33937,3584959050,10,0,1199000
nr2205,20220218,20220218,133459500,13:34:59,11990,30353,33954,3587716750,23,17,2757700
nr2205,20220218,20220218,133500000,13:35:00,11990,30360,33950,3588556050,7,-4,839300
nr2205,20220218,20220218,133500500,13:35:00,11990,30361,33950,3588675950,1,0,119900
nr2205,20220218,20220218,133501000,13:35:04,11990,30364,33949,3589035650,3,-1,359700
nr2205,20220218,20220218,133501500,13:35:05,11990,30365,33949,3589155550,1,0,119900
nr2205,20220218,20220218,133502000,13:35:10,11990,30366,33948,3589275450,1,-1,119900
nr2205,20220218,20220218,133504500,13:35:10,11990,30366,33948,3589275450,0,0,0
nr2205,20220218,20220218,133505000,13:35:10,11995,30396,33947,3592872500,30,-1,3597050
nr2205,20220218,20220218,133509000,13:35:11,11995,30396,33947,3592872500,0,0,0
nr2205,20220218,20220218,133511000,13:35:11,11995,30396,33947,3592872500,0,0,0
nr2205,20220218,20220218,133511500,13:35:12,11995,30396,33947,3592872500,0,0,0
nr2205,20220218,20220218,133512000,13:35:12,11995,30396,33947,3592872500,0,0,0
nr2205,20220218,20220218,133513000,13:35:13,11995,30396,33947,3592872500,0,0,0
nr2205,20220218,20220218,133513500,13:35:14,11995,30396,33947,3592872500,0,0,0
nr2205,20220218,20220218,133514000,13:35:14,11995,30396,33947,3592872500,0,0,0
nr2205,20220218,20220218,133514500,13:35:14,11995,30396,33947,3592872500,0,0,0
nr2205,20220218,20220218,133515000,13:35:15,11990,30400,33947,3593352100,4,0,479600
nr2205,20220218,20220218,133515500,13:35:16,11990,30400,33947,3593352100,0,0,0
nr2205,20220218,20220218,133516000,13:35:16,11990,30400,33947,3593352100,0,0,0
nr2205,20220218,20220218,133516500,13:35:16,11990,30400,33947,3593352100,0,0,0
nr2205,20220218,20220218,133517000,13:35:17,11990,30400,33947,3593352100,0,0,0
nr2205,20220218,20220218,133517500,13:35:18,11990,30400,33947,3593352100,0,0,0
nr2205,20220218,20220218,133518000,13:35:18,11990,30400,33947,3593352100,0,0,0
nr2205,20220218,20220218,133518500,13:35:19,11990,30401,33947,3593472000,1,0,119900
nr2205,20220218,20220218,133519000,13:35:19,11990,30401,33947,3593472000,0,0,0
nr2205,20220218,20220218,133519500,13:35:20,11990,30402,33946,3593591900,1,-1,119900
nr2205,20220218,20220218,133520000,13:35:20,11990,30402,33946,3593591900,0,0,0
nr2205,20220218,20220218,133520500,13:35:21,11990,30402,33946,3593591900,0,0,0
nr2205,20220218,20220218,133521000,13:35:21,11990,30402,33946,3593591900,0,0,0
nr2205,20220218,20220218,133521500,13:35:22,11990,30402,33946,3593591900,0,0,0
nr2205,20220218,20220218,133522500,13:35:23,11995,30432,33952,3597190400,30,6,3598500
nr2205,20220218,20220218,133523000,13:35:23,12000,30434,33951,3597430400,2,-1,240000
