nr2203,20220218,20220218,112003000,11:20:05,11695,137,2135,15904850,137,-57,15904850
nr2203,20220218,20220218,112004500,11:20:09,11695,137,2135,15904850,0,0,0
nr2203,20220218,20220218,112005000,11:20:10,11695,137,2135,15904850,0,0,0
nr2203,20220218,20220218,112006000,11:20:10,11695,137,2135,15904850,0,0,0
nr2203,20220218,20220218,112006500,11:20:10,11695,137,2135,15904850,0,0,0
nr2203,20220218,20220218,112007000,11:20:10,11695,137,2135,15904850,0,0,0
nr2203,20220218,20220218,112007500,11:20:10,11695,137,2135,15904850,0,0,0
nr2203,20220218,20220218,112008000,11:20:10,11695,137,2135,15904850,0,0,0
nr2203,20220218,20220218,112008500,11:20:10,11695,137,2135,15904850,0,0,0
nr2203,20220218,20220218,112009000,11:20:10,11695,137,2135,15904850,0,0,0
nr2203,20220218,20220218,112009500,11:20:10,11695,137,2135,15904850,0,0,0
nr2203,20220218,20220218,112010000,11:20:10,11695,137,2135,15904850,0,0,0
nr2203,20220218,20220218,112010500,11:20:10,11695,137,2135,15904850,0,0,0
nr2203,20220218,20220218,112011000,11:20:11,11695,137,2135,15904850,0,0,0
nr2203,20220218,20220218,112011500,11:20:12,11695,137,2135,15904850,0,0,0
nr2203,20220218,20220218,112012000,11:20:12,11695,137,2135,15904850,0,0,0
nr2203,20220218,20220218,112012500,11:20:12,11695,137,2135,15904850,0,0,0
nr2203,20220218,20220218,112013000,11:20:13,11695,137,2135,15904850,0,0,0
nr2203,20220218,20220218,112013500,11:20:13,11695,137,2135,15904850,0,0,0
nr2203,20220218,20220218,112014000,11:20:14,11695,137,2135,15904850,0,0,0
nr2203,20220218,20220218,112014500,11:20:14,11695,137,2135,15904850,0,0,0
nr2203,20220218,20220218,112015000,11:20:15,11695,137,2135,15904850,0,0,0
nr2203,20220218,20220218,112015500,11:20:16,11695,137,2135,15904850,0,0,0
nr2203,20220218,20220218,112016000,11:20:16,11695,137,2135,15904850,0,0,0
nr2203,20220218,20220218,112016500,11:20:16,11695,137,2135,15904850,0,0,0
nr2203,20220218,20220218,112017000,11:20:17,11695,137,2135,15904850,0,0,0
nr2203,20220218,20220218,112017500,11:20:17,11695,137,2135,15904850,0,0,0
nr2203,20220218,20220218,112018000,11:20:18,11695,137,2135,15904850,0,0,0
nr2203,20220218,20220218,112018500,11:20:18,11695,137,2135,15904850,0,0,0
nr2203,20220218,20220218,112019000,11:20:19,11695,137,2135,15904850,0,0,0
nr2203,20220218,20220218,112019500,11:20:20,11695,137,2135,15904850,0,0,0
nr2203,20220218,20220218,112020000,11:20:20,11695,137,2135,15904850,0,0,0
nr2203,20220218,20220218,112020500,11:20:20,11695,137,2135,15904850,0,0,0
nr2203,20220218,20220218,112021000,11:20:21,11695,137,2135,15904850,0,0,0
nr2203,20220218,20220218,112021500,11:20:21,11695,137,2135,15904850,0,0,0
nr2203,20220218,20220218,112022000,11:20:22,11695,137,2135,15904850,0,0,0
nr2203,20220218,20220218,112022500,11:20:23,11695,137,2135,15904850,0,0,0
nr2203,20220218,20220218,112023000,11:20:23,11695,137,2135,15904850,0,0,0
nr2203,20220218,20220218,112023500,11:20:23,11695,137,2135,15904850,0,0,0
nr2203,20220218,20220218,112024000,11:20:24,11695,137,2135,15904850,0,0,0
nr2203,20220218,20220218,112024500,11:20:24,11695,137,2135,15904850,0,0,0
nr2203,20220218,20220218,112025000,11:20:25,11695,137,2135,15904850,0,0,0
nr2203,20220218,20220218,112025500,11:20:25,11695,137,2135,15904850,0,0,0
nr2203,20220218,20220218,112026000,11:20:26,11695,137,2135,15904850,0,0,0
nr2203,20220218,20220218,112026500,11:20:26,11695,137,2135,15904850,0,0,0
nr2203,20220218,20220218,112027000,11:20:27,11695,137,2135,15904850,0,0,0
nr2203,20220218,20220218,112027500,11:20:28,11695,137,2135,15904850,0,0,0
nr2203,20220218,20220218,112028000,11:20:28,11695,137,2135,15904850,0,0,0
nr2203,20220218,20220218,112028500,11:20:28,11695,137,2135,15904850,0,0,0
nr2203,20220218,20220218,112029000,11:20:29,11695,137,2135,15904850,0,0,0
nr2203,20220218,20220218,112029500,11:20:30,11695,137,2135,15904850,0,0,0
nr2203,20220218,20220218,112030000,11:20:31,11695,137,2135,15904850,0,0,0
nr2203,20220218,20220218,112030500,11:20:31,11695,137,2135,15904850,0,0,0
nr2203,20220218,20220218,112031000,11:20:31,11695,137,2135,15904850,0,0,0
nr2203,20220218,20220218,112031500,11:20:32,11695,137,2135,15904850,0,0,0
nr2203,20220218,20220218,112032000,11:20:32,11695,137,2135,15904850,0,0,0
nr2203,20220218,20220218,112032500,11:20:32,11695,137,2135,15904850,0,0,0
nr2203,20220218,20220218,112033000,11:20:33,11695,137,2135,15904850,0,0,0
nr2203,20220218,20220218,112033500,11:20:33,11695,137,2135,15904850,0,0,0
nr2203,20220218,20220218,112034000,11:20:34,11695,137,2135,15904850,0,0,0
nr2203,20220218,20220218,112034500,11:20:34,11695,137,2135,15904850,0,0,0
nr2203,20220218,20220218,112035000,11:20:35,11695,137,2135,15904850,0,0,0
nr2203,20220218,20220218,112035500,11:20:35,11695,137,2135,15904850,0,0,0
nr2203,20220218,20220218,112036000,11:20:36,11695,137,2135,15904850,0,0,0
nr2203,20220218,20220218,112036500,11:20:37,11695,137,2135,15904850,0,0,0
nr2203,20220218,20220218,112037000,11:20:37,11695,137,2135,15904850,0,0,0
nr2203,20220218,20220218,112037500,11:20:38,11695,137,2135,15904850,0,0,0
nr2203,20220218,20220218,112038000,11:20:38,11695,137,2135,15904850,0,0,0
nr2203,20220218,20220218,112038500,11:20:38,11695,137,2135,15904850,0,0,0
nr2203,20220218,20220218,112039000,11:20:39,11695,137,2135,15904850,0,0,0
nr2203,20220218,20220218,112039500,11:20:40,11695,137,2135,15904850,0,0,0
nr2203,20220218,20220218,112040000,11:20:40,11695,137,2135,15904850,0,0,0
nr2203,20220218,20220218,112040500,11:20:41,11695,137,2135,15904850,0,0,0
nr2203,20220218,20220218,112041000,11:20:41,11695,137,2135,15904850,0,0,0
nr2203,20220218,20220218,112041500,11:20:41,11695,137,2135,15904850,0,0,0
nr2203,20220218,20220218,112042000,11:20:42,11695,137,2135,15904850,0,0,0
nr2203,20220218,20220218,112042500,11:20:42,11695,137,2135,15904850,0,0,0
nr2203,20220218,20220218,112043000,11:20:43,11695,137,2135,15904850,0,0,0
nr2203,20220218,20220218,112043500,11:20:44,11695,137,2135,15904850,0,0,0
nr2203,20220218,20220218,112044000,11:20:44,11695,137,2135,15904850,0,0,0
nr2203,20220218,20220218,112044500,11:20:44,11695,137,2135,15904850,0,0,0
nr2203,20220218,20220218,112045000,11:20:45,11695,137,2135,15904850,0,0,0
nr2203,20220218,20220218,112045500,11:20:46,11695,137,2135,15904850,0,0,0
nr2203,20220218,20220218,112046000,11:20:46,11695,137,2135,15904850,0,0,0
nr2203,20220218,20220218,112046500,11:20:46,11695,137,2135,15904850,0,0,0
nr2203,20220218,20220218,112047000,11:20:47,11695,137,2135,15904850,0,0,0
nr2203,20220218,20220218,112047500,11:20:48,11695,137,2135,15904850,0,0,0
nr2203,20220218,20220218,112048000,11:20:48,11695,137,2135,15904850,0,0,0
nr2203,20220218,20220218,112048500,11:20:49,11695,137,2135,15904850,0,0,0
nr2203,20220218,20220218,112049000,11:20:50,11695,137,2135,15904850,0,0,0
nr2203,20220218,20220218,112049500,11:20:50,11695,137,2135,15904850,0,0,0
nr2203,20220218,20220218,112050500,11:20:51,11695,137,2135,15904850,0,0,0
nr2203,20220218,20220218,112051000,11:20:51,11695,137,2135,15904850,0,0,0
nr2203,20220218,20220218,112051500,11:20:51,11695,137,2135,15904850,0,0,0
nr2203,20220218,20220218,112052000,11:20:53,11695,137,2135,15904850,0,0,0
nr2203,20220218,20220218,112052500,11:20:53,11695,137,2135,15904850,0,0,0
nr2203,20220218,20220218,112053000,11:20:53,11695,137,2135,15904850,0,0,0
nr2203,20220218,20220218,112053500,11:20:53,11695,137,2135,15904850,0,0,0
nr2203,20220218,20220218,112054000,11:20:54,11695,137,2135,15904850,0,0,0
nr2203,20220218,20220218,112054500,11:20:55,11695,137,2135,15904850,0,0,0
nr2203,20220218,20220218,112055000,11:20:55,11695,137,2135,15904850,0,0,0
nr2203,20220218,20220218,112055500,11:20:56,11695,137,2135,15904850,0,0,0
nr2203,20220218,20220218,112056000,11:20:56,11695,137,2135,15904850,0,0,0
nr2203,20220218,20220218,112056500,11:20:56,11695,137,2135,15904850,0,0,0
nr2203,20220218,20220218,112057000,11:20:58,11695,137,2135,15904850,0,0,0
nr2203,20220218,20220218,112057500,11:20:58,11695,137,2135,15904850,0,0,0
nr2203,20220218,20220218,112058000,11:20:58,11695,137,2135,15904850,0,0,0
nr2203,20220218,20220218,112058500,11:20:59,11695,137,2135,15904850,0,0,0
nr2203,20220218,20220218,112059000,11:20:59,11695,137,2135,15904850,0,0,0
nr2203,20220218,20220218,112059500,11:21:00,11695,137,2135,15904850,0,0,0
nr2203,20220218,20220218,112100000,11:21:00,11695,137,2135,15904850,0,0,0
nr2203,20220218,20220218,112100500,11:21:01,11695,137,2135,15904850,0,0,0
nr2203,20220218,20220218,112101000,11:21:01,11695,137,2135,15904850,0,0,0
nr2203,20220218,20220218,112101500,11:21:02,11695,137,2135,15904850,0,0,0
nr2203,20220218,20220218,112102000,11:21:02,11695,137,2135,15904850,0,0,0
nr2203,20220218,20220218,112102500,11:21:03,11695,137,2135,15904850,0,0,0
nr2203,20220218,20220218,112103000,11:21:03,11695,137,2135,15904850,0,0,0
nr2203,20220218,20220218,112103500,11:21:04,11695,137,2135,15904850,0,0,0
nr2203,20220218,20220218,112104000,11:21:04,11695,137,2135,15904850,0,0,0
nr2203,20220218,20220218,112104500,11:21:05,11695,137,2135,15904850,0,0,0
nr2203,20220218,20220218,112105000,11:21:05,11695,137,2135,15904850,0,0,0
nr2203,20220218,20220218,112105500,11:21:06,11695,137,2135,15904850,0,0,0
nr2203,20220218,20220218,112106000,11:21:07,11695,137,2135,15904850,0,0,0
nr2203,20220218,20220218,112106500,11:21:07,11695,137,2135,15904850,0,0,0
nr2203,20220218,20220218,112107000,11:21:10,11695,137,2135,15904850,0,0,0
nr2203,20220218,20220218,112107500,11:21:10,11695,137,2135,15904850,0,0,0
nr2203,20220218,20220218,112108000,11:21:10,11695,137,2135,15904850,0,0,0
nr2203,20220218,20220218,112108500,11:21:10,11695,137,2135,15904850,0,0,0
nr2203,20220218,20220218,112110000,11:21:10,11695,137,2135,15904850,0,0,0
nr2203,20220218,20220218,112110500,11:21:11,11695,137,2135,15904850,0,0,0
nr2203,20220218,20220218,112111000,11:21:11,11695,137,2135,15904850,0,0,0
nr2203,20220218,20220218,112111500,11:21:12,11695,137,2135,15904850,0,0,0
nr2203,20220218,20220218,112112000,11:21:12,11695,137,2135,15904850,0,0,0
nr2203,20220218,20220218,112112500,11:21:12,11695,137,2135,15904850,0,0,0
nr2203,20220218,20220218,112113000,11:21:13,11695,137,2135,15904850,0,0,0
nr2203,20220218,20220218,112113500,11:21:13,11695,137,2135,15904850,0,0,0
nr2203,20220218,20220218,112114000,11:21:14,11695,137,2135,15904850,0,0,0
nr2203,20220218,20220218,112114500,11:21:14,11695,137,2135,15904850,0,0,0
nr2203,20220218,20220218,112115000,11:21:15,11695,137,2135,15904850,0,0,0
nr2203,20220218,20220218,112115500,11:21:15,11695,137,2135,15904850,0,0,0
nr2203,20220218,20220218,112116000,11:21:16,11695,137,2135,15904850,0,0,0
nr2203,20220218,20220218,112116500,11:21:16,11695,137,2135,15904850,0,0,0
nr2203,20220218,20220218,112117000,11:21:17,11695,137,2135,15904850,0,0,0
nr2203,20220218,20220218,112117500,11:21:18,11695,137,2135,15904850,0,0,0
nr2203,20220218,20220218,112118000,11:21:18,11695,137,2135,15904850,0,0,0
nr2203,20220218,20220218,112118500,11:21:18,11695,137,2135,15904850,0,0,0
nr2203,20220218,20220218,112119000,11:21:19,11695,137,2135,15904850,0,0,0
nr2203,20220218,20220218,112119500,11:21:20,11695,137,2135,15904850,0,0,0
nr2203,20220218,20220218,112120000,11:21:20,11695,137,2135,15904850,0,0,0
nr2203,20220218,20220218,112120500,11:21:21,11695,137,2135,15904850,0,0,0
nr2203,20220218,20220218,112121000,11:21:22,11695,137,2135,15904850,0,0,0
nr2203,20220218,20220218,112121500,11:21:22,11695,137,2135,15904850,0,0,0
nr2203,20220218,20220218,112122000,11:21:22,11695,137,2135,15904850,0,0,0
nr2203,20220218,20220218,112122500,11:21:22,11695,137,2135,15904850,0,0,0
nr2203,20220218,20220218,112123000,11:21:23,11695,137,2135,15904850,0,0,0
nr2203,20220218,20220218,112123500,11:21:23,11695,137,2135,15904850,0,0,0
nr2203,20220218,20220218,112124000,11:21:24,11695,137,2135,15904850,0,0,0
nr2203,20220218,20220218,112124500,11:21:25,11695,137,2135,15904850,0,0,0
nr2203,20220218,20220218,112125000,11:21:33,11695,137,2135,15904850,0,0,0
nr2203,20220218,20220218,112125500,11:23:32,11695,137,2135,15904850,0,0,0
nr2203,20220218,20220218,112126000,11:23:33,11695,137,2135,15904850,0,0,0
nr2203,20220218,20220218,112126500,11:23:33,11695,137,2135,15904850,0,0,0
nr2203,20220218,20220218,112332500,11:23:33,11695,137,2135,15904850,0,0,0
nr2203,20220218,20220218,112333000,11:23:33,11695,137,2135,15904850,0,0,0
nr2203,20220218,20220218,112333500,11:23:33,11695,137,2135,15904850,0,0,0
nr2203,20220218,20220218,112334000,11:23:34,11695,137,2135,15904850,0,0,0
nr2203,20220218,20220218,112334500,11:23:34,11695,137,2135,15904850,0,0,0
nr2203,20220218,20220218,112335000,11:23:35,11695,137,2135,15904850,0,0,0
nr2203,20220218,20220218,112335500,11:23:35,11695,137,2135,15904850,0,0,0
nr2203,20220218,20220218,112336000,11:23:36,11695,137,2135,15904850,0,0,0
nr2203,20220218,20220218,112336500,11:23:38,11695,137,2135,15904850,0,0,0
nr2203,20220218,20220218,112337000,11:23:38,11695,137,2135,15904850,0,0,0
nr2203,20220218,20220218,112337500,11:23:38,11695,137,2135,15904850,0,0,0
nr2203,20220218,20220218,112338000,11:23:38,11695,137,2135,15904850,0,0,0
nr2203,20220218,20220218,112338500,11:23:38,11695,137,2135,15904850,0,0,0
nr2203,20220218,20220218,112339000,11:23:39,11695,137,2135,15904850,0,0,0
nr2203,20220218,20220218,112339500,11:23:39,11695,137,2135,15904850,0,0,0
nr2203,20220218,20220218,112340000,11:23:40,11695,137,2135,15904850,0,0,0
nr2203,20220218,20220218,112340500,11:23:40,11695,137,2135,15904850,0,0,0
nr2203,20220218,20220218,112341000,11:23:41,11695,137,2135,15904850,0,0,0
nr2203,20220218,20220218,112341500,11:23:42,11695,137,2135,15904850,0,0,0
nr2203,20220218,20220218,112342000,11:23:42,11695,137,2135,15904850,0,0,0
nr2203,20220218,20220218,112342500,11:23:42,11695,137,2135,15904850,0,0,0
nr2203,20220218,20220218,112343000,11:23:43,11695,137,2135,15904850,0,0,0
nr2203,20220218,20220218,112343500,11:23:43,11695,137,2135,15904850,0,0,0
nr2203,20220218,20220218,112344000,11:23:45,11695,137,2135,15904850,0,0,0
nr2203,20220218,20220218,112344500,11:23:48,11695,137,2135,15904850,0,0,0
nr2203,20220218,20220218,112345000,11:23:48,11695,137,2135,15904850,0,0,0
nr2203,20220218,20220218,112345500,11:23:48,11695,137,2135,15904850,0,0,0
nr2203,20220218,20220218,112346000,11:23:48,11695,137,2135,15904850,0,0,0
nr2203,20220218,20220218,112348000,11:23:48,11695,137,2135,15904850,0,0,0
nr2203,20220218,20220218,112348500,11:23:49,11695,137,2135,15904850,0,0,0
nr2203,20220218,20220218,112349500,11:23:50,11695,137,2135,15904850,0,0,0
nr2203,20220218,20220218,112350000,11:23:50,11695,137,2135,15904850,0,0,0
nr2203,20220218,20220218,112350500,11:23:50,11695,137,2135,15904850,0,0,0
nr2203,20220218,20220218,112351000,11:23:51,11695,137,2135,15904850,0,0,0
nr2203,20220218,20220218,112351500,11:23:51,11695,137,2135,15904850,0,0,0
nr2203,20220218,20220218,112352000,11:23:52,11695,137,2135,15904850,0,0,0
nr2203,20220218,20220218,112352500,11:23:52,11695,137,2135,15904850,0,0,0
nr2203,20220218,20220218,112353000,11:23:53,11695,137,2135,15904850,0,0,0
nr2203,20220218,20220218,112353500,11:23:53,11695,137,2135,15904850,0,0,0
nr2203,20220218,20220218,112354000,11:23:54,11695,137,2135,15904850,0,0,0
nr2203,20220218,20220218,112354500,11:23:55,11695,137,2135,15904850,0,0,0
nr2203,20220218,20220218,112355000,11:23:55,11695,137,2135,15904850,0,0,0
nr2203,20220218,20220218,112355500,11:23:55,11695,137,2135,15904850,0,0,0
nr2203,20220218,20220218,112356000,11:23:56,11695,137,2135,15904850,0,0,0
nr2203,20220218,20220218,112356500,11:23:56,11695,137,2135,15904850,0,0,0
nr2203,20220218,20220218,112357000,11:23:57,11695,137,2135,15904850,0,0,0
nr2203,20220218,20220218,112357500,11:23:57,11695,137,2135,15904850,0,0,0
nr2203,20220218,20220218,112358000,11:23:58,11695,137,2135,15904850,0,0,0
nr2203,20220218,20220218,112359000,11:23:59,11695,137,2135,15904850,0,0,0
nr2203,20220218,20220218,112359500,11:23:59,11695,137,2135,15904850,0,0,0
nr2203,20220218,20220218,112400000,11:24:00,11695,137,2135,15904850,0,0,0
nr2203,20220218,20220218,112400500,11:24:00,11695,137,2135,15904850,0,0,0
nr2203,20220218,20220218,112401000,11:24:01,11695,137,2135,15904850,0,0,0
nr2203,20220218,20220218,112401500,11:24:01,11695,137,2135,15904850,0,0,0
nr2203,20220218,20220218,112402000,11:24:02,11695,137,2135,15904850,0,0,0
nr2203,20220218,20220218,112402500,11:24:02,11695,137,2135,15904850,0,0,0
nr2203,20220218,20220218,112403000,11:24:03,11695,137,2135,15904850,0,0,0
nr2203,20220218,20220218,112403500,11:24:03,11695,137,2135,15904850,0,0,0
nr2203,20220218,20220218,112404000,11:24:04,11695,137,2135,15904850,0,0,0
nr2203,20220218,20220218,112404500,11:24:04,11695,137,2135,15904850,0,0,0
nr2203,20220218,20220218,112405000,11:24:05,11695,137,2135,15904850,0,0,0
nr2203,20220218,20220218,112405500,11:24:05,11695,137,2135,15904850,0,0,0
nr2203,20220218,20220218,112406000,11:24:06,11695,137,2135,15904850,0,0,0
nr2203,20220218,20220218,112406500,11:24:06,11695,137,2135,15904850,0,0,0
nr2203,20220218,20220218,112407000,11:24:07,11695,137,2135,15904850,0,0,0
nr2203,20220218,20220218,112407500,11:24:08,11695,137,2135,15904850,0,0,0
nr2203,20220218,20220218,112408000,11:24:08,11695,137,2135,15904850,0,0,0
nr2203,20220218,20220218,112408500,11:24:08,11695,137,2135,15904850,0,0,0
nr2203,20220218,20220218,112409000,11:24:09,11695,137,2135,15904850,0,0,0
nr2203,20220218,20220218,112409500,11:24:11,11695,137,2135,15904850,0,0,0
nr2203,20220218,20220218,112410000,11:24:12,11695,137,2135,15904850,0,0,0
nr2203,20220218,20220218,112410500,11:24:12,11695,137,2135,15904850,0,0,0
nr2203,20220218,20220218,112411000,11:24:12,11695,137,2135,15904850,0,0,0
nr2203,20220218,20220218,112411500,11:24:12,11695,137,2135,15904850,0,0,0
nr2203,20220218,20220218,112412000,11:24:12,11695,137,2135,15904850,0,0,0
nr2203,20220218,20220218,112412500,11:24:12,11695,137,2135,15904850,0,0,0
nr2203,20220218,20220218,112413000,11:24:13,11695,137,2135,15904850,0,0,0
nr2203,20220218,20220218,112413500,11:24:14,11695,137,2135,15904850,0,0,0
nr2203,20220218,20220218,112414000,11:24:14,11695,137,2135,15904850,0,0,0
nr2203,20220218,20220218,112414500,11:24:14,11695,137,2135,15904850,0,0,0
nr2203,20220218,20220218,112415000,11:24:15,11695,137,2135,15904850,0,0,0
nr2203,20220218,20220218,112415500,11:24:15,11695,137,2135,15904850,0,0,0
nr2203,20220218,20220218,112416000,11:24:16,11695,137,2135,15904850,0,0,0
nr2203,20220218,20220218,112416500,11:24:17,11695,137,2135,15904850,0,0,0
nr2203,20220218,20220218,112417000,11:24:17,11695,137,2135,15904850,0,0,0
nr2203,20220218,20220218,112417500,11:24:18,11695,137,2135,15904850,0,0,0
nr2203,20220218,20220218,112418000,11:24:18,11695,137,2135,15904850,0,0,0
nr2203,20220218,20220218,112418500,11:24:19,11695,137,2135,15904850,0,0,0
nr2203,20220218,20220218,112419000,11:24:19,11695,137,2135,15904850,0,0,0
nr2203,20220218,20220218,112419500,11:24:20,11695,137,2135,15904850,0,0,0
nr2203,20220218,20220218,112420000,11:24:20,11695,137,2135,15904850,0,0,0
nr2203,20220218,20220218,112420500,11:24:20,11695,137,2135,15904850,0,0,0
nr2203,20220218,20220218,112421000,11:24:21,11695,137,2135,15904850,0,0,0
nr2203,20220218,20220218,112421500,11:24:22,11695,137,2135,15904850,0,0,0
nr2203,20220218,20220218,112422000,11:24:22,11695,137,2135,15904850,0,0,0
nr2203,20220218,20220218,112422500,11:24:23,11695,137,2135,15904850,0,0,0
nr2203,20220218,20220218,112423000,11:24:23,11695,137,2135,15904850,0,0,0
nr2203,20220218,20220218,112423500,11:24:23,11695,137,2135,15904850,0,0,0
nr2203,20220218,20220218,112424000,11:24:24,11695,137,2135,15904850,0,0,0
nr2203,20220218,20220218,112424500,11:24:24,11695,137,2135,15904850,0,0,0
nr2203,20220218,20220218,112425000,11:24:25,11695,137,2135,15904850,0,0,0
nr2203,20220218,20220218,112425500,11:24:25,11695,137,2135,15904850,0,0,0
nr2203,20220218,20220218,112426000,11:24:26,11695,137,2135,15904850,0,0,0
nr2203,20220218,20220218,112426500,11:24:26,11695,137,2135,15904850,0,0,0
nr2203,20220218,20220218,112427000,11:24:27,11695,137,2135,15904850,0,0,0
nr2203,20220218,20220218,112427500,11:24:28,11695,137,2135,15904850,0,0,0
nr2203,20220218,20220218,112428000,11:24:28,11695,137,2135,15904850,0,0,0
nr2203,20220218,20220218,112428500,11:24:28,11695,137,2135,15904850,0,0,0
nr2203,20220218,20220218,112429000,11:24:29,11695,137,2135,15904850,0,0,0
nr2203,20220218,20220218,112429500,11:24:29,11695,137,2135,15904850,0,0,0
nr2203,20220218,20220218,112430000,11:24:30,11695,137,2135,15904850,0,0,0
nr2203,20220218,20220218,112430500,11:24:30,11695,137,2135,15904850,0,0,0
nr2203,20220218,20220218,112431000,11:24:31,11695,137,2135,15904850,0,0,0
nr2203,20220218,20220218,112431500,11:24:31,11695,137,2135,15904850,0,0,0
nr2203,20220218,20220218,112432000,11:24:32,11695,137,2135,15904850,0,0,0
nr2203,20220218,20220218,112432500,11:24:32,11695,137,2135,15904850,0,0,0
nr2203,20220218,20220218,112433000,11:24:33,11695,137,2135,15904850,0,0,0
nr2203,20220218,20220218,112433500,11:24:33,11695,137,2135,15904850,0,0,0
nr2203,20220218,20220218,112434000,11:24:34,11695,137,2135,15904850,0,0,0
nr2203,20220218,20220218,112434500,11:24:34,11695,137,2135,15904850,0,0,0
nr2203,20220218,20220218,112435000,11:24:35,11695,137,2135,15904850,0,0,0
nr2203,20220218,20220218,112435500,11:24:35,11695,137,2135,15904850,0,0,0
nr2203,20220218,20220218,112436000,11:24:36,11695,137,2135,15904850,0,0,0
nr2203,20220218,20220218,112436500,11:24:36,11695,137,2135,15904850,0,0,0
nr2203,20220218,20220218,112437000,11:24:37,11695,137,2135,15904850,0,0,0
nr2203,20220218,20220218,112439000,11:24:40,11695,137,2135,15904850,0,0,0
nr2203,20220218,20220218,112439500,11:24:40,11695,137,2135,15904850,0,0,0
nr2203,20220218,20220218,112440000,11:24:40,11695,137,2135,15904850,0,0,0
nr2203,20220218,20220218,112440500,11:24:40,11695,137,2135,15904850,0,0,0
nr2203,20220218,20220218,112441000,11:24:41,11695,137,2135,15904850,0,0,0
nr2203,20220218,20220218,112441500,11:24:41,11695,137,2135,15904850,0,0,0
nr2203,20220218,20220218,112442000,11:24:42,11695,137,2135,15904850,0,0,0
nr2203,20220218,20220218,112442500,11:24:42,11695,137,2135,15904850,0,0,0
nr2203,20220218,20220218,112443000,11:24:43,11695,137,2135,15904850,0,0,0
nr2203,20220218,20220218,112443500,11:24:43,11695,137,2135,15904850,0,0,0
nr2203,20220218,20220218,112444000,11:24:44,11695,137,2135,15904850,0,0,0
nr2203,20220218,20220218,112444500,11:24:44,11695,137,2135,15904850,0,0,0
nr2203,20220218,20220218,112445000,11:24:45,11695,137,2135,15904850,0,0,0
nr2203,20220218,20220218,112445500,11:24:45,11695,137,2135,15904850,0,0,0
nr2203,20220218,20220218,112446000,11:24:46,11695,137,2135,15904850,0,0,0
nr2203,20220218,20220218,112446500,11:24:46,11695,137,2135,15904850,0,0,0
nr2203,20220218,20220218,112447000,11:24:47,11695,137,2135,15904850,0,0,0
nr2203,20220218,20220218,112447500,11:24:47,11695,137,2135,15904850,0,0,0
nr2203,20220218,20220218,112448000,11:24:48,11695,137,2135,15904850,0,0,0
nr2203,20220218,20220218,112448500,11:24:49,11695,137,2135,15904850,0,0,0
nr2203,20220218,20220218,112449000,11:24:49,11695,137,2135,15904850,0,0,0
nr2203,20220218,20220218,112449500,11:24:49,11695,137,2135,15904850,0,0,0
nr2203,20220218,20220218,112450000,11:24:50,11695,137,2135,15904850,0,0,0
nr2203,20220218,20220218,112450500,11:24:50,11695,137,2135,15904850,0,0,0
nr2203,20220218,20220218,112451000,11:24:51,11695,137,2135,15904850,0,0,0
nr2203,20220218,20220218,112451500,11:24:52,11695,137,2135,15904850,0,0,0
nr2203,20220218,20220218,112452000,11:24:52,11695,137,2135,15904850,0,0,0
nr2203,20220218,20220218,112452500,11:24:52,11695,137,2135,15904850,0,0,0
nr2203,20220218,20220218,112453000,11:24:53,11695,137,2135,15904850,0,0,0
nr2203,20220218,20220218,112453500,11:24:53,11695,137,2135,15904850,0,0,0
nr2203,20220218,20220218,112454000,11:24:54,11695,137,2135,15904850,0,0,0
nr2203,20220218,20220218,112454500,11:24:54,11695,137,2135,15904850,0,0,0
nr2203,20220218,20220218,112455000,11:24:55,11695,137,2135,15904850,0,0,0
nr2203,20220218,20220218,112455500,11:24:56,11695,137,2135,15904850,0,0,0
nr2203,20220218,20220218,112456000,11:24:56,11695,137,2135,15904850,0,0,0
nr2203,20220218,20220218,112456500,11:24:56,11695,137,2135,15904850,0,0,0
nr2203,20220218,20220218,112457000,11:24:57,11695,137,2135,15904850,0,0,0
nr2203,20220218,20220218,112457500,11:24:57,11695,137,2135,15904850,0,0,0
nr2203,20220218,20220218,112458000,11:24:58,11695,137,2135,15904850,0,0,0
nr2203,20220218,20220218,112458500,11:24:58,11695,137,2135,15904850,0,0,0
nr2203,20220218,20220218,112459000,11:24:59,11695,137,2135,15904850,0,0,0
nr2203,20220218,20220218,112459500,11:24:59,11695,137,2135,15904850,0,0,0
nr2203,20220218,20220218,112500000,11:25:00,11695,137,2135,15904850,0,0,0
nr2203,20220218,20220218,112501000,11:25:01,11695,137,2135,15904850,0,0,0
nr2203,20220218,20220218,112501500,11:25:03,11695,137,2135,15904850,0,0,0
nr2203,20220218,20220218,112502500,11:25:06,11695,137,2135,15904850,0,0,0
nr2203,20220218,20220218,112504500,11:25:06,11695,137,2135,15904850,0,0,0
nr2203,20220218,20220218,112505500,11:25:06,11695,137,2135,15904850,0,0,0
nr2203,20220218,20220218,112506000,11:25:06,11695,137,2135,15904850,0,0,0
nr2203,20220218,20220218,112506500,11:25:07,11695,137,2135,15904850,0,0,0
nr2203,20220218,20220218,112507000,11:25:07,11695,137,2135,15904850,0,0,0
nr2203,20220218,20220218,112507500,11:25:07,11695,137,2135,15904850,0,0,0
nr2203,20220218,20220218,112508000,11:25:08,11695,137,2135,15904850,0,0,0
nr2203,20220218,20220218,112508500,11:25:08,11695,137,2135,15904850,0,0,0
nr2203,20220218,20220218,112509000,11:25:09,11695,137,2135,15904850,0,0,0
nr2203,20220218,20220218,112509500,11:25:09,11695,137,2135,15904850,0,0,0
nr2203,20220218,20220218,112510000,11:25:10,11695,137,2135,15904850,0,0,0
nr2203,20220218,20220218,112510500,11:25:10,11695,137,2135,15904850,0,0,0
nr2203,20220218,20220218,112511000,11:25:11,11695,137,2135,15904850,0,0,0
nr2203,20220218,20220218,112511500,11:25:11,11695,137,2135,15904850,0,0,0
nr2203,20220218,20220218,112512000,11:25:12,11695,137,2135,15904850,0,0,0
nr2203,20220218,20220218,112512500,11:25:12,11695,137,2135,15904850,0,0,0
nr2203,20220218,20220218,112513000,11:25:13,11695,137,2135,15904850,0,0,0
nr2203,20220218,20220218,112513500,11:25:15,11695,137,2135,15904850,0,0,0
nr2203,20220218,20220218,112514000,11:25:15,11695,137,2135,15904850,0,0,0
nr2203,20220218,20220218,112514500,11:25:15,11695,137,2135,15904850,0,0,0
nr2203,20220218,20220218,112515000,11:25:16,11695,137,2135,15904850,0,0,0
nr2203,20220218,20220218,112515500,11:25:16,11695,137,2135,15904850,0,0,0
nr2203,20220218,20220218,112516000,11:25:16,11695,137,2135,15904850,0,0,0
nr2203,20220218,20220218,112516500,11:25:16,11695,137,2135,15904850,0,0,0
nr2203,20220218,20220218,112517000,11:25:17,11695,137,2135,15904850,0,0,0
nr2203,20220218,20220218,112517500,11:25:18,11695,137,2135,15904850,0,0,0
nr2203,20220218,20220218,112518000,11:25:18,11695,137,2135,15904850,0,0,0
nr2203,20220218,20220218,112518500,11:25:19,11695,137,2135,15904850,0,0,0
nr2203,20220218,20220218,112519000,11:25:19,11695,137,2135,15904850,0,0,0
nr2203,20220218,20220218,112519500,11:25:19,11695,137,2135,15904850,0,0,0
nr2203,20220218,20220218,112520000,11:25:20,11695,137,2135,15904850,0,0,0
nr2203,20220218,20220218,112520500,11:25:21,11695,137,2135,15904850,0,0,0
nr2203,20220218,20220218,112521000,11:25:21,11695,137,2135,15904850,0,0,0
nr2203,20220218,20220218,112521500,11:25:22,11695,137,2135,15904850,0,0,0
nr2203,20220218,20220218,112522000,11:25:22,11695,137,2135,15904850,0,0,0
nr2203,20220218,20220218,112522500,11:25:23,11695,137,2135,15904850,0,0,0
nr2203,20220218,20220218,112523000,11:25:23,11695,137,2135,15904850,0,0,0
nr2203,20220218,20220218,112523500,11:25:24,11695,137,2135,15904850,0,0,0
nr2203,20220218,20220218,112524000,11:25:25,11695,137,2135,15904850,0,0,0
nr2203,20220218,20220218,112524500,11:25:25,11695,137,2135,15904850,0,0,0
nr2203,20220218,20220218,112525000,11:25:25,11695,137,2135,15904850,0,0,0
nr2203,20220218,20220218,112525500,11:25:26,11695,137,2135,15904850,0,0,0
nr2203,20220218,20220218,112526000,11:25:26,11695,137,2135,15904850,0,0,0
nr2203,20220218,20220218,112526500,11:25:27,11695,137,2135,15904850,0,0,0
nr2203,20220218,20220218,112527000,11:25:28,11695,137,2135,15904850,0,0,0
nr2203,20220218,20220218,112527500,11:25:28,11695,137,2135,15904850,0,0,0
nr2203,20220218,20220218,112528000,11:25:28,11695,137,2135,15904850,0,0,0
nr2203,20220218,20220218,112528500,11:25:28,11695,137,2135,15904850,0,0,0
nr2203,20220218,20220218,112529000,11:25:29,11695,137,2135,15904850,0,0,0
nr2203,20220218,20220218,112529500,11:25:30,11695,137,2135,15904850,0,0,0
nr2203,20220218,20220218,112530000,11:25:30,11805,140,2134,16257900,3,-1,353050
nr2203,20220218,20220218,112530500,11:25:31,11805,140,2134,16257900,0,0,0
nr2203,20220218,20220218,112531000,11:25:31,11805,140,2134,16257900,0,0,0
nr2203,20220218,20220218,112531500,11:25:32,11805,140,2134,16257900,0,0,0
nr2203,20220218,20220218,112532000,11:25:32,11805,140,2134,16257900,0,0,0
nr2203,20220218,20220218,112532500,11:25:33,11805,140,2134,16257900,0,0,0
nr2203,20220218,20220218,112533000,11:25:33,11815,145,2129,16848650,5,-5,590750
nr2203,20220218,20220218,112533500,11:25:33,11815,145,2129,16848650,0,0,0
nr2203,20220218,20220218,112534000,11:25:34,11815,145,2129,16848650,0,0,0
nr2203,20220218,20220218,112534500,11:25:34,11815,145,2129,16848650,0,0,0
nr2203,20220218,20220218,112535000,11:25:36,11815,145,2129,16848650,0,0,0
nr2203,20220218,20220218,112535500,11:25:37,11815,145,2129,16848650,0,0,0
nr2203,20220218,20220218,112536000,11:25:37,11815,145,2129,16848650,0,0,0
nr2203,20220218,20220218,112536500,11:25:37,11815,145,2129,16848650,0,0,0
nr2203,20220218,20220218,112537000,11:25:37,11815,145,2129,16848650,0,0,0
nr2203,20220218,20220218,112537500,11:25:38,11815,145,2129,16848650,0,0,0
nr2203,20220218,20220218,112538000,11:25:38,11815,145,2129,16848650,0,0,0
nr2203,20220218,20220218,112538500,11:25:39,11815,145,2129,16848650,0,0,0
nr2203,20220218,20220218,112539000,11:25:39,11815,145,2129,16848650,0,0,0
nr2203,20220218,20220218,112539500,11:25:40,11815,145,2129,16848650,0,0,0
nr2203,20220218,20220218,112540000,11:25:40,11815,145,2129,16848650,0,0,0
nr2203,20220218,20220218,112540500,11:25:40,11815,145,2129,16848650,0,0,0
nr2203,20220218,20220218,112541000,11:25:41,11815,145,2129,16848650,0,0,0
nr2203,20220218,20220218,112541500,11:25:41,11815,145,2129,16848650,0,0,0
nr2203,20220218,20220218,112542000,11:25:42,11815,145,2129,16848650,0,0,0
nr2203,20220218,20220218,112542500,11:25:42,11815,145,2129,16848650,0,0,0
nr2203,20220218,20220218,112544000,11:25:44,11815,145,2129,16848650,0,0,0
nr2203,20220218,20220218,112544500,11:25:44,11815,145,2129,16848650,0,0,0
nr2203,20220218,20220218,112545000,11:25:45,11815,145,2129,16848650,0,0,0
nr2203,20220218,20220218,112545500,11:25:46,11815,145,2129,16848650,0,0,0
nr2203,20220218,20220218,112546000,11:25:47,11815,145,2129,16848650,0,0,0
nr2203,20220218,20220218,112546500,11:25:47,11815,145,2129,16848650,0,0,0
nr2203,20220218,20220218,112547000,11:25:48,11815,145,2129,16848650,0,0,0
nr2203,20220218,20220218,112547500,11:25:48,11815,145,2129,16848650,0,0,0
nr2203,20220218,20220218,112548000,11:25:48,11815,145,2129,16848650,0,0,0
nr2203,20220218,20220218,112548500,11:25:48,11815,145,2129,16848650,0,0,0
nr2203,20220218,20220218,112549000,11:25:49,11815,145,2129,16848650,0,0,0
nr2203,20220218,20220218,112549500,11:25:49,11815,145,2129,16848650,0,0,0
nr2203,20220218,20220218,112550000,11:25:50,11815,145,2129,16848650,0,0,0
nr2203,20220218,20220218,112550500,11:25:50,11815,145,2129,16848650,0,0,0
nr2203,20220218,20220218,112551000,11:25:51,11815,145,2129,16848650,0,0,0
nr2203,20220218,20220218,112551500,11:25:51,11815,145,2129,16848650,0,0,0
nr2203,20220218,20220218,112552000,11:25:52,11815,145,2129,16848650,0,0,0
nr2203,20220218,20220218,112552500,11:25:52,11815,145,2129,16848650,0,0,0
nr2203,20220218,20220218,112553000,11:25:53,11815,145,2129,16848650,0,0,0
nr2203,20220218,20220218,112554000,11:25:54,11815,145,2129,16848650,0,0,0
nr2203,20220218,20220218,112554500,11:25:54,11815,145,2129,16848650,0,0,0
nr2203,20220218,20220218,112555000,11:25:56,11815,145,2129,16848650,0,0,0
nr2203,20220218,20220218,112555500,11:25:56,11815,145,2129,16848650,0,0,0
nr2203,20220218,20220218,112556000,11:25:57,11815,145,2129,16848650,0,0,0
nr2203,20220218,20220218,112556500,11:25:57,11815,145,2129,16848650,0,0,0
nr2203,20220218,20220218,112557000,11:25:57,11815,145,2129,16848650,0,0,0
nr2203,20220218,20220218,112557500,11:25:57,11815,145,2129,16848650,0,0,0
nr2203,20220218,20220218,112558000,11:25:59,11815,145,2129,16848650,0,0,0
nr2203,20220218,20220218,112558500,11:25:59,11815,145,2129,16848650,0,0,0
nr2203,20220218,20220218,112559000,11:25:59,11815,145,2129,16848650,0,0,0
nr2203,20220218,20220218,112559500,11:26:00,11815,145,2129,16848650,0,0,0
nr2203,20220218,20220218,112600000,11:26:00,11815,145,2129,16848650,0,0,0
nr2203,20220218,20220218,112600500,11:26:01,11815,150,2134,17439400,5,5,590750
nr2203,20220218,20220218,112601000,11:26:01,11815,150,2134,17439400,0,0,0
nr2203,20220218,20220218,112601500,11:26:02,11815,150,2134,17439400,0,0,0
nr2203,20220218,20220218,112602000,11:26:03,11815,150,2134,17439400,0,0,0
nr2203,20220218,20220218,112602500,11:26:03,11815,150,2134,17439400,0,0,0
nr2203,20220218,20220218,112603000,11:26:03,11815,150,2134,17439400,0,0,0
nr2203,20220218,20220218,112603500,11:26:04,11815,150,2134,17439400,0,0,0
nr2203,20220218,20220218,112604000,11:26:05,11815,150,2134,17439400,0,0,0
nr2203,20220218,20220218,112604500,11:26:05,11815,150,2134,17439400,0,0,0
nr2203,20220218,20220218,112605000,11:26:05,11815,150,2134,17439400,0,0,0
nr2203,20220218,20220218,112605500,11:26:05,11815,150,2134,17439400,0,0,0
nr2203,20220218,20220218,112606000,11:26:06,11815,150,2134,17439400,0,0,0
nr2203,20220218,20220218,112606500,11:26:06,11815,150,2134,17439400,0,0,0
nr2203,20220218,20220218,112607000,11:26:09,11815,150,2134,17439400,0,0,0
nr2203,20220218,20220218,112609000,11:26:10,11815,150,2134,17439400,0,0,0
nr2203,20220218,20220218,112609500,11:26:10,11815,150,2134,17439400,0,0,0
nr2203,20220218,20220218,112610000,11:26:10,11815,150,2134,17439400,0,0,0
nr2203,20220218,20220218,112610500,11:26:11,11815,150,2134,17439400,0,0,0
nr2203,20220218,20220218,112611000,11:26:11,11815,150,2134,17439400,0,0,0
nr2203,20220218,20220218,112611500,11:26:11,11815,150,2134,17439400,0,0,0
nr2203,20220218,20220218,112612000,11:26:14,11815,150,2134,17439400,0,0,0
nr2203,20220218,20220218,112612500,11:26:14,11815,150,2134,17439400,0,0,0
nr2203,20220218,20220218,112613000,11:26:15,11815,150,2134,17439400,0,0,0
nr2203,20220218,20220218,112613500,11:26:15,11815,150,2134,17439400,0,0,0
nr2203,20220218,20220218,112614500,11:26:15,11815,150,2134,17439400,0,0,0
nr2203,20220218,20220218,112615000,11:26:16,11815,150,2134,17439400,0,0,0
nr2203,20220218,20220218,112615500,11:26:16,11815,150,2134,17439400,0,0,0
nr2203,20220218,20220218,112616000,11:26:16,11815,150,2134,17439400,0,0,0
nr2203,20220218,20220218,112616500,11:26:17,11815,150,2134,17439400,0,0,0
nr2203,20220218,20220218,112617000,11:26:17,11815,150,2134,17439400,0,0,0
nr2203,20220218,20220218,112617500,11:26:17,11815,150,2134,17439400,0,0,0
nr2203,20220218,20220218,112618000,11:26:18,11815,150,2134,17439400,0,0,0
nr2203,20220218,20220218,112618500,11:26:18,11815,150,2134,17439400,0,0,0
nr2203,20220218,20220218,112619000,11:26:19,11815,150,2134,17439400,0,0,0
nr2203,20220218,20220218,112620000,11:26:20,11815,150,2134,17439400,0,0,0
nr2203,20220218,20220218,112621000,11:26:21,11815,150,2134,17439400,0,0,0
nr2203,20220218,20220218,112621500,11:26:21,11815,150,2134,17439400,0,0,0
nr2203,20220218,20220218,112622000,11:26:22,11815,150,2134,17439400,0,0,0
nr2203,20220218,20220218,112622500,11:26:22,11815,150,2134,17439400,0,0,0
nr2203,20220218,20220218,112623000,11:26:23,11815,150,2134,17439400,0,0,0
nr2203,20220218,20220218,112623500,11:26:23,11815,150,2134,17439400,0,0,0
nr2203,20220218,20220218,112624000,11:26:24,11815,150,2134,17439400,0,0,0
nr2203,20220218,20220218,112624500,11:26:24,11815,150,2134,17439400,0,0,0
nr2203,20220218,20220218,112625000,11:26:25,11815,150,2134,17439400,0,0,0
nr2203,20220218,20220218,112625500,11:26:25,11815,150,2134,17439400,0,0,0
nr2203,20220218,20220218,112626000,11:26:26,11815,150,2134,17439400,0,0,0
nr2203,20220218,20220218,112626500,11:26:26,11815,150,2134,17439400,0,0,0
nr2203,20220218,20220218,112627000,11:26:27,11815,150,2134,17439400,0,0,0
nr2203,20220218,20220218,112627500,11:26:27,11815,150,2134,17439400,0,0,0
nr2203,20220218,20220218,112628000,11:26:28,11815,150,2134,17439400,0,0,0
nr2203,20220218,20220218,112628500,11:26:28,11815,150,2134,17439400,0,0,0
nr2203,20220218,20220218,112629000,11:26:29,11815,150,2134,17439400,0,0,0
nr2203,20220218,20220218,112629500,11:26:30,11815,150,2134,17439400,0,0,0
nr2203,20220218,20220218,112630000,11:26:31,11815,150,2134,17439400,0,0,0
nr2203,20220218,20220218,112630500,11:26:31,11815,150,2134,17439400,0,0,0
nr2203,20220218,20220218,112631000,11:26:31,11815,150,2134,17439400,0,0,0
nr2203,20220218,20220218,112631500,11:26:32,11815,150,2134,17439400,0,0,0
nr2203,20220218,20220218,112632000,11:26:32,11815,150,2134,17439400,0,0,0
nr2203,20220218,20220218,112633000,11:26:33,11815,150,2134,17439400,0,0,0
nr2203,20220218,20220218,112633500,11:26:34,11815,150,2134,17439400,0,0,0
nr2203,20220218,20220218,112634000,11:26:34,11815,150,2134,17439400,0,0,0
nr2203,20220218,20220218,112634500,11:26:37,11815,150,2134,17439400,0,0,0
nr2203,20220218,20220218,112635000,11:26:37,11815,150,2134,17439400,0,0,0
nr2203,20220218,20220218,112635500,11:26:37,11815,150,2134,17439400,0,0,0
nr2203,20220218,20220218,112636000,11:26:38,11815,150,2134,17439400,0,0,0
nr2203,20220218,20220218,112637000,11:26:54,11815,150,2134,17439400,0,0,0
nr2203,20220218,20220218,112637500,11:26:54,11815,150,2134,17439400,0,0,0
nr2203,20220218,20220218,112638000,11:27:10,11815,150,2134,17439400,0,0,0
nr2203,20220218,20220218,112638500,11:27:10,11815,150,2134,17439400,0,0,0
nr2203,20220218,20220218,112653500,11:27:11,11815,150,2134,17439400,0,0,0
nr2203,20220218,20220218,112710000,11:27:12,11815,150,2134,17439400,0,0,0
nr2203,20220218,20220218,112710500,11:27:12,11815,150,2134,17439400,0,0,0
nr2203,20220218,20220218,112712000,11:27:13,11815,150,2134,17439400,0,0,0
nr2203,20220218,20220218,112712500,11:27:13,11815,150,2134,17439400,0,0,0
nr2203,20220218,20220218,112713000,11:27:13,11815,150,2134,17439400,0,0,0
nr2203,20220218,20220218,112713500,11:27:14,11815,150,2134,17439400,0,0,0
nr2203,20220218,20220218,112714000,11:27:15,11815,150,2134,17439400,0,0,0
nr2203,20220218,20220218,112714500,11:27:15,11815,150,2134,17439400,0,0,0
nr2203,20220218,20220218,112715000,11:27:15,11815,150,2134,17439400,0,0,0
nr2203,20220218,20220218,112715500,11:27:16,11815,150,2134,17439400,0,0,0
nr2203,20220218,20220218,112716000,11:27:16,11815,150,2134,17439400,0,0,0
nr2203,20220218,20220218,112716500,11:27:17,11815,150,2134,17439400,0,0,0
nr2203,20220218,20220218,112717000,11:27:17,11815,150,2134,17439400,0,0,0
nr2203,20220218,20220218,112717500,11:27:17,11815,150,2134,17439400,0,0,0
nr2203,20220218,20220218,112718000,11:27:18,11815,150,2134,17439400,0,0,0
nr2203,20220218,20220218,112718500,11:27:19,11815,150,2134,17439400,0,0,0
nr2203,20220218,20220218,112719000,11:27:19,11815,150,2134,17439400,0,0,0
nr2203,20220218,20220218,112720000,11:27:20,11815,150,2134,17439400,0,0,0
nr2203,20220218,20220218,112720500,11:27:21,11815,150,2134,17439400,0,0,0
nr2203,20220218,20220218,112721000,11:27:21,11815,150,2134,17439400,0,0,0
nr2203,20220218,20220218,112721500,11:27:22,11815,150,2134,17439400,0,0,0
nr2203,20220218,20220218,112722000,11:27:22,11815,150,2134,17439400,0,0,0
nr2203,20220218,20220218,112722500,11:27:26,11815,150,2134,17439400,0,0,0
nr2203,20220218,20220218,112723000,11:27:26,11815,150,2134,17439400,0,0,0
nr2203,20220218,20220218,112723500,11:27:27,11815,150,2134,17439400,0,0,0
nr2203,20220218,20220218,112724000,11:27:27,11815,150,2134,17439400,0,0,0
nr2203,20220218,20220218,112724500,11:27:27,11815,150,2134,17439400,0,0,0
nr2203,20220218,20220218,112726500,11:27:27,11815,150,2134,17439400,0,0,0
nr2203,20220218,20220218,112727000,11:27:27,11815,150,2134,17439400,0,0,0
nr2203,20220218,20220218,112727500,11:27:27,11815,150,2134,17439400,0,0,0
nr2203,20220218,20220218,112728000,11:27:28,11815,150,2134,17439400,0,0,0
nr2203,20220218,20220218,112728500,11:27:28,11815,150,2134,17439400,0,0,0
nr2203,20220218,20220218,112729000,11:27:29,11815,150,2134,17439400,0,0,0
nr2203,20220218,20220218,112729500,11:27:29,11815,150,2134,17439400,0,0,0
nr2203,20220218,20220218,112730000,11:27:30,11815,150,2134,17439400,0,0,0
nr2203,20220218,20220218,112730500,11:27:31,11815,150,2134,17439400,0,0,0
nr2203,20220218,20220218,112731000,11:27:31,11815,150,2134,17439400,0,0,0
nr2203,20220218,20220218,112731500,11:27:35,11815,150,2134,17439400,0,0,0
nr2203,20220218,20220218,112732000,11:27:35,11815,150,2134,17439400,0,0,0
nr2203,20220218,20220218,112732500,11:27:36,11815,150,2134,17439400,0,0,0
nr2203,20220218,20220218,112735500,11:27:36,11815,150,2134,17439400,0,0,0
nr2203,20220218,20220218,112736000,11:27:37,11815,150,2134,17439400,0,0,0
nr2203,20220218,20220218,112736500,11:27:37,11815,150,2134,17439400,0,0,0
nr2203,20220218,20220218,112737000,11:27:38,11815,150,2134,17439400,0,0,0
nr2203,20220218,20220218,112737500,11:27:38,11815,150,2134,17439400,0,0,0
nr2203,20220218,20220218,112738000,11:27:38,11815,150,2134,17439400,0,0,0
nr2203,20220218,20220218,112738500,11:27:39,11815,150,2134,17439400,0,0,0
nr2203,20220218,20220218,112740000,11:27:40,11815,150,2134,17439400,0,0,0
nr2203,20220218,20220218,112740500,11:27:40,11815,150,2134,17439400,0,0,0
nr2203,20220218,20220218,112741000,11:27:41,11815,150,2134,17439400,0,0,0
nr2203,20220218,20220218,112741500,11:27:41,11815,150,2134,17439400,0,0,0
nr2203,20220218,20220218,112742000,11:27:42,11815,150,2134,17439400,0,0,0
nr2203,20220218,20220218,112742500,11:27:43,11815,150,2134,17439400,0,0,0
nr2203,20220218,20220218,112743000,11:27:43,11815,150,2134,17439400,0,0,0
nr2203,20220218,20220218,112743500,11:27:43,11815,150,2134,17439400,0,0,0
nr2203,20220218,20220218,112744000,11:27:44,11815,150,2134,17439400,0,0,0
nr2203,20220218,20220218,112744500,11:27:45,11815,150,2134,17439400,0,0,0
nr2203,20220218,20220218,112745000,11:27:45,11815,150,2134,17439400,0,0,0
nr2203,20220218,20220218,112745500,11:27:46,11815,150,2134,17439400,0,0,0
nr2203,20220218,20220218,112746000,11:27:46,11815,150,2134,17439400,0,0,0
nr2203,20220218,20220218,112746500,11:27:47,11815,150,2134,17439400,0,0,0
nr2203,20220218,20220218,112747000,11:27:47,11815,150,2134,17439400,0,0,0
nr2203,20220218,20220218,112747500,11:27:47,11815,150,2134,17439400,0,0,0
nr2203,20220218,20220218,112748000,11:27:48,11815,150,2134,17439400,0,0,0
nr2203,20220218,20220218,112748500,11:27:54,11815,150,2134,17439400,0,0,0
nr2203,20220218,20220218,112749000,11:27:54,11815,150,2134,17439400,0,0,0
nr2203,20220218,20220218,112749500,11:27:54,11815,150,2134,17439400,0,0,0
nr2203,20220218,20220218,112754000,11:27:54,11815,150,2134,17439400,0,0,0
nr2203,20220218,20220218,112754500,11:27:54,11815,150,2134,17439400,0,0,0
nr2203,20220218,20220218,112755000,11:27:55,11815,150,2134,17439400,0,0,0
nr2203,20220218,20220218,112755500,11:27:55,11815,150,2134,17439400,0,0,0
nr2203,20220218,20220218,112756000,11:27:56,11815,150,2134,17439400,0,0,0
nr2203,20220218,20220218,112756500,11:27:56,11815,150,2134,17439400,0,0,0
nr2203,20220218,20220218,112757000,11:27:57,11815,150,2134,17439400,0,0,0
nr2203,20220218,20220218,112757500,11:27:57,11815,150,2134,17439400,0,0,0
nr2203,20220218,20220218,112758000,11:27:58,11815,150,2134,17439400,0,0,0
nr2203,20220218,20220218,112758500,11:27:59,11815,150,2134,17439400,0,0,0
nr2203,20220218,20220218,112759000,11:27:59,11815,150,2134,17439400,0,0,0
nr2203,20220218,20220218,112759500,11:27:59,11815,150,2134,17439400,0,0,0
nr2203,20220218,20220218,112800000,11:28:00,11815,150,2134,17439400,0,0,0
nr2203,20220218,20220218,112800500,11:28:01,11815,150,2134,17439400,0,0,0
nr2203,20220218,20220218,112801000,11:28:01,11815,150,2134,17439400,0,0,0
nr2203,20220218,20220218,112801500,11:28:02,11815,150,2134,17439400,0,0,0
nr2203,20220218,20220218,112802000,11:28:03,11815,150,2134,17439400,0,0,0
nr2203,20220218,20220218,112802500,11:28:03,11815,150,2134,17439400,0,0,0
nr2203,20220218,20220218,112803000,11:28:04,11815,150,2134,17439400,0,0,0
nr2203,20220218,20220218,112803500,11:28:04,11815,150,2134,17439400,0,0,0
nr2203,20220218,20220218,112804000,11:28:04,11815,150,2134,17439400,0,0,0
nr2203,20220218,20220218,112804500,11:28:05,11815,150,2134,17439400,0,0,0
nr2203,20220218,20220218,112805000,11:28:06,11815,150,2134,17439400,0,0,0
nr2203,20220218,20220218,112805500,11:28:06,11815,150,2134,17439400,0,0,0
nr2203,20220218,20220218,112806000,11:28:10,11815,150,2134,17439400,0,0,0
nr2203,20220218,20220218,112806500,11:28:10,11815,150,2134,17439400,0,0,0
nr2203,20220218,20220218,112807000,11:28:10,11815,150,2134,17439400,0,0,0
nr2203,20220218,20220218,112807500,11:28:10,11815,150,2134,17439400,0,0,0
nr2203,20220218,20220218,112810000,11:28:11,11815,150,2134,17439400,0,0,0
nr2203,20220218,20220218,112810500,11:28:11,11815,150,2134,17439400,0,0,0
nr2203,20220218,20220218,112811000,11:28:12,11815,150,2134,17439400,0,0,0
nr2203,20220218,20220218,112811500,11:28:12,11815,150,2134,17439400,0,0,0
nr2203,20220218,20220218,112812000,11:28:12,11845,154,2133,17912950,4,-1,473550
nr2203,20220218,20220218,112812500,11:28:13,11845,154,2133,17912950,0,0,0
nr2203,20220218,20220218,112813000,11:28:13,11845,154,2133,17912950,0,0,0
nr2203,20220218,20220218,112813500,11:28:13,11845,154,2133,17912950,0,0,0
nr2203,20220218,20220218,112814000,11:28:14,11845,154,2133,17912950,0,0,0
nr2203,20220218,20220218,112814500,11:28:14,11845,154,2133,17912950,0,0,0
nr2203,20220218,20220218,112815000,11:28:15,11845,154,2133,17912950,0,0,0
nr2203,20220218,20220218,112815500,11:28:15,11845,154,2133,17912950,0,0,0
nr2203,20220218,20220218,112816000,11:28:16,11845,154,2133,17912950,0,0,0
nr2203,20220218,20220218,112816500,11:28:16,11845,154,2133,17912950,0,0,0
nr2203,20220218,20220218,112817000,11:28:17,11845,154,2133,17912950,0,0,0
nr2203,20220218,20220218,112817500,11:28:17,11845,154,2133,17912950,0,0,0
nr2203,20220218,20220218,112818000,11:28:18,11845,154,2133,17912950,0,0,0
nr2203,20220218,20220218,112818500,11:28:18,11845,154,2133,17912950,0,0,0
nr2203,20220218,20220218,112819000,11:28:19,11850,155,2132,18031450,1,-1,118500
nr2203,20220218,20220218,112819500,11:28:19,11850,155,2132,18031450,0,0,0
nr2203,20220218,20220218,112820000,11:28:20,11850,155,2132,18031450,0,0,0
nr2203,20220218,20220218,112820500,11:28:20,11850,155,2132,18031450,0,0,0
nr2203,20220218,20220218,112821000,11:28:21,11850,155,2132,18031450,0,0,0
nr2203,20220218,20220218,112821500,11:28:22,11850,155,2132,18031450,0,0,0
nr2203,20220218,20220218,112822000,11:28:22,11850,155,2132,18031450,0,0,0
nr2203,20220218,20220218,112822500,11:28:22,11850,156,2131,18149950,1,-1,118500
nr2203,20220218,20220218,112823000,11:28:23,11850,156,2131,18149950,0,0,0
nr2203,20220218,20220218,112823500,11:28:23,11850,156,2131,18149950,0,0,0
nr2203,20220218,20220218,112824000,11:28:24,11850,157,2130,18268450,1,-1,118500
nr2203,20220218,20220218,112824500,11:28:24,11850,157,2130,18268450,0,0,0
nr2203,20220218,20220218,112825000,11:28:25,11850,158,2129,18386950,1,-1,118500
nr2203,20220218,20220218,112825500,11:28:25,11850,158,2129,18386950,0,0,0
nr2203,20220218,20220218,112826000,11:28:26,11850,158,2129,18386950,0,0,0
nr2203,20220218,20220218,112826500,11:28:26,11850,158,2129,18386950,0,0,0
nr2203,20220218,20220218,112827000,11:28:27,11850,158,2129,18386950,0,0,0
nr2203,20220218,20220218,112827500,11:28:27,11850,158,2129,18386950,0,0,0
nr2203,20220218,20220218,112828000,11:28:28,11850,158,2129,18386950,0,0,0
nr2203,20220218,20220218,112828500,11:28:28,11850,158,2129,18386950,0,0,0
nr2203,20220218,20220218,112829000,11:28:29,11850,158,2129,18386950,0,0,0
nr2203,20220218,20220218,112829500,11:28:29,11850,158,2129,18386950,0,0,0
nr2203,20220218,20220218,112830000,11:28:30,11850,158,2129,18386950,0,0,0
nr2203,20220218,20220218,112830500,11:28:31,11850,158,2129,18386950,0,0,0
nr2203,20220218,20220218,112831000,11:28:31,11850,158,2129,18386950,0,0,0
nr2203,20220218,20220218,112831500,11:28:31,11850,158,2129,18386950,0,0,0
nr2203,20220218,20220218,112832000,11:28:32,11850,158,2129,18386950,0,0,0
nr2203,20220218,20220218,112832500,11:28:33,11850,158,2129,18386950,0,0,0
nr2203,20220218,20220218,112833000,11:28:33,11850,158,2129,18386950,0,0,0
nr2203,20220218,20220218,112833500,11:28:33,11850,158,2129,18386950,0,0,0
nr2203,20220218,20220218,112834000,11:28:34,11850,158,2129,18386950,0,0,0
nr2203,20220218,20220218,112834500,11:28:34,11850,158,2129,18386950,0,0,0
nr2203,20220218,20220218,112835000,11:28:35,11850,158,2129,18386950,0,0,0
nr2203,20220218,20220218,112835500,11:28:37,11850,158,2129,18386950,0,0,0
nr2203,20220218,20220218,112836000,11:28:37,11850,158,2129,18386950,0,0,0
nr2203,20220218,20220218,112836500,11:28:37,11850,158,2129,18386950,0,0,0
nr2203,20220218,20220218,112837000,11:28:37,11850,158,2129,18386950,0,0,0
nr2203,20220218,20220218,112837500,11:28:37,11850,158,2129,18386950,0,0,0
nr2203,20220218,20220218,112838000,11:28:38,11850,158,2129,18386950,0,0,0
nr2203,20220218,20220218,112838500,11:28:38,11850,158,2129,18386950,0,0,0
nr2203,20220218,20220218,112839000,11:28:39,11850,158,2129,18386950,0,0,0
nr2203,20220218,20220218,112839500,11:28:40,11850,158,2129,18386950,0,0,0
nr2203,20220218,20220218,112840000,11:28:40,11850,158,2129,18386950,0,0,0
nr2203,20220218,20220218,112840500,11:28:40,11850,158,2129,18386950,0,0,0
nr2203,20220218,20220218,112841000,11:28:41,11850,158,2129,18386950,0,0,0
nr2203,20220218,20220218,112845000,11:28:45,11850,158,2129,18386950,0,0,0
nr2203,20220218,20220218,112845500,11:28:46,11850,158,2129,18386950,0,0,0
nr2203,20220218,20220218,112846500,11:28:46,11850,158,2129,18386950,0,0,0
nr2203,20220218,20220218,112847000,11:28:47,11850,158,2129,18386950,0,0,0
nr2203,20220218,20220218,112848000,11:28:48,11850,158,2129,18386950,0,0,0
nr2203,20220218,20220218,112848500,11:28:48,11850,158,2129,18386950,0,0,0
nr2203,20220218,20220218,112849000,11:28:49,11850,158,2129,18386950,0,0,0
nr2203,20220218,20220218,112849500,11:28:50,11850,158,2129,18386950,0,0,0
nr2203,20220218,20220218,112850500,11:28:50,11850,158,2129,18386950,0,0,0
nr2203,20220218,20220218,112851000,11:28:51,11850,158,2129,18386950,0,0,0
nr2203,20220218,20220218,112852500,11:28:53,11850,158,2129,18386950,0,0,0
nr2203,20220218,20220218,112853000,11:28:54,11850,158,2129,18386950,0,0,0
nr2203,20220218,20220218,112854000,11:28:54,11850,158,2129,18386950,0,0,0
nr2203,20220218,20220218,112854500,11:28:54,11850,158,2129,18386950,0,0,0
nr2203,20220218,20220218,112856500,11:28:56,11850,158,2129,18386950,0,0,0
nr2203,20220218,20220218,112857000,11:28:57,11850,158,2129,18386950,0,0,0
nr2203,20220218,20220218,112857500,11:28:58,11850,158,2129,18386950,0,0,0
nr2203,20220218,20220218,112858000,11:28:58,11850,158,2129,18386950,0,0,0
nr2203,20220218,20220218,112858500,11:28:59,11850,158,2129,18386950,0,0,0
nr2203,20220218,20220218,112859500,11:29:00,11850,158,2129,18386950,0,0,0
nr2203,20220218,20220218,112900000,11:29:00,11850,158,2129,18386950,0,0,0
nr2203,20220218,20220218,112900500,11:29:01,11850,158,2129,18386950,0,0,0
nr2203,20220218,20220218,112901000,11:29:01,11850,158,2129,18386950,0,0,0
nr2203,20220218,20220218,112901500,11:29:01,11850,158,2129,18386950,0,0,0
nr2203,20220218,20220218,112902000,11:29:02,11850,158,2129,18386950,0,0,0
nr2203,20220218,20220218,112902500,11:29:03,11850,158,2129,18386950,0,0,0
nr2203,20220218,20220218,112903000,11:29:03,11850,158,2129,18386950,0,0,0
nr2203,20220218,20220218,112903500,11:29:03,11850,158,2129,18386950,0,0,0
nr2203,20220218,20220218,112904000,11:29:04,11850,158,2129,18386950,0,0,0
nr2203,20220218,20220218,112904500,11:29:04,11850,158,2129,18386950,0,0,0
nr2203,20220218,20220218,112905000,11:29:05,11850,158,2129,18386950,0,0,0
nr2203,20220218,20220218,112910000,11:29:10,11850,158,2129,18386950,0,0,0
nr2203,20220218,20220218,112914000,11:29:14,11850,158,2129,18386950,0,0,0
nr2203,20220218,20220218,112914500,11:29:15,11850,158,2129,18386950,0,0,0
nr2203,20220218,20220218,112915500,11:29:16,11850,158,2129,18386950,0,0,0
nr2203,20220218,20220218,112916000,11:29:16,11850,158,2129,18386950,0,0,0
nr2203,20220218,20220218,112916500,11:29:16,11850,158,2129,18386950,0,0,0
nr2203,20220218,20220218,112917000,11:29:20,11850,158,2129,18386950,0,0,0
nr2203,20220218,20220218,112918000,11:29:21,11850,158,2129,18386950,0,0,0
nr2203,20220218,20220218,112919500,11:29:21,11850,158,2129,18386950,0,0,0
nr2203,20220218,20220218,112925000,11:29:25,11850,158,2129,18386950,0,0,0
nr2203,20220218,20220218,112928500,11:29:29,11850,158,2129,18386950,0,0,0
nr2203,20220218,20220218,112929000,11:29:29,11850,158,2129,18386950,0,0,0
nr2203,20220218,20220218,112931500,11:29:32,11850,158,2129,18386950,0,0,0
nr2203,20220218,20220218,112950500,11:29:51,11850,158,2129,18386950,0,0,0
nr2203,20220218,20220218,112951000,11:29:52,11850,158,2129,18386950,0,0,0
nr2203,20220218,20220218,112952000,11:29:52,11850,158,2129,18386950,0,0,0
nr2203,20220218,20220218,112952500,11:29:53,11850,158,2129,18386950,0,0,0
nr2203,20220218,20220218,112953000,11:29:53,11850,158,2129,18386950,0,0,0
nr2203,20220218,20220218,112953500,11:29:54,11850,158,2129,18386950,0,0,0
nr2203,20220218,20220218,112955000,11:29:55,11850,158,2129,18386950,0,0,0
nr2203,20220218,20220218,112955500,11:29:56,11850,158,2129,18386950,0,0,0
nr2203,20220218,20220218,112956000,11:29:56,11850,158,2129,18386950,0,0,0
nr2203,20220218,20220218,112956500,11:30:00,11850,158,2129,18386950,0,0,0
nr2203,20220218,20220218,112957000,11:30:00,11850,158,2129,18386950,0,0,0
nr2203,20220218,20220218,112959500,11:30:02,11850,158,2129,18386950,0,0,0
nr2203,20220218,20220218,113001500,11:30:03,11850,158,2129,18386950,0,0,0
nr2203,20220218,20220218,133002000,13:30:08,11850,158,2129,18386950,0,0,0
nr2203,20220218,20220218,133002500,13:30:08,11850,158,2129,18386950,0,0,0
nr2203,20220218,20220218,133008500,13:30:10,11850,158,2129,18386950,0,0,0
nr2203,20220218,20220218,133010000,13:30:11,11850,158,2129,18386950,0,0,0
nr2203,20220218,20220218,133010500,13:30:12,11850,158,2129,18386950,0,0,0
nr2203,20220218,20220218,133011000,13:30:12,11850,158,2129,18386950,0,0,0
nr2203,20220218,20220218,133011500,13:30:13,11850,158,2129,18386950,0,0,0
nr2203,20220218,20220218,133012500,13:30:13,11850,158,2129,18386950,0,0,0
nr2203,20220218,20220218,133013000,13:30:13,11850,158,2129,18386950,0,0,0
nr2203,20220218,20220218,133014000,13:30:15,11850,158,2129,18386950,0,0,0
nr2203,20220218,20220218,133014500,13:30:17,11850,158,2129,18386950,0,0,0
nr2203,20220218,20220218,133015000,13:30:17,11850,158,2129,18386950,0,0,0
nr2203,20220218,20220218,133015500,13:30:18,11850,158,2129,18386950,0,0,0
nr2203,20220218,20220218,133017500,13:30:19,11850,158,2129,18386950,0,0,0
nr2203,20220218,20220218,133018000,13:30:19,11850,158,2129,18386950,0,0,0
nr2203,20220218,20220218,133018500,13:30:20,11850,158,2129,18386950,0,0,0
nr2203,20220218,20220218,133019000,13:30:20,11850,158,2129,18386950,0,0,0
nr2203,20220218,20220218,133019500,13:30:20,11850,158,2129,18386950,0,0,0
nr2203,20220218,20220218,133020000,13:30:21,11850,158,2129,18386950,0,0,0
nr2203,20220218,20220218,133020500,13:30:21,11850,158,2129,18386950,0,0,0
nr2203,20220218,20220218,133021000,13:30:21,11850,158,2129,18386950,0,0,0
nr2203,20220218,20220218,133021500,13:30:22,11850,158,2129,18386950,0,0,0
nr2203,20220218,20220218,133022000,13:30:38,11850,158,2129,18386950,0,0,0
nr2203,20220218,20220218,133023000,13:30:38,11850,158,2129,18386950,0,0,0
nr2203,20220218,20220218,133036000,13:30:40,11850,158,2129,18386950,0,0,0
nr2203,20220218,20220218,133042500,13:30:44,11850,158,2129,18386950,0,0,0
nr2203,20220218,20220218,133043500,13:30:45,11850,158,2129,18386950,0,0,0
nr2203,20220218,20220218,133044000,13:30:46,11850,158,2129,18386950,0,0,0
nr2203,20220218,20220218,133047000,13:30:47,11850,158,2129,18386950,0,0,0
nr2203,20220218,20220218,133048000,13:30:48,11850,158,2129,18386950,0,0,0
nr2203,20220218,20220218,133050500,13:30:51,11850,158,2129,18386950,0,0,0
nr2203,20220218,20220218,133052500,13:30:53,11850,158,2129,18386950,0,0,0
nr2203,20220218,20220218,133053000,13:30:54,11850,158,2129,18386950,0,0,0
nr2203,20220218,20220218,133053500,13:30:54,11850,158,2129,18386950,0,0,0
nr2203,20220218,20220218,133057000,13:30:58,11850,158,2129,18386950,0,0,0
nr2203,20220218,20220218,133057500,13:30:58,11850,158,2129,18386950,0,0,0
nr2203,20220218,20220218,133058000,13:30:58,11850,158,2129,18386950,0,0,0
nr2203,20220218,20220218,133058500,13:30:59,11850,158,2129,18386950,0,0,0
nr2203,20220218,20220218,133059000,13:30:59,11850,158,2129,18386950,0,0,0
nr2203,20220218,20220218,133101000,13:31:01,11850,158,2129,18386950,0,0,0
nr2203,20220218,20220218,133101500,13:31:01,11850,158,2129,18386950,0,0,0
nr2203,20220218,20220218,133103000,13:31:03,11850,158,2129,18386950,0,0,0
nr2203,20220218,20220218,133103500,13:31:05,11850,158,2129,18386950,0,0,0
nr2203,20220218,20220218,133104500,13:31:07,11850,158,2129,18386950,0,0,0
nr2203,20220218,20220218,133105500,13:31:08,11850,158,2129,18386950,0,0,0
nr2203,20220218,20220218,133106500,13:31:09,11850,158,2129,18386950,0,0,0
nr2203,20220218,20220218,133107500,13:31:09,11850,158,2129,18386950,0,0,0
nr2203,20220218,20220218,133108500,13:31:09,11850,158,2129,18386950,0,0,0
nr2203,20220218,20220218,133109000,13:31:09,11850,158,2129,18386950,0,0,0
nr2203,20220218,20220218,133110000,13:31:11,11850,158,2129,18386950,0,0,0
nr2203,20220218,20220218,133110500,13:31:11,11850,158,2129,18386950,0,0,0
nr2203,20220218,20220218,133111000,13:31:11,11850,158,2129,18386950,0,0,0
nr2203,20220218,20220218,133112500,13:31:13,11850,158,2129,18386950,0,0,0
nr2203,20220218,20220218,133116000,13:31:16,11850,158,2129,18386950,0,0,0
nr2203,20220218,20220218,133116500,13:31:17,11850,158,2129,18386950,0,0,0
nr2203,20220218,20220218,133117000,13:31:17,11850,158,2129,18386950,0,0,0
nr2203,20220218,20220218,133117500,13:31:18,11850,158,2129,18386950,0,0,0
nr2203,20220218,20220218,133118000,13:31:18,11850,158,2129,18386950,0,0,0
nr2203,20220218,20220218,133118500,13:31:19,11850,158,2129,18386950,0,0,0
nr2203,20220218,20220218,133119500,13:31:20,11850,158,2129,18386950,0,0,0
nr2203,20220218,20220218,133200500,13:32:01,11850,158,2129,18386950,0,0,0
nr2203,20220218,20220218,133203500,13:32:05,11850,158,2129,18386950,0,0,0
nr2203,20220218,20220218,133204000,13:32:05,11850,158,2129,18386950,0,0,0
nr2203,20220218,20220218,133205500,13:32:06,11850,158,2129,18386950,0,0,0
nr2203,20220218,20220218,133206500,13:32:07,11850,158,2129,18386950,0,0,0
nr2203,20220218,20220218,133211000,13:32:14,11850,158,2129,18386950,0,0,0
nr2203,20220218,20220218,133212500,13:32:15,11850,158,2129,18386950,0,0,0
nr2203,20220218,20220218,133214000,13:32:15,11850,158,2129,18386950,0,0,0
nr2203,20220218,20220218,133214500,13:32:16,11850,158,2129,18386950,0,0,0
nr2203,20220218,20220218,133216500,13:32:17,11850,158,2129,18386950,0,0,0
nr2203,20220218,20220218,133217000,13:32:17,11850,158,2129,18386950,0,0,0
nr2203,20220218,20220218,133218000,13:32:18,11850,158,2129,18386950,0,0,0
nr2203,20220218,20220218,133219500,13:32:20,11850,158,2129,18386950,0,0,0
nr2203,20220218,20220218,133223000,13:32:24,11850,158,2129,18386950,0,0,0
nr2203,20220218,20220218,133223500,13:32:24,11850,158,2129,18386950,0,0,0
nr2203,20220218,20220218,133224000,13:32:24,11850,158,2129,18386950,0,0,0
nr2203,20220218,20220218,133224500,13:32:25,11850,158,2129,18386950,0,0,0
nr2203,20220218,20220218,133225500,13:32:25,11850,158,2129,18386950,0,0,0
nr2203,20220218,20220218,133232000,13:32:35,11850,158,2129,18386950,0,0,0
nr2203,20220218,20220218,133233500,13:32:35,11850,158,2129,18386950,0,0,0
nr2203,20220218,20220218,133235000,13:32:36,11850,158,2129,18386950,0,0,0
nr2203,20220218,20220218,133235500,13:32:36,11850,158,2129,18386950,0,0,0
nr2203,20220218,20220218,133237000,13:32:37,11850,158,2129,18386950,0,0,0
nr2203,20220218,20220218,133237500,13:32:37,11850,158,2129,18386950,0,0,0
nr2203,20220218,20220218,133238000,13:32:38,11850,158,2129,18386950,0,0,0
nr2203,20220218,20220218,133238500,13:32:39,11850,158,2129,18386950,0,0,0
nr2203,20220218,20220218,133239000,13:32:39,11850,158,2129,18386950,0,0,0
nr2203,20220218,20220218,133239500,13:32:39,11850,158,2129,18386950,0,0,0
nr2203,20220218,20220218,133240000,13:32:40,11850,158,2129,18386950,0,0,0
nr2203,20220218,20220218,133243000,13:32:43,11850,158,2129,18386950,0,0,0
nr2203,20220218,20220218,133244000,13:32:44,11850,158,2129,18386950,0,0,0
nr2203,20220218,20220218,133248500,13:32:49,11850,158,2129,18386950,0,0,0
nr2203,20220218,20220218,133249000,13:32:49,11850,158,2129,18386950,0,0,0
nr2203,20220218,20220218,133249500,13:32:50,11850,158,2129,18386950,0,0,0
nr2203,20220218,20220218,133304000,13:33:04,11850,158,2129,18386950,0,0,0
nr2203,20220218,20220218,133305500,13:33:05,11850,158,2129,18386950,0,0,0
nr2203,20220218,20220218,133309500,13:33:10,11850,158,2129,18386950,0,0,0
nr2203,20220218,20220218,133310000,13:33:11,11850,158,2129,18386950,0,0,0
nr2203,20220218,20220218,133310500,13:33:12,11850,158,2129,18386950,0,0,0
nr2203,20220218,20220218,133311000,13:33:13,11850,158,2129,18386950,0,0,0
nr2203,20220218,20220218,133311500,13:33:14,11850,158,2129,18386950,0,0,0
nr2203,20220218,20220218,133322000,13:33:22,11850,158,2129,18386950,0,0,0
nr2203,20220218,20220218,133322500,13:33:22,11850,158,2129,18386950,0,0,0
nr2203,20220218,20220218,133323000,13:33:23,11850,158,2129,18386950,0,0,0
nr2203,20220218,20220218,133324000,13:33:24,11850,158,2129,18386950,0,0,0
nr2203,20220218,20220218,133325000,13:33:26,11850,158,2129,18386950,0,0,0
nr2203,20220218,20220218,133332000,13:33:32,11850,158,2129,18386950,0,0,0
nr2203,20220218,20220218,133332500,13:33:33,11850,158,2129,18386950,0,0,0
nr2203,20220218,20220218,133339500,13:33:40,11850,158,2129,18386950,0,0,0
nr2203,20220218,20220218,133340500,13:33:41,11850,158,2129,18386950,0,0,0
nr2203,20220218,20220218,133355000,13:33:56,11850,158,2129,18386950,0,0,0
nr2203,20220218,20220218,133355500,13:33:56,11850,158,2129,18386950,0,0,0
nr2203,20220218,20220218,133356000,13:33:56,11850,158,2129,18386950,0,0,0
nr2203,20220218,20220218,133410500,13:34:12,11850,158,2129,18386950,0,0,0
nr2203,20220218,20220218,133411000,13:34:12,11850,158,2129,18386950,0,0,0
nr2203,20220218,20220218,133411500,13:34:12,11850,158,2129,18386950,0,0,0
nr2203,20220218,20220218,133412000,13:34:12,11850,158,2129,18386950,0,0,0
nr2203,20220218,20220218,133414000,13:34:14,11850,158,2129,18386950,0,0,0
nr2203,20220218,20220218,133414500,13:34:15,11850,158,2129,18386950,0,0,0
nr2203,20220218,20220218,133415000,13:34:15,11850,158,2129,18386950,0,0,0
nr2203,20220218,20220218,133421000,13:34:23,11850,158,2129,18386950,0,0,0
nr2203,20220218,20220218,133421500,13:34:24,11850,158,2129,18386950,0,0,0
nr2203,20220218,20220218,133423000,13:34:24,11850,158,2129,18386950,0,0,0
nr2203,20220218,20220218,133423500,13:34:24,11850,158,2129,18386950,0,0,0
nr2203,20220218,20220218,133424000,13:34:24,11850,158,2129,18386950,0,0,0
nr2203,20220218,20220218,133426500,13:34:26,11850,158,2129,18386950,0,0,0
nr2203,20220218,20220218,133437500,13:34:38,11850,158,2129,18386950,0,0,0
nr2203,20220218,20220218,133438000,13:34:38,11850,158,2129,18386950,0,0,0
nr2203,20220218,20220218,133438500,13:34:38,11850,158,2129,18386950,0,0,0
nr2203,20220218,20220218,133439500,13:34:39,11850,158,2129,18386950,0,0,0
nr2203,20220218,20220218,133442000,13:34:43,11850,158,2129,18386950,0,0,0
nr2203,20220218,20220218,133442500,13:34:44,11850,158,2129,18386950,0,0,0
nr2203,20220218,20220218,133443000,13:34:45,11850,158,2129,18386950,0,0,0
nr2203,20220218,20220218,133500500,13:35:00,11850,158,2129,18386950,0,0,0
nr2203,20220218,20220218,133504500,13:35:10,11850,158,2129,18386950,0,0,0
nr2203,20220218,20220218,133523000,13:35:23,11850,158,2129,18386950,0,0,0
nr2203,20220218,20220218,133523500,13:35:23,11850,158,2129,18386950,0,0,0
nr2203,20220218,20220218,133541000,13:35:43,11850,158,2129,18386950,0,0,0
nr2203,20220218,20220218,133542000,13:35:44,11850,158,2129,18386950,0,0,0
nr2203,20220218,20220218,133542500,13:35:44,11850,158,2129,18386950,0,0,0
nr2203,20220218,20220218,133543500,13:35:44,11850,158,2129,18386950,0,0,0
nr2203,20220218,20220218,133544000,13:35:45,11850,158,2129,18386950,0,0,0
nr2203,20220218,20220218,133544500,13:35:45,11850,158,2129,18386950,0,0,0
nr2203,20220218,20220218,133545000,13:35:46,11850,158,2129,18386950,0,0,0
nr2203,20220218,20220218,133545500,13:35:46,11850,158,2129,18386950,0,0,0
nr2203,20220218,20220218,133546000,13:35:46,11850,158,2129,18386950,0,0,0
nr2203,20220218,20220218,133546500,13:35:46,11850,158,2129,18386950,0,0,0
nr2203,20220218,20220218,133547000,13:35:47,11850,158,2129,18386950,0,0,0
nr2203,20220218,20220218,133547500,13:35:48,11850,158,2129,18386950,0,0,0
nr2203,20220218,20220218,133548000,13:35:48,11850,158,2129,18386950,0,0,0
nr2203,20220218,20220218,133548500,13:35:48,11850,158,2129,18386950,0,0,0
nr2203,20220218,20220218,133549000,13:35:49,11850,158,2129,18386950,0,0,0
nr2203,20220218,20220218,133549500,13:35:49,11850,158,2129,18386950,0,0,0
nr2203,20220218,20220218,133550000,13:35:50,11850,158,2129,18386950,0,0,0
nr2203,20220218,20220218,133550500,13:35:50,11850,158,2129,18386950,0,0,0
nr2203,20220218,20220218,133551000,13:35:51,11850,158,2129,18386950,0,0,0
nr2203,20220218,20220218,133551500,13:35:51,11850,158,2129,18386950,0,0,0
nr2203,20220218,20220218,133552000,13:35:52,11850,158,2129,18386950,0,0,0
nr2203,20220218,20220218,133552500,13:35:52,11850,158,2129,18386950,0,0,0
nr2203,20220218,20220218,133553000,13:35:53,11850,158,2129,18386950,0,0,0
nr2203,20220218,20220218,133553500,13:35:55,11850,158,2129,18386950,0,0,0
nr2203,20220218,20220218,133554000,13:35:55,11850,158,2129,18386950,0,0,0
nr2203,20220218,20220218,133554500,13:35:55,11850,158,2129,18386950,0,0,0
nr2203,20220218,20220218,133555000,13:35:56,11850,158,2129,18386950,0,0,0
nr2203,20220218,20220218,133555500,13:35:56,11850,158,2129,18386950,0,0,0
nr2203,20220218,20220218,133556000,13:35:56,11850,158,2129,18386950,0,0,0
nr2203,20220218,20220218,133556500,13:35:57,11850,158,2129,18386950,0,0,0
nr2203,20220218,20220218,133557000,13:35:59,11850,158,2129,18386950,0,0,0
nr2203,20220218,20220218,133557500,13:35:59,11850,158,2129,18386950,0,0,0
nr2203,20220218,20220218,133558000,13:36:01,11850,158,2129,18386950,0,0,0
nr2203,20220218,20220218,133559500,13:36:03,11850,158,2129,18386950,0,0,0
nr2203,20220218,20220218,133600000,13:36:03,11850,158,2129,18386950,0,0,0
nr2203,20220218,20220218,133601500,13:36:03,11850,158,2129,18386950,0,0,0
nr2203,20220218,20220218,133602500,13:36:04,11850,158,2129,18386950,0,0,0
nr2203,20220218,20220218,133603000,13:36:05,11850,158,2129,18386950,0,0,0
nr2203,20220218,20220218,133603500,13:36:05,11850,158,2129,18386950,0,0,0
nr2203,20220218,20220218,133604000,13:36:05,11850,158,2129,18386950,0,0,0
nr2203,20220218,20220218,133605000,13:36:06,11850,158,2129,18386950,0,0,0
nr2203,20220218,20220218,133605500,13:36:07,11850,158,2129,18386950,0,0,0
nr2203,20220218,20220218,133606000,13:36:07,11850,158,2129,18386950,0,0,0
nr2203,20220218,20220218,133606500,13:36:07,11850,158,2129,18386950,0,0,0
nr2203,20220218,20220218,133607000,13:36:08,11850,158,2129,18386950,0,0,0
nr2203,20220218,20220218,133608000,13:36:08,11850,158,2129,18386950,0,0,0
nr2203,20220218,20220218,133626000,13:36:26,11850,158,2129,18386950,0,0,0
nr2203,20220218,20220218,133626500,13:36:27,11850,158,2129,18386950,0,0,0
nr2203,20220218,20220218,133627000,13:36:27,11850,158,2129,18386950,0,0,0
nr2203,20220218,20220218,133627500,13:36:28,11850,158,2129,18386950,0,0,0
nr2203,20220218,20220218,133628500,13:36:29,11850,158,2129,18386950,0,0,0
nr2203,20220218,20220218,133631000,13:36:31,11850,158,2129,18386950,0,0,0
nr2203,20220218,20220218,133634500,13:36:35,11820,159,2129,18505150,1,0,118200
nr2203,20220218,20220218,133635000,13:36:35,11820,159,2129,18505150,0,0,0
nr2203,20220218,20220218,133635500,13:36:36,11820,159,2129,18505150,0,0,0
nr2203,20220218,20220218,133649000,13:36:49,11820,159,2129,18505150,0,0,0
nr2203,20220218,20220218,133649500,13:36:49,11820,159,2129,18505150,0,0,0
nr2203,20220218,20220218,133650000,13:36:50,11820,159,2129,18505150,0,0,0
nr2203,20220218,20220218,133650500,13:36:50,11820,159,2129,18505150,0,0,0
nr2203,20220218,20220218,133651000,13:36:51,11820,159,2129,18505150,0,0,0
nr2203,20220218,20220218,133651500,13:36:51,11820,159,2129,18505150,0,0,0
nr2203,20220218,20220218,133652000,13:36:52,11820,159,2129,18505150,0,0,0
nr2203,20220218,20220218,133652500,13:36:53,11820,159,2129,18505150,0,0,0
nr2203,20220218,20220218,133653000,13:36:53,11820,159,2129,18505150,0,0,0
nr2203,20220218,20220218,133653500,13:36:54,11820,159,2129,18505150,0,0,0
nr2203,20220218,20220218,133654000,13:36:54,11820,159,2129,18505150,0,0,0
nr2203,20220218,20220218,133654500,13:36:54,11820,159,2129,18505150,0,0,0
nr2203,20220218,20220218,133655000,13:36:55,11820,159,2129,18505150,0,0,0
nr2203,20220218,20220218,133655500,13:36:56,11820,159,2129,18505150,0,0,0
nr2203,20220218,20220218,133656500,13:36:57,11820,159,2129,18505150,0,0,0
nr2203,20220218,20220218,133657000,13:36:58,11820,159,2129,18505150,0,0,0
nr2203,20220218,20220218,133657500,13:36:58,11820,159,2129,18505150,0,0,0
nr2203,20220218,20220218,133658000,13:36:58,11820,159,2129,18505150,0,0,0
nr2203,20220218,20220218,133658500,13:36:59,11820,159,2129,18505150,0,0,0
nr2203,20220218,20220218,133659000,13:36:59,11820,159,2129,18505150,0,0,0
nr2203,20220218,20220218,133659500,13:36:59,11820,159,2129,18505150,0,0,0
nr2203,20220218,20220218,133700000,13:37:00,11820,159,2129,18505150,0,0,0
nr2203,20220218,20220218,133700500,13:37:00,11820,159,2129,18505150,0,0,0
nr2203,20220218,20220218,133701000,13:37:01,11820,159,2129,18505150,0,0,0
nr2203,20220218,20220218,133701500,13:37:02,11820,159,2129,18505150,0,0,0
nr2203,20220218,20220218,133702000,13:37:02,11820,159,2129,18505150,0,0,0
nr2203,20220218,20220218,133702500,13:37:03,11820,159,2129,18505150,0,0,0
nr2203,20220218,20220218,133703000,13:37:03,11820,159,2129,18505150,0,0,0
nr2203,20220218,20220218,133703500,13:37:03,11820,159,2129,18505150,0,0,0
nr2203,20220218,20220218,133704000,13:37:04,11820,159,2129,18505150,0,0,0
nr2203,20220218,20220218,133704500,13:37:04,11820,159,2129,18505150,0,0,0
nr2203,20220218,20220218,133705000,13:37:05,11820,159,2129,18505150,0,0,0
nr2203,20220218,20220218,133705500,13:37:07,11820,159,2129,18505150,0,0,0
nr2203,20220218,20220218,133706000,13:37:08,11820,159,2129,18505150,0,0,0
nr2203,20220218,20220218,133706500,13:37:08,11820,159,2129,18505150,0,0,0
nr2203,20220218,20220218,133707000,13:37:08,11820,159,2129,18505150,0,0,0
nr2203,20220218,20220218,133707500,13:37:08,11820,159,2129,18505150,0,0,0
nr2203,20220218,20220218,133708000,13:37:08,11820,159,2129,18505150,0,0,0
nr2203,20220218,20220218,133708500,13:37:08,11820,159,2129,18505150,0,0,0
nr2203,20220218,20220218,133709000,13:37:09,11820,159,2129,18505150,0,0,0
nr2203,20220218,20220218,133709500,13:37:10,11820,159,2129,18505150,0,0,0
nr2203,20220218,20220218,133710000,13:37:11,11820,159,2129,18505150,0,0,0
nr2203,20220218,20220218,133710500,13:37:11,11820,159,2129,18505150,0,0,0
nr2203,20220218,20220218,133711000,13:37:12,11820,159,2129,18505150,0,0,0
nr2203,20220218,20220218,133711500,13:37:13,11820,159,2129,18505150,0,0,0
nr2203,20220218,20220218,133712000,13:37:13,11820,159,2129,18505150,0,0,0
nr2203,20220218,20220218,133712500,13:37:13,11820,159,2129,18505150,0,0,0
nr2203,20220218,20220218,133713000,13:37:14,11820,159,2129,18505150,0,0,0
nr2203,20220218,20220218,133713500,13:37:14,11820,159,2129,18505150,0,0,0
nr2203,20220218,20220218,133714000,13:37:14,11820,159,2129,18505150,0,0,0
nr2203,20220218,20220218,133714500,13:37:14,11820,159,2129,18505150,0,0,0
nr2203,20220218,20220218,133715000,13:37:15,11820,159,2129,18505150,0,0,0
nr2203,20220218,20220218,133715500,13:37:16,11820,159,2129,18505150,0,0,0
nr2203,20220218,20220218,133716000,13:37:16,11820,159,2129,18505150,0,0,0
nr2203,20220218,20220218,133716500,13:37:17,11820,159,2129,18505150,0,0,0
nr2203,20220218,20220218,133717000,13:37:17,11820,159,2129,18505150,0,0,0
nr2203,20220218,20220218,133717500,13:37:18,11820,159,2129,18505150,0,0,0
nr2203,20220218,20220218,133718000,13:37:18,11820,159,2129,18505150,0,0,0
nr2203,20220218,20220218,133718500,13:37:19,11820,159,2129,18505150,0,0,0
nr2203,20220218,20220218,133719000,13:37:19,11820,159,2129,18505150,0,0,0
nr2203,20220218,20220218,133719500,13:37:19,11820,159,2129,18505150,0,0,0
nr2203,20220218,20220218,133720000,13:37:21,11820,159,2129,18505150,0,0,0
nr2203,20220218,20220218,133720500,13:37:21,11820,159,2129,18505150,0,0,0
nr2203,20220218,20220218,133721000,13:37:21,11820,159,2129,18505150,0,0,0
nr2203,20220218,20220218,133721500,13:37:21,11820,159,2129,18505150,0,0,0
nr2203,20220218,20220218,133722000,13:37:22,11820,159,2129,18505150,0,0,0
nr2203,20220218,20220218,133722500,13:37:23,11820,159,2129,18505150,0,0,0
nr2203,20220218,20220218,133723000,13:37:23,11820,159,2129,18505150,0,0,0
nr2203,20220218,20220218,133723500,13:37:23,11820,159,2129,18505150,0,0,0
nr2203,20220218,20220218,133724000,13:37:24,11820,159,2129,18505150,0,0,0
nr2203,20220218,20220218,133724500,13:37:25,11820,159,2129,18505150,0,0,0
nr2203,20220218,20220218,133725000,13:37:25,11820,159,2129,18505150,0,0,0
nr2203,20220218,20220218,133725500,13:37:26,11820,159,2129,18505150,0,0,0
nr2203,20220218,20220218,133726000,13:37:26,11820,159,2129,18505150,0,0,0
nr2203,20220218,20220218,133726500,13:37:27,11820,159,2129,18505150,0,0,0
nr2203,20220218,20220218,133727000,13:37:27,11820,159,2129,18505150,0,0,0
nr2203,20220218,20220218,133727500,13:37:27,11820,159,2129,18505150,0,0,0
nr2203,20220218,20220218,133728000,13:37:28,11820,159,2129,18505150,0,0,0
nr2203,20220218,20220218,133728500,13:37:28,11820,159,2129,18505150,0,0,0
nr2203,20220218,20220218,133729000,13:37:29,11820,159,2129,18505150,0,0,0
nr2203,20220218,20220218,133729500,13:37:30,11820,159,2129,18505150,0,0,0
nr2203,20220218,20220218,133730000,13:37:30,11820,159,2129,18505150,0,0,0
nr2203,20220218,20220218,133730500,13:37:31,11820,159,2129,18505150,0,0,0
nr2203,20220218,20220218,133731000,13:37:31,11820,159,2129,18505150,0,0,0
nr2203,20220218,20220218,133731500,13:37:31,11820,159,2129,18505150,0,0,0
nr2203,20220218,20220218,133732000,13:37:32,11820,159,2129,18505150,0,0,0
nr2203,20220218,20220218,133732500,13:37:33,11820,159,2129,18505150,0,0,0
nr2203,20220218,20220218,133733000,13:37:33,11820,159,2129,18505150,0,0,0
nr2203,20220218,20220218,133733500,13:37:33,11820,159,2129,18505150,0,0,0
nr2203,20220218,20220218,133734000,13:37:34,11820,159,2129,18505150,0,0,0
nr2203,20220218,20220218,133734500,13:37:34,11820,159,2129,18505150,0,0,0
nr2203,20220218,20220218,133735000,13:37:35,11820,159,2129,18505150,0,0,0
nr2203,20220218,20220218,133735500,13:37:36,11820,159,2129,18505150,0,0,0
nr2203,20220218,20220218,133736000,13:37:36,11820,159,2129,18505150,0,0,0
nr2203,20220218,20220218,133736500,13:37:37,11820,159,2129,18505150,0,0,0
nr2203,20220218,20220218,133737000,13:37:37,11820,159,2129,18505150,0,0,0
nr2203,20220218,20220218,133737500,13:37:37,11820,159,2129,18505150,0,0,0
nr2203,20220218,20220218,133738000,13:37:38,11820,159,2129,18505150,0,0,0
nr2203,20220218,20220218,133738500,13:37:39,11820,159,2129,18505150,0,0,0
nr2203,20220218,20220218,133739000,13:37:39,11820,159,2129,18505150,0,0,0
nr2203,20220218,20220218,133739500,13:37:39,11820,159,2129,18505150,0,0,0
nr2203,20220218,20220218,133745500,13:37:45,11820,159,2129,18505150,0,0,0
nr2203,20220218,20220218,133753000,13:37:54,11820,159,2129,18505150,0,0,0
nr2203,20220218,20220218,133758000,13:37:58,11820,159,2129,18505150,0,0,0
nr2203,20220218,20220218,133800000,13:38:02,11820,159,2129,18505150,0,0,0
nr2203,20220218,20220218,133802000,13:38:04,11820,159,2129,18505150,0,0,0
nr2203,20220218,20220218,133802500,13:38:05,11820,159,2129,18505150,0,0,0
nr2203,20220218,20220218,133803000,13:38:06,11820,159,2129,18505150,0,0,0
nr2203,20220218,20220218,133803500,13:38:06,11820,159,2129,18505150,0,0,0
nr2203,20220218,20220218,133804000,13:38:06,11820,159,2129,18505150,0,0,0
nr2203,20220218,20220218,133806500,13:38:09,11820,159,2129,18505150,0,0,0
nr2203,20220218,20220218,133808500,13:38:09,11820,159,2129,18505150,0,0,0
nr2203,20220218,20220218,133812000,13:38:14,11820,159,2129,18505150,0,0,0
nr2203,20220218,20220218,133837500,13:38:43,11820,159,2129,18505150,0,0,0
nr2203,20220218,20220218,133901500,13:39:01,11820,159,2129,18505150,0,0,0
nr2203,20220218,20220218,133902000,13:39:02,11820,159,2129,18505150,0,0,0
nr2203,20220218,20220218,133903500,13:39:03,11820,159,2129,18505150,0,0,0
nr2203,20220218,20220218,133909000,13:39:09,11820,159,2129,18505150,0,0,0
nr2203,20220218,20220218,133910500,13:39:10,11820,159,2129,18505150,0,0,0
nr2203,20220218,20220218,133912000,13:39:12,11820,159,2129,18505150,0,0,0
nr2203,20220218,20220218,133914500,13:39:16,11820,159,2129,18505150,0,0,0
nr2203,20220218,20220218,133919000,13:39:19,11820,159,2129,18505150,0,0,0
nr2203,20220218,20220218,133924500,13:39:24,11820,159,2129,18505150,0,0,0
nr2203,20220218,20220218,133925000,13:39:25,11820,159,2129,18505150,0,0,0
nr2203,20220218,20220218,133931000,13:39:31,11820,159,2129,18505150,0,0,0
nr2203,20220218,20220218,133932500,13:39:33,11820,159,2129,18505150,0,0,0
nr2203,20220218,20220218,133933500,13:39:33,11820,159,2129,18505150,0,0,0
nr2203,20220218,20220218,133935000,13:39:35,11820,159,2129,18505150,0,0,0
nr2203,20220218,20220218,133944500,13:39:45,11820,159,2129,18505150,0,0,0
nr2203,20220218,20220218,133945500,13:39:46,11820,159,2129,18505150,0,0,0
nr2203,20220218,20220218,133946000,13:39:47,11820,159,2129,18505150,0,0,0
nr2203,20220218,20220218,133948000,13:39:48,11820,159,2129,18505150,0,0,0
nr2203,20220218,20220218,133949000,13:39:49,11820,159,2129,18505150,0,0,0
nr2203,20220218,20220218,133956500,13:39:57,11820,159,2129,18505150,0,0,0
nr2203,20220218,20220218,133957000,13:39:57,11820,159,2129,18505150,0,0,0
nr2203,20220218,20220218,133957500,13:40:12,11820,159,2129,18505150,0,0,0
nr2203,20220218,20220218,133958000,13:40:13,11820,159,2129,18505150,0,0,0
nr2203,20220218,20220218,134000500,13:40:13,11820,159,2129,18505150,0,0,0
nr2203,20220218,20220218,134014500,13:40:15,11820,159,2129,18505150,0,0,0
nr2203,20220218,20220218,134015500,13:40:16,11820,159,2129,18505150,0,0,0
nr2203,20220218,20220218,134016000,13:40:16,11820,159,2129,18505150,0,0,0
nr2203,20220218,20220218,134016500,13:40:17,11820,159,2129,18505150,0,0,0
nr2203,20220218,20220218,134017000,13:40:17,11820,159,2129,18505150,0,0,0
nr2203,20220218,20220218,134017500,13:40:18,11820,159,2129,18505150,0,0,0
nr2203,20220218,20220218,134020500,13:40:21,11820,159,2129,18505150,0,0,0
nr2203,20220218,20220218,134022000,13:40:22,11820,159,2129,18505150,0,0,0
nr2203,20220218,20220218,134023000,13:40:23,11820,159,2129,18505150,0,0,0
nr2203,20220218,20220218,134033000,13:40:33,11820,159,2129,18505150,0,0,0
nr2203,20220218,20220218,134035000,13:40:35,11820,159,2129,18505150,0,0,0
nr2203,20220218,20220218,134035500,13:40:36,11820,159,2129,18505150,0,0,0
nr2203,20220218,20220218,134036000,13:40:36,11820,159,2129,18505150,0,0,0
nr2203,20220218,20220218,134037500,13:40:38,11820,159,2129,18505150,0,0,0
nr2203,20220218,20220218,134038000,13:40:38,11820,159,2129,18505150,0,0,0
nr2203,20220218,20220218,134038500,13:40:38,11820,159,2129,18505150,0,0,0
nr2203,20220218,20220218,134039000,13:40:39,11820,159,2129,18505150,0,0,0
nr2203,20220218,20220218,134042500,13:40:43,11820,159,2129,18505150,0,0,0
nr2203,20220218,20220218,134043000,13:40:43,11820,159,2129,18505150,0,0,0
nr2203,20220218,20220218,134044000,13:40:44,11820,159,2129,18505150,0,0,0
nr2203,20220218,20220218,134045000,13:40:45,11820,159,2129,18505150,0,0,0
nr2203,20220218,20220218,134046000,13:40:46,11820,159,2129,18505150,0,0,0
nr2203,20220218,20220218,134046500,13:40:46,11820,159,2129,18505150,0,0,0
nr2203,20220218,20220218,134047000,13:40:47,11820,159,2129,18505150,0,0,0
nr2203,20220218,20220218,134047500,13:40:47,11820,159,2129,18505150,0,0,0
nr2203,20220218,20220218,134056500,13:40:58,11820,159,2129,18505150,0,0,0
nr2203,20220218,20220218,134100000,13:41:00,11820,159,2129,18505150,0,0,0
nr2203,20220218,20220218,134100500,13:41:00,11820,159,2129,18505150,0,0,0
nr2203,20220218,20220218,134101500,13:41:01,11820,159,2129,18505150,0,0,0
nr2203,20220218,20220218,134102000,13:41:02,11820,159,2129,18505150,0,0,0
nr2203,20220218,20220218,134106500,13:41:07,11820,159,2129,18505150,0,0,0
nr2203,20220218,20220218,134107500,13:41:09,11820,159,2129,18505150,0,0,0
nr2203,20220218,20220218,134108000,13:41:09,11820,159,2129,18505150,0,0,0
nr2203,20220218,20220218,134109000,13:41:10,11820,159,2129,18505150,0,0,0
nr2203,20220218,20220218,134109500,13:41:10,11820,159,2129,18505150,0,0,0
nr2203,20220218,20220218,134110500,13:41:10,11820,159,2129,18505150,0,0,0
nr2203,20220218,20220218,134111000,13:41:11,11820,159,2129,18505150,0,0,0
nr2203,20220218,20220218,134111500,13:41:12,11820,159,2129,18505150,0,0,0
nr2203,20220218,20220218,134112000,13:41:12,11820,159,2129,18505150,0,0,0
nr2203,20220218,20220218,134112500,13:41:12,11820,159,2129,18505150,0,0,0
nr2203,20220218,20220218,134113000,13:41:13,11820,159,2129,18505150,0,0,0
nr2203,20220218,20220218,134113500,13:41:13,11820,159,2129,18505150,0,0,0
nr2203,20220218,20220218,134114000,13:41:14,11820,159,2129,18505150,0,0,0
nr2203,20220218,20220218,134114500,13:41:16,11820,159,2129,18505150,0,0,0
nr2203,20220218,20220218,134115500,13:41:16,11820,159,2129,18505150,0,0,0
nr2203,20220218,20220218,134116000,13:41:17,11820,159,2129,18505150,0,0,0
nr2203,20220218,20220218,134116500,13:41:17,11820,159,2129,18505150,0,0,0
nr2203,20220218,20220218,134117000,13:41:17,11820,159,2129,18505150,0,0,0
nr2203,20220218,20220218,134117500,13:41:18,11820,159,2129,18505150,0,0,0
nr2203,20220218,20220218,134118000,13:41:19,11820,159,2129,18505150,0,0,0
nr2203,20220218,20220218,134118500,13:41:19,11820,159,2129,18505150,0,0,0
nr2203,20220218,20220218,134119000,13:41:19,11820,159,2129,18505150,0,0,0
nr2203,20220218,20220218,134119500,13:41:19,11820,159,2129,18505150,0,0,0
nr2203,20220218,20220218,134120000,13:41:20,11820,159,2129,18505150,0,0,0
nr2203,20220218,20220218,134120500,13:41:23,11820,159,2129,18505150,0,0,0
nr2203,20220218,20220218,134121000,13:41:23,11820,159,2129,18505150,0,0,0
nr2203,20220218,20220218,134123000,13:41:24,11820,159,2129,18505150,0,0,0
nr2203,20220218,20220218,134123500,13:41:24,11820,159,2129,18505150,0,0,0
nr2203,20220218,20220218,134125500,13:41:27,11820,159,2129,18505150,0,0,0
nr2203,20220218,20220218,134126000,13:41:27,11820,159,2129,18505150,0,0,0
nr2203,20220218,20220218,134126500,13:41:27,11820,159,2129,18505150,0,0,0
nr2203,20220218,20220218,134127000,13:41:27,11820,159,2129,18505150,0,0,0
nr2203,20220218,20220218,134142000,13:41:42,11820,159,2129,18505150,0,0,0
nr2203,20220218,20220218,134142500,13:41:42,11820,159,2129,18505150,0,0,0
nr2203,20220218,20220218,134210000,13:42:12,11820,159,2129,18505150,0,0,0
nr2203,20220218,20220218,134210500,13:42:12,11820,159,2129,18505150,0,0,0
nr2203,20220218,20220218,134211000,13:42:12,11820,159,2129,18505150,0,0,0
nr2203,20220218,20220218,134211500,13:42:12,11820,159,2129,18505150,0,0,0
nr2203,20220218,20220218,134212000,13:42:13,11820,159,2129,18505150,0,0,0
nr2203,20220218,20220218,134212500,13:42:13,11820,159,2129,18505150,0,0,0
nr2203,20220218,20220218,134213000,13:42:13,11820,159,2129,18505150,0,0,0
nr2203,20220218,20220218,134213500,13:42:14,11820,159,2129,18505150,0,0,0
nr2203,20220218,20220218,134214000,13:42:14,11820,159,2129,18505150,0,0,0
nr2203,20220218,20220218,134214500,13:42:15,11820,159,2129,18505150,0,0,0
nr2203,20220218,20220218,134215000,13:42:15,11820,159,2129,18505150,0,0,0
nr2203,20220218,20220218,134215500,13:42:16,11820,159,2129,18505150,0,0,0
nr2203,20220218,20220218,134216000,13:42:16,11820,159,2129,18505150,0,0,0
nr2203,20220218,20220218,134216500,13:42:17,11820,159,2129,18505150,0,0,0
nr2203,20220218,20220218,134217000,13:42:18,11820,159,2129,18505150,0,0,0
nr2203,20220218,20220218,134217500,13:42:19,11820,159,2129,18505150,0,0,0
nr2203,20220218,20220218,134218000,13:42:20,11820,159,2129,18505150,0,0,0
nr2203,20220218,20220218,134218500,13:42:20,11820,159,2129,18505150,0,0,0
nr2203,20220218,20220218,134219500,13:42:20,11820,159,2129,18505150,0,0,0
nr2203,20220218,20220218,134220000,13:42:21,11820,159,2129,18505150,0,0,0
nr2203,20220218,20220218,134220500,13:42:21,11820,159,2129,18505150,0,0,0
nr2203,20220218,20220218,134221000,13:42:21,11820,159,2129,18505150,0,0,0
nr2203,20220218,20220218,134221500,13:42:21,11820,159,2129,18505150,0,0,0
nr2203,20220218,20220218,134222000,13:42:22,11820,159,2129,18505150,0,0,0
nr2203,20220218,20220218,134222500,13:42:22,11820,159,2129,18505150,0,0,0
nr2203,20220218,20220218,134223000,13:42:23,11820,159,2129,18505150,0,0,0
nr2203,20220218,20220218,134223500,13:42:24,11820,159,2129,18505150,0,0,0
nr2203,20220218,20220218,134224000,13:42:24,11820,159,2129,18505150,0,0,0
nr2203,20220218,20220218,134224500,13:42:25,11820,159,2129,18505150,0,0,0
nr2203,20220218,20220218,134225000,13:42:25,11820,159,2129,18505150,0,0,0
nr2203,20220218,20220218,134225500,13:42:25,11820,159,2129,18505150,0,0,0
nr2203,20220218,20220218,134226000,13:42:27,11820,159,2129,18505150,0,0,0
nr2203,20220218,20220218,134226500,13:42:27,11820,159,2129,18505150,0,0,0
nr2203,20220218,20220218,134227000,13:42:28,11820,159,2129,18505150,0,0,0
nr2203,20220218,20220218,134227500,13:42:28,11820,159,2129,18505150,0,0,0
nr2203,20220218,20220218,134228000,13:42:29,11820,159,2129,18505150,0,0,0
nr2203,20220218,20220218,134228500,13:42:29,11820,159,2129,18505150,0,0,0
nr2203,20220218,20220218,134229000,13:42:29,11820,159,2129,18505150,0,0,0
nr2203,20220218,20220218,134235000,13:42:35,11820,159,2129,18505150,0,0,0
nr2203,20220218,20220218,134239500,13:42:39,11820,159,2129,18505150,0,0,0
nr2203,20220218,20220218,134244000,13:42:44,11820,159,2129,18505150,0,0,0
nr2203,20220218,20220218,134246500,13:42:46,11820,159,2129,18505150,0,0,0
nr2203,20220218,20220218,134249000,13:42:49,11820,159,2129,18505150,0,0,0
nr2203,20220218,20220218,134255000,13:42:55,11820,159,2129,18505150,0,0,0
nr2203,20220218,20220218,134255500,13:42:55,11820,159,2129,18505150,0,0,0
nr2203,20220218,20220218,134256000,13:42:56,11820,159,2129,18505150,0,0,0
nr2203,20220218,20220218,134256500,13:42:57,11820,159,2129,18505150,0,0,0
nr2203,20220218,20220218,134257000,13:42:59,11820,159,2129,18505150,0,0,0
nr2203,20220218,20220218,134257500,13:42:59,11820,159,2129,18505150,0,0,0
nr2203,20220218,20220218,134259000,13:42:59,11820,159,2129,18505150,0,0,0
nr2203,20220218,20220218,134300000,13:43:01,11820,159,2129,18505150,0,0,0
nr2203,20220218,20220218,134300500,13:43:02,11820,159,2129,18505150,0,0,0
nr2203,20220218,20220218,134301000,13:43:02,11820,159,2129,18505150,0,0,0
nr2203,20220218,20220218,134301500,13:43:02,11820,159,2129,18505150,0,0,0
nr2203,20220218,20220218,134302000,13:43:02,11820,159,2129,18505150,0,0,0
nr2203,20220218,20220218,134302500,13:43:02,11820,159,2129,18505150,0,0,0
nr2203,20220218,20220218,134303000,13:43:05,11820,159,2129,18505150,0,0,0
nr2203,20220218,20220218,134303500,13:43:11,11820,159,2129,18505150,0,0,0
nr2203,20220218,20220218,134304000,13:43:11,11820,159,2129,18505150,0,0,0
nr2203,20220218,20220218,134305000,13:43:11,11820,159,2129,18505150,0,0,0
nr2203,20220218,20220218,134310500,13:43:12,11820,159,2129,18505150,0,0,0
nr2203,20220218,20220218,134312500,13:43:14,11820,159,2129,18505150,0,0,0
nr2203,20220218,20220218,134314000,13:43:14,11820,159,2129,18505150,0,0,0
nr2203,20220218,20220218,134314500,13:43:15,11820,159,2129,18505150,0,0,0
nr2203,20220218,20220218,134315000,13:43:15,11820,159,2129,18505150,0,0,0
nr2203,20220218,20220218,134315500,13:43:15,11820,159,2129,18505150,0,0,0
nr2203,20220218,20220218,134316000,13:43:16,11820,159,2129,18505150,0,0,0
nr2203,20220218,20220218,134316500,13:43:17,11820,159,2129,18505150,0,0,0
nr2203,20220218,20220218,134317000,13:43:17,11820,159,2129,18505150,0,0,0
nr2203,20220218,20220218,134317500,13:43:17,11820,159,2129,18505150,0,0,0
nr2203,20220218,20220218,134318000,13:43:18,11820,159,2129,18505150,0,0,0
nr2203,20220218,20220218,134318500,13:43:18,11820,159,2129,18505150,0,0,0
nr2203,20220218,20220218,134319000,13:43:19,11820,159,2129,18505150,0,0,0
nr2203,20220218,20220218,134319500,13:43:20,11820,159,2129,18505150,0,0,0
nr2203,20220218,20220218,134320000,13:43:20,11820,159,2129,18505150,0,0,0
nr2203,20220218,20220218,134320500,13:43:21,11820,159,2129,18505150,0,0,0
nr2203,20220218,20220218,134321000,13:43:21,11820,159,2129,18505150,0,0,0
nr2203,20220218,20220218,134321500,13:43:21,11820,159,2129,18505150,0,0,0
nr2203,20220218,20220218,134322000,13:43:22,11820,159,2129,18505150,0,0,0
nr2203,20220218,20220218,134322500,13:43:23,11820,159,2129,18505150,0,0,0
nr2203,20220218,20220218,134323000,13:43:23,11820,159,2129,18505150,0,0,0
nr2203,20220218,20220218,134323500,13:43:24,11820,159,2129,18505150,0,0,0
nr2203,20220218,20220218,134324000,13:43:24,11820,159,2129,18505150,0,0,0
nr2203,20220218,20220218,134324500,13:43:24,11820,159,2129,18505150,0,0,0
nr2203,20220218,20220218,134325000,13:43:25,11820,159,2129,18505150,0,0,0
nr2203,20220218,20220218,134325500,13:43:25,11820,159,2129,18505150,0,0,0
nr2203,20220218,20220218,134326000,13:43:26,11820,159,2129,18505150,0,0,0
nr2203,20220218,20220218,134326500,13:43:26,11820,159,2129,18505150,0,0,0
nr2203,20220218,20220218,134327000,13:43:27,11850,160,2128,18623650,1,-1,118500
nr2203,20220218,20220218,134327500,13:43:27,11850,160,2128,18623650,0,0,0
nr2203,20220218,20220218,134328000,13:43:29,11850,160,2128,18623650,0,0,0
nr2203,20220218,20220218,134328500,13:43:29,11850,160,2128,18623650,0,0,0
nr2203,20220218,20220218,134329000,13:43:29,11850,160,2128,18623650,0,0,0
nr2203,20220218,20220218,134329500,13:43:29,11850,160,2128,18623650,0,0,0
nr2203,20220218,20220218,134330000,13:43:30,11850,160,2128,18623650,0,0,0
nr2203,20220218,20220218,134330500,13:43:30,11850,160,2128,18623650,0,0,0
nr2203,20220218,20220218,134331000,13:43:31,11850,160,2128,18623650,0,0,0
nr2203,20220218,20220218,134331500,13:43:31,11850,160,2128,18623650,0,0,0
nr2203,20220218,20220218,134332000,13:43:32,11850,160,2128,18623650,0,0,0
nr2203,20220218,20220218,134332500,13:43:32,11850,160,2128,18623650,0,0,0
nr2203,20220218,20220218,134333000,13:43:33,11850,160,2128,18623650,0,0,0
nr2203,20220218,20220218,134333500,13:43:34,11850,160,2128,18623650,0,0,0
nr2203,20220218,20220218,134334000,13:43:34,11850,160,2128,18623650,0,0,0
nr2203,20220218,20220218,134334500,13:43:34,11850,160,2128,18623650,0,0,0
nr2203,20220218,20220218,134335000,13:43:35,11850,160,2128,18623650,0,0,0
nr2203,20220218,20220218,134335500,13:43:35,11850,160,2128,18623650,0,0,0
nr2203,20220218,20220218,134336000,13:43:36,11850,160,2128,18623650,0,0,0
nr2203,20220218,20220218,134336500,13:43:37,11850,160,2128,18623650,0,0,0
nr2203,20220218,20220218,134337000,13:43:37,11850,160,2128,18623650,0,0,0
nr2203,20220218,20220218,134337500,13:43:37,11850,160,2128,18623650,0,0,0
nr2203,20220218,20220218,134338000,13:43:38,11850,160,2128,18623650,0,0,0
nr2203,20220218,20220218,134338500,13:43:38,11850,160,2128,18623650,0,0,0
nr2203,20220218,20220218,134339000,13:43:39,11850,160,2128,18623650,0,0,0
nr2203,20220218,20220218,134339500,13:43:55,11850,160,2128,18623650,0,0,0
nr2203,20220218,20220218,134340000,13:43:57,11850,160,2128,18623650,0,0,0
nr2203,20220218,20220218,134354500,13:44:04,11850,160,2128,18623650,0,0,0
nr2203,20220218,20220218,134355000,13:44:04,11850,160,2128,18623650,0,0,0
nr2203,20220218,20220218,134357000,13:44:04,11850,160,2128,18623650,0,0,0
nr2203,20220218,20220218,134403500,13:44:04,11850,160,2128,18623650,0,0,0
nr2203,20220218,20220218,134404000,13:44:04,11850,160,2128,18623650,0,0,0
nr2203,20220218,20220218,134404500,13:44:05,11850,160,2128,18623650,0,0,0
nr2203,20220218,20220218,134405000,13:44:05,11850,160,2128,18623650,0,0,0
nr2203,20220218,20220218,134405500,13:44:06,11850,160,2128,18623650,0,0,0
nr2203,20220218,20220218,134406000,13:44:06,11850,160,2128,18623650,0,0,0
nr2203,20220218,20220218,134406500,13:44:06,11850,160,2128,18623650,0,0,0
nr2203,20220218,20220218,134407000,13:44:07,11850,160,2128,18623650,0,0,0
nr2203,20220218,20220218,134407500,13:44:08,11850,160,2128,18623650,0,0,0
nr2203,20220218,20220218,134408000,13:44:08,11850,160,2128,18623650,0,0,0
nr2203,20220218,20220218,134408500,13:44:09,11850,160,2128,18623650,0,0,0
nr2203,20220218,20220218,134409000,13:44:09,11850,160,2128,18623650,0,0,0
nr2203,20220218,20220218,134409500,13:44:17,11850,160,2128,18623650,0,0,0
nr2203,20220218,20220218,134410000,13:44:17,11850,160,2128,18623650,0,0,0
nr2203,20220218,20220218,134410500,13:44:17,11850,160,2128,18623650,0,0,0
nr2203,20220218,20220218,134411000,13:44:17,11850,160,2128,18623650,0,0,0
nr2203,20220218,20220218,134417000,13:44:18,11850,160,2128,18623650,0,0,0
nr2203,20220218,20220218,134417500,13:44:18,11850,160,2128,18623650,0,0,0
nr2203,20220218,20220218,134418000,13:44:18,11850,160,2128,18623650,0,0,0
nr2203,20220218,20220218,134418500,13:44:19,11850,160,2128,18623650,0,0,0
nr2203,20220218,20220218,134419000,13:44:19,11850,160,2128,18623650,0,0,0
nr2203,20220218,20220218,134419500,13:44:23,11850,160,2128,18623650,0,0,0
nr2203,20220218,20220218,134420000,13:44:23,11850,160,2128,18623650,0,0,0
nr2203,20220218,20220218,134420500,13:44:23,11850,160,2128,18623650,0,0,0
nr2203,20220218,20220218,134421000,13:44:23,11850,160,2128,18623650,0,0,0
nr2203,20220218,20220218,134423000,13:44:23,11850,160,2128,18623650,0,0,0
nr2203,20220218,20220218,134423500,13:44:24,11850,160,2128,18623650,0,0,0
nr2203,20220218,20220218,134424000,13:44:24,11850,160,2128,18623650,0,0,0
nr2203,20220218,20220218,134424500,13:44:24,11850,160,2128,18623650,0,0,0
nr2203,20220218,20220218,134425000,13:44:25,11850,160,2128,18623650,0,0,0
nr2203,20220218,20220218,134425500,13:44:25,11850,160,2128,18623650,0,0,0
nr2203,20220218,20220218,134426000,13:44:26,11850,160,2128,18623650,0,0,0
nr2203,20220218,20220218,134426500,13:44:26,11850,160,2128,18623650,0,0,0
nr2203,20220218,20220218,134427000,13:44:27,11850,160,2128,18623650,0,0,0
nr2203,20220218,20220218,134427500,13:44:27,11850,160,2128,18623650,0,0,0
nr2203,20220218,20220218,134428000,13:44:29,11850,160,2128,18623650,0,0,0
nr2203,20220218,20220218,134428500,13:44:29,11850,160,2128,18623650,0,0,0
nr2203,20220218,20220218,134429000,13:44:29,11850,160,2128,18623650,0,0,0
nr2203,20220218,20220218,134429500,13:44:31,11850,160,2128,18623650,0,0,0
nr2203,20220218,20220218,134430000,13:44:37,11850,160,2128,18623650,0,0,0
nr2203,20220218,20220218,134430500,13:44:37,11850,160,2128,18623650,0,0,0
nr2203,20220218,20220218,134431000,13:44:37,11850,160,2128,18623650,0,0,0
nr2203,20220218,20220218,134437500,13:44:37,11850,160,2128,18623650,0,0,0
nr2203,20220218,20220218,134438000,13:44:38,11850,160,2128,18623650,0,0,0
nr2203,20220218,20220218,134438500,13:44:38,11850,160,2128,18623650,0,0,0
nr2203,20220218,20220218,134439000,13:44:39,11850,160,2128,18623650,0,0,0
nr2203,20220218,20220218,134439500,13:44:39,11850,160,2128,18623650,0,0,0
nr2203,20220218,20220218,134440000,13:44:40,11850,160,2128,18623650,0,0,0
nr2203,20220218,20220218,134440500,13:44:40,11850,160,2128,18623650,0,0,0
nr2203,20220218,20220218,134441000,13:44:41,11850,160,2128,18623650,0,0,0
nr2203,20220218,20220218,134441500,13:44:41,11850,160,2128,18623650,0,0,0
nr2203,20220218,20220218,134442000,13:44:42,11850,161,2127,18742150,1,-1,118500
nr2203,20220218,20220218,134442500,13:44:42,11850,161,2127,18742150,0,0,0
nr2203,20220218,20220218,134443000,13:44:43,11850,161,2127,18742150,0,0,0
nr2203,20220218,20220218,134443500,13:44:44,11850,161,2127,18742150,0,0,0
nr2203,20220218,20220218,134444000,13:44:44,11850,161,2127,18742150,0,0,0
nr2203,20220218,20220218,134445000,13:44:45,11850,161,2127,18742150,0,0,0
nr2203,20220218,20220218,134445500,13:44:45,11850,161,2127,18742150,0,0,0
nr2203,20220218,20220218,134446000,13:44:46,11850,161,2127,18742150,0,0,0
nr2203,20220218,20220218,134446500,13:44:46,11850,161,2127,18742150,0,0,0
nr2203,20220218,20220218,134447000,13:44:47,11850,161,2127,18742150,0,0,0
nr2203,20220218,20220218,134447500,13:44:47,11850,161,2127,18742150,0,0,0
nr2203,20220218,20220218,134448000,13:44:48,11850,161,2127,18742150,0,0,0
nr2203,20220218,20220218,134448500,13:44:48,11850,161,2127,18742150,0,0,0
nr2203,20220218,20220218,134449000,13:44:49,11850,161,2127,18742150,0,0,0
nr2203,20220218,20220218,134449500,13:44:50,11850,161,2127,18742150,0,0,0
nr2203,20220218,20220218,134450000,13:44:50,11850,161,2127,18742150,0,0,0
nr2203,20220218,20220218,134450500,13:44:50,11850,161,2127,18742150,0,0,0
nr2203,20220218,20220218,134451000,13:44:51,11850,161,2127,18742150,0,0,0
nr2203,20220218,20220218,134451500,13:44:51,11850,161,2127,18742150,0,0,0
nr2203,20220218,20220218,134452000,13:44:53,11850,161,2127,18742150,0,0,0
nr2203,20220218,20220218,134452500,13:44:53,11850,161,2127,18742150,0,0,0
nr2203,20220218,20220218,134453000,13:44:53,11850,161,2127,18742150,0,0,0
nr2203,20220218,20220218,134453500,13:44:54,11850,161,2127,18742150,0,0,0
nr2203,20220218,20220218,134454000,13:44:54,11850,161,2127,18742150,0,0,0
nr2203,20220218,20220218,134454500,13:44:55,11850,161,2127,18742150,0,0,0
nr2203,20220218,20220218,134455000,13:44:55,11850,161,2127,18742150,0,0,0
nr2203,20220218,20220218,134455500,13:44:55,11850,161,2127,18742150,0,0,0
nr2203,20220218,20220218,134456000,13:44:56,11850,161,2127,18742150,0,0,0
nr2203,20220218,20220218,134456500,13:44:56,11850,161,2127,18742150,0,0,0
nr2203,20220218,20220218,134457000,13:44:57,11850,161,2127,18742150,0,0,0
nr2203,20220218,20220218,134457500,13:44:57,11850,161,2127,18742150,0,0,0
nr2203,20220218,20220218,134458000,13:44:58,11850,161,2127,18742150,0,0,0
nr2203,20220218,20220218,134458500,13:44:59,11850,161,2127,18742150,0,0,0
nr2203,20220218,20220218,134459000,13:44:59,11850,161,2127,18742150,0,0,0
nr2203,20220218,20220218,134459500,13:44:59,11850,161,2127,18742150,0,0,0
nr2203,20220218,20220218,134500000,13:45:00,11850,161,2127,18742150,0,0,0
nr2203,20220218,20220218,134500500,13:45:01,11850,161,2127,18742150,0,0,0
nr2203,20220218,20220218,134501000,13:45:01,11850,161,2127,18742150,0,0,0
nr2203,20220218,20220218,134501500,13:45:01,11850,161,2127,18742150,0,0,0
nr2203,20220218,20220218,134502000,13:45:02,11850,161,2127,18742150,0,0,0
nr2203,20220218,20220218,134502500,13:45:02,11850,161,2127,18742150,0,0,0
nr2203,20220218,20220218,134503000,13:45:03,11850,161,2127,18742150,0,0,0
nr2203,20220218,20220218,134503500,13:45:04,11850,161,2127,18742150,0,0,0
nr2203,20220218,20220218,134504000,13:45:08,11850,161,2127,18742150,0,0,0
nr2203,20220218,20220218,134504500,13:45:08,11850,161,2127,18742150,0,0,0
nr2203,20220218,20220218,134508000,13:45:09,11850,161,2127,18742150,0,0,0
nr2203,20220218,20220218,134508500,13:45:09,11850,161,2127,18742150,0,0,0
nr2203,20220218,20220218,134509000,13:45:10,11850,161,2127,18742150,0,0,0
nr2203,20220218,20220218,134509500,13:45:10,11850,161,2127,18742150,0,0,0
nr2203,20220218,20220218,134510500,13:45:10,11850,161,2127,18742150,0,0,0
nr2203,20220218,20220218,134511000,13:45:11,11850,161,2127,18742150,0,0,0
nr2203,20220218,20220218,134511500,13:45:11,11850,161,2127,18742150,0,0,0
nr2203,20220218,20220218,134512000,13:45:12,11850,161,2127,18742150,0,0,0
nr2203,20220218,20220218,134512500,13:45:13,11850,161,2127,18742150,0,0,0
nr2203,20220218,20220218,134513000,13:45:13,11850,161,2127,18742150,0,0,0
nr2203,20220218,20220218,134513500,13:45:14,11850,161,2127,18742150,0,0,0
nr2203,20220218,20220218,134514000,13:45:15,11850,161,2127,18742150,0,0,0
nr2203,20220218,20220218,134514500,13:45:16,11850,161,2127,18742150,0,0,0
nr2203,20220218,20220218,134515000,13:45:16,11850,161,2127,18742150,0,0,0
nr2203,20220218,20220218,134515500,13:45:17,11850,161,2127,18742150,0,0,0
nr2203,20220218,20220218,134516000,13:45:17,11850,161,2127,18742150,0,0,0
