nr2206,20220218,20220218,112003000,11:20:08,11950,4789,14930,567698300,4789,-157,567698300
nr2206,20220218,20220218,112004500,11:20:09,11950,4789,14930,567698300,0,0,0
nr2206,20220218,20220218,112005000,11:20:10,11950,4789,14930,567698300,0,0,0
nr2206,20220218,20220218,112007500,11:20:10,11950,4789,14930,567698300,0,0,0
nr2206,20220218,20220218,112008000,11:20:10,11950,4789,14930,567698300,0,0,0
nr2206,20220218,20220218,112008500,11:20:10,11950,4789,14930,567698300,0,0,0
nr2206,20220218,20220218,112009000,11:20:10,11950,4789,14930,567698300,0,0,0
nr2206,20220218,20220218,112010000,11:20:10,11950,4789,14930,567698300,0,0,0
nr2206,20220218,20220218,112010500,11:20:10,11950,4789,14930,567698300,0,0,0
nr2206,20220218,20220218,112011000,11:20:11,11950,4789,14930,567698300,0,0,0
nr2206,20220218,20220218,112011500,11:20:12,11950,4789,14930,567698300,0,0,0
nr2206,20220218,20220218,112012000,11:20:12,11950,4789,14930,567698300,0,0,0
nr2206,20220218,20220218,112012500,11:20:12,11950,4789,14930,567698300,0,0,0
nr2206,20220218,20220218,112015500,11:20:16,11950,4789,14930,567698300,0,0,0
nr2206,20220218,20220218,112018500,11:20:18,11950,4789,14930,567698300,0,0,0
nr2206,20220218,20220218,112022000,11:20:22,11950,4789,14930,567698300,0,0,0
nr2206,20220218,20220218,112026000,11:20:26,11950,4789,14930,567698300,0,0,0
nr2206,20220218,20220218,112026500,11:20:26,11950,4789,14930,567698300,0,0,0
nr2206,20220218,20220218,112027000,11:20:27,11950,4789,14930,567698300,0,0,0
nr2206,20220218,20220218,112027500,11:20:28,11950,4789,14930,567698300,0,0,0
nr2206,20220218,20220218,112028000,11:20:28,11950,4789,14930,567698300,0,0,0
nr2206,20220218,20220218,112028500,11:20:28,11950,4789,14930,567698300,0,0,0
nr2206,20220218,20220218,112029000,11:20:29,11950,4789,14930,567698300,0,0,0
nr2206,20220218,20220218,112029500,11:20:31,11950,4789,14930,567698300,0,0,0
nr2206,20220218,20220218,112030000,11:20:31,11950,4789,14930,567698300,0,0,0
nr2206,20220218,20220218,112030500,11:20:31,11950,4789,14930,567698300,0,0,0
nr2206,20220218,20220218,112031000,11:20:32,11950,4789,14930,567698300,0,0,0
nr2206,20220218,20220218,112031500,11:20:32,11950,4789,14930,567698300,0,0,0
nr2206,20220218,20220218,112032000,11:20:32,11950,4789,14930,567698300,0,0,0
nr2206,20220218,20220218,112034500,11:20:34,11950,4789,14930,567698300,0,0,0
nr2206,20220218,20220218,112037000,11:20:37,11945,4796,14930,568534450,7,0,836150
nr2206,20220218,20220218,112037500,11:20:38,11945,4797,14930,568653900,1,0,119450
nr2206,20220218,20220218,112038000,11:20:38,11945,4797,14930,568653900,0,0,0
nr2206,20220218,20220218,112038500,11:20:38,11945,4810,14938,570206750,13,8,1552850
nr2206,20220218,20220218,112039000,11:20:39,11945,4812,14937,570445650,2,-1,238900
nr2206,20220218,20220218,112039500,11:20:40,11945,4812,14937,570445650,0,0,0
nr2206,20220218,20220218,112040000,11:20:40,11945,4812,14937,570445650,0,0,0
nr2206,20220218,20220218,112040500,11:20:41,11945,4812,14937,570445650,0,0,0
nr2206,20220218,20220218,112041000,11:20:41,11945,4812,14937,570445650,0,0,0
nr2206,20220218,20220218,112041500,11:20:41,11945,4812,14937,570445650,0,0,0
nr2206,20220218,20220218,112042000,11:20:42,11945,4812,14937,570445650,0,0,0
nr2206,20220218,20220218,112043500,11:20:44,11945,4812,14937,570445650,0,0,0
nr2206,20220218,20220218,112044000,11:20:44,11945,4812,14937,570445650,0,0,0
nr2206,20220218,20220218,112044500,11:20:45,11945,4812,14937,570445650,0,0,0
nr2206,20220218,20220218,112045000,11:20:45,11940,4820,14933,571400850,8,-4,955200
nr2206,20220218,20220218,112045500,11:20:46,11940,4827,14931,572236650,7,-2,835800
nr2206,20220218,20220218,112046000,11:20:46,11940,4828,14930,572356050,1,-1,119400
nr2206,20220218,20220218,112046500,11:20:46,11940,4828,14930,572356050,0,0,0
nr2206,20220218,20220218,112047000,11:20:48,11940,4828,14930,572356050,0,0,0
nr2206,20220218,20220218,112047500,11:20:48,11940,4828,14930,572356050,0,0,0
nr2206,20220218,20220218,112048000,11:20:48,11940,4828,14930,572356050,0,0,0
nr2206,20220218,20220218,112048500,11:20:50,11940,4828,14930,572356050,0,0,0
nr2206,20220218,20220218,112049000,11:20:50,11935,4833,14926,572952800,5,-4,596750
nr2206,20220218,20220218,112049500,11:20:50,11935,4837,14923,573430200,4,-3,477400
nr2206,20220218,20220218,112050500,11:20:51,11935,4837,14923,573430200,0,0,0
nr2206,20220218,20220218,112051000,11:20:51,11935,4837,14923,573430200,0,0,0
nr2206,20220218,20220218,112051500,11:20:51,11935,4837,14923,573430200,0,0,0
nr2206,20220218,20220218,112052000,11:20:53,11935,4837,14923,573430200,0,0,0
nr2206,20220218,20220218,112052500,11:20:53,11935,4840,14922,573788250,3,-1,358050
nr2206,20220218,20220218,112053000,11:20:53,11935,4840,14922,573788250,0,0,0
nr2206,20220218,20220218,112053500,11:20:53,11935,4840,14922,573788250,0,0,0
nr2206,20220218,20220218,112054000,11:20:54,11935,4840,14922,573788250,0,0,0
nr2206,20220218,20220218,112054500,11:20:55,11935,4840,14922,573788250,0,0,0
nr2206,20220218,20220218,112055000,11:20:55,11935,4840,14922,573788250,0,0,0
nr2206,20220218,20220218,112055500,11:20:56,11935,4840,14922,573788250,0,0,0
nr2206,20220218,20220218,112056500,11:20:56,11935,4842,14920,574026950,2,-2,238700
nr2206,20220218,20220218,112057000,11:20:58,11935,4842,14920,574026950,0,0,0
nr2206,20220218,20220218,112057500,11:20:58,11935,4842,14920,574026950,0,0,0
nr2206,20220218,20220218,112058000,11:20:59,11940,4853,14926,575340350,11,6,1313400
nr2206,20220218,20220218,112058500,11:20:59,11940,4853,14926,575340350,0,0,0
nr2206,20220218,20220218,112059000,11:21:00,11940,4853,14926,575340350,0,0,0
nr2206,20220218,20220218,112059500,11:21:00,11940,4853,14926,575340350,0,0,0
nr2206,20220218,20220218,112100000,11:21:00,11940,4853,14926,575340350,0,0,0
nr2206,20220218,20220218,112100500,11:21:01,11940,4853,14926,575340350,0,0,0
nr2206,20220218,20220218,112101000,11:21:01,11940,4853,14926,575340350,0,0,0
nr2206,20220218,20220218,112101500,11:21:02,11945,4864,14921,576654300,11,-5,1313950
nr2206,20220218,20220218,112102000,11:21:02,11945,4868,14918,577132100,4,-3,477800
nr2206,20220218,20220218,112102500,11:21:03,11945,4868,14918,577132100,0,0,0
nr2206,20220218,20220218,112103000,11:21:03,11945,4868,14918,577132100,0,0,0
nr2206,20220218,20220218,112103500,11:21:04,11945,4868,14918,577132100,0,0,0
nr2206,20220218,20220218,112104000,11:21:04,11945,4868,14918,577132100,0,0,0
nr2206,20220218,20220218,112104500,11:21:05,11945,4868,14918,577132100,0,0,0
nr2206,20220218,20220218,112105000,11:21:06,11945,4869,14917,577251550,1,-1,119450
nr2206,20220218,20220218,112105500,11:21:07,11945,4872,14916,577609900,3,-1,358350
nr2206,20220218,20220218,112106000,11:21:07,11945,4872,14916,577609900,0,0,0
nr2206,20220218,20220218,112106500,11:21:09,11945,4872,14916,577609900,0,0,0
nr2206,20220218,20220218,112107000,11:21:10,11945,4872,14916,577609900,0,0,0
nr2206,20220218,20220218,112107500,11:21:10,11945,4872,14916,577609900,0,0,0
nr2206,20220218,20220218,112108000,11:21:10,11945,4872,14916,577609900,0,0,0
nr2206,20220218,20220218,112108500,11:21:10,11945,4872,14916,577609900,0,0,0
nr2206,20220218,20220218,112110000,11:21:10,11945,4872,14916,577609900,0,0,0
nr2206,20220218,20220218,112112500,11:21:13,11945,4872,14916,577609900,0,0,0
nr2206,20220218,20220218,112113000,11:21:13,11945,4872,14916,577609900,0,0,0
nr2206,20220218,20220218,112113500,11:21:13,11945,4872,14916,577609900,0,0,0
nr2206,20220218,20220218,112114500,11:21:15,11945,4872,14916,577609900,0,0,0
nr2206,20220218,20220218,112115000,11:21:15,11945,4872,14916,577609900,0,0,0
nr2206,20220218,20220218,112115500,11:21:15,11945,4872,14916,577609900,0,0,0
nr2206,20220218,20220218,112116000,11:21:16,11945,4872,14916,577609900,0,0,0
nr2206,20220218,20220218,112116500,11:21:17,11945,4872,14916,577609900,0,0,0
nr2206,20220218,20220218,112117000,11:21:17,11945,4872,14916,577609900,0,0,0
nr2206,20220218,20220218,112117500,11:21:18,11945,4872,14916,577609900,0,0,0
nr2206,20220218,20220218,112118000,11:21:18,11945,4872,14916,577609900,0,0,0
nr2206,20220218,20220218,112118500,11:21:18,11945,4872,14916,577609900,0,0,0
nr2206,20220218,20220218,112119000,11:21:19,11945,4872,14916,577609900,0,0,0
nr2206,20220218,20220218,112119500,11:21:20,11945,4872,14916,577609900,0,0,0
nr2206,20220218,20220218,112120000,11:21:21,11945,4872,14916,577609900,0,0,0
nr2206,20220218,20220218,112120500,11:21:22,11945,4872,14916,577609900,0,0,0
nr2206,20220218,20220218,112121000,11:21:22,11945,4872,14916,577609900,0,0,0
nr2206,20220218,20220218,112121500,11:21:22,11945,4872,14916,577609900,0,0,0
nr2206,20220218,20220218,112122000,11:21:22,11945,4872,14916,577609900,0,0,0
nr2206,20220218,20220218,112122500,11:21:22,11945,4872,14916,577609900,0,0,0
nr2206,20220218,20220218,112123500,11:21:24,11955,4889,14917,579642000,17,1,2032100
nr2206,20220218,20220218,112124000,11:21:24,11970,4918,14909,583111050,29,-8,3469050
nr2206,20220218,20220218,112124500,11:21:25,11965,4935,14917,585144400,17,8,2033350
nr2206,20220218,20220218,112125000,11:21:33,11955,4944,14916,586220550,9,-1,1076150
nr2206,20220218,20220218,112125500,11:23:32,11955,4944,14916,586220550,0,0,0
nr2206,20220218,20220218,112126000,11:23:33,11955,4947,14917,586579200,3,1,358650
nr2206,20220218,20220218,112126500,11:23:33,11955,4948,14918,586698750,1,1,119550
nr2206,20220218,20220218,112332500,11:23:33,11955,4948,14918,586698750,0,0,0
nr2206,20220218,20220218,112336000,11:23:37,11955,4948,14918,586698750,0,0,0
nr2206,20220218,20220218,112336500,11:23:38,11955,4948,14918,586698750,0,0,0
nr2206,20220218,20220218,112337000,11:23:38,11955,4948,14918,586698750,0,0,0
nr2206,20220218,20220218,112337500,11:23:38,11955,4948,14918,586698750,0,0,0
nr2206,20220218,20220218,112338000,11:23:38,11955,4948,14918,586698750,0,0,0
nr2206,20220218,20220218,112338500,11:23:38,12000,5329,14916,632335550,381,-2,45636800
nr2206,20220218,20220218,112339000,11:23:39,12000,5329,14916,632335550,0,0,0
nr2206,20220218,20220218,112339500,11:23:39,12000,5329,14916,632335550,0,0,0
nr2206,20220218,20220218,112340000,11:23:40,12000,5329,14916,632335550,0,0,0
nr2206,20220218,20220218,112340500,11:23:40,12000,5329,14916,632335550,0,0,0
nr2206,20220218,20220218,112341500,11:23:42,12000,5329,14916,632335550,0,0,0
nr2206,20220218,20220218,112342000,11:23:42,12005,5330,14916,632455600,1,0,120050
nr2206,20220218,20220218,112342500,11:23:42,12005,5330,14916,632455600,0,0,0
nr2206,20220218,20220218,112343000,11:23:43,12005,5330,14916,632455600,0,0,0
nr2206,20220218,20220218,112343500,11:23:43,12005,5330,14916,632455600,0,0,0
nr2206,20220218,20220218,112344000,11:23:45,12005,5330,14916,632455600,0,0,0
nr2206,20220218,20220218,112344500,11:23:48,12010,5332,14915,632695800,2,-1,240200
nr2206,20220218,20220218,112345000,11:23:48,12010,5332,14915,632695800,0,0,0
nr2206,20220218,20220218,112345500,11:23:48,12010,5332,14915,632695800,0,0,0
nr2206,20220218,20220218,112348000,11:23:48,12010,5378,14913,638221250,46,-2,5525450
nr2206,20220218,20220218,112348500,11:23:49,12010,5379,14913,638341350,1,0,120100
nr2206,20220218,20220218,112349000,11:23:49,12010,5379,14913,638341350,0,0,0
nr2206,20220218,20220218,112349500,11:23:50,12005,5380,14914,638461400,1,1,120050
nr2206,20220218,20220218,112350000,11:23:50,12010,5384,14916,638941800,4,2,480400
nr2206,20220218,20220218,112350500,11:23:50,12010,5384,14916,638941800,0,0,0
nr2206,20220218,20220218,112351000,11:23:51,12010,5384,14916,638941800,0,0,0
nr2206,20220218,20220218,112351500,11:23:51,12010,5392,14919,639902600,8,3,960800
nr2206,20220218,20220218,112352000,11:23:52,12010,5396,14920,640383000,4,1,480400
nr2206,20220218,20220218,112352500,11:23:52,12010,5396,14920,640383000,0,0,0
nr2206,20220218,20220218,112353000,11:23:53,12015,5408,14917,641824800,12,-3,1441800
nr2206,20220218,20220218,112353500,11:23:53,12015,5410,14919,642065100,2,2,240300
nr2206,20220218,20220218,112354000,11:23:54,12015,5410,14919,642065100,0,0,0
nr2206,20220218,20220218,112354500,11:23:55,12015,5415,14917,642665850,5,-2,600750
nr2206,20220218,20220218,112355000,11:23:55,12015,5415,14917,642665850,0,0,0
nr2206,20220218,20220218,112355500,11:23:55,12015,5415,14917,642665850,0,0,0
nr2206,20220218,20220218,112356000,11:23:56,12010,5416,14917,642785950,1,0,120100
nr2206,20220218,20220218,112356500,11:23:56,12015,5417,14917,642906100,1,0,120150
nr2206,20220218,20220218,112357000,11:23:57,12015,5417,14917,642906100,0,0,0
nr2206,20220218,20220218,112357500,11:23:57,12015,5417,14917,642906100,0,0,0
nr2206,20220218,20220218,112358000,11:23:58,12015,5417,14917,642906100,0,0,0
nr2206,20220218,20220218,112358500,11:23:58,12015,5417,14917,642906100,0,0,0
nr2206,20220218,20220218,112359000,11:23:59,12015,5417,14917,642906100,0,0,0
nr2206,20220218,20220218,112401000,11:24:01,12020,5422,14916,643507100,5,-1,601000
nr2206,20220218,20220218,112401500,11:24:01,12020,5422,14916,643507100,0,0,0
nr2206,20220218,20220218,112402000,11:24:02,12020,5422,14916,643507100,0,0,0
nr2206,20220218,20220218,112402500,11:24:02,12020,5422,14916,643507100,0,0,0
nr2206,20220218,20220218,112403000,11:24:03,12020,5422,14916,643507100,0,0,0
nr2206,20220218,20220218,112403500,11:24:04,12020,5422,14916,643507100,0,0,0
nr2206,20220218,20220218,112404000,11:24:04,12020,5422,14916,643507100,0,0,0
nr2206,20220218,20220218,112406000,11:24:06,12020,5422,14916,643507100,0,0,0
nr2206,20220218,20220218,112406500,11:24:06,12020,5422,14916,643507100,0,0,0
nr2206,20220218,20220218,112407000,11:24:07,12020,5422,14916,643507100,0,0,0
nr2206,20220218,20220218,112407500,11:24:08,12020,5428,14912,644228300,6,-4,721200
nr2206,20220218,20220218,112408000,11:24:08,12020,5428,14912,644228300,0,0,0
nr2206,20220218,20220218,112408500,11:24:08,12020,5428,14912,644228300,0,0,0
nr2206,20220218,20220218,112409000,11:24:09,12020,5428,14912,644228300,0,0,0
nr2206,20220218,20220218,112409500,11:24:11,12020,5429,14912,644348500,1,0,120200
nr2206,20220218,20220218,112410000,11:24:12,12020,5430,14911,644468700,1,-1,120200
nr2206,20220218,20220218,112410500,11:24:12,12020,5430,14911,644468700,0,0,0
nr2206,20220218,20220218,112411000,11:24:12,12020,5430,14911,644468700,0,0,0
nr2206,20220218,20220218,112411500,11:24:12,12025,5431,14912,644588950,1,1,120250
nr2206,20220218,20220218,112412000,11:24:12,12025,5431,14912,644588950,0,0,0
nr2206,20220218,20220218,112412500,11:24:13,12025,5432,14913,644709200,1,1,120250
nr2206,20220218,20220218,112413000,11:24:13,12025,5432,14913,644709200,0,0,0
nr2206,20220218,20220218,112413500,11:24:14,12025,5432,14913,644709200,0,0,0
nr2206,20220218,20220218,112414000,11:24:14,12025,5432,14913,644709200,0,0,0
nr2206,20220218,20220218,112414500,11:24:15,12025,5433,14913,644829450,1,0,120250
nr2206,20220218,20220218,112415000,11:24:15,12025,5433,14913,644829450,0,0,0
nr2206,20220218,20220218,112415500,11:24:15,12025,5433,14913,644829450,0,0,0
nr2206,20220218,20220218,112416000,11:24:16,12025,5433,14913,644829450,0,0,0
nr2206,20220218,20220218,112416500,11:24:17,12025,5434,14913,644949700,1,0,120250
nr2206,20220218,20220218,112417000,11:24:17,12025,5434,14913,644949700,0,0,0
nr2206,20220218,20220218,112418500,11:24:19,12025,5435,14913,645069950,1,0,120250
nr2206,20220218,20220218,112419000,11:24:19,12020,5436,14913,645190150,1,0,120200
nr2206,20220218,20220218,112419500,11:24:20,12020,5436,14913,645190150,0,0,0
nr2206,20220218,20220218,112420000,11:24:20,12025,5438,14915,645430650,2,2,240500
nr2206,20220218,20220218,112420500,11:24:21,12025,5438,14915,645430650,0,0,0
nr2206,20220218,20220218,112421000,11:24:21,12025,5438,14915,645430650,0,0,0
nr2206,20220218,20220218,112421500,11:24:22,12025,5438,14915,645430650,0,0,0
nr2206,20220218,20220218,112422000,11:24:22,12030,5439,14915,645550950,1,0,120300
nr2206,20220218,20220218,112422500,11:24:23,12030,5439,14915,645550950,0,0,0
nr2206,20220218,20220218,112423000,11:24:23,12020,5442,14917,645911650,3,2,360700
nr2206,20220218,20220218,112423500,11:24:23,12020,5442,14917,645911650,0,0,0
nr2206,20220218,20220218,112424000,11:24:24,12025,5444,14916,646152100,2,-1,240450
nr2206,20220218,20220218,112424500,11:24:24,12025,5444,14916,646152100,0,0,0
nr2206,20220218,20220218,112425000,11:24:25,12025,5444,14916,646152100,0,0,0
nr2206,20220218,20220218,112425500,11:24:25,12025,5445,14916,646272350,1,0,120250
nr2206,20220218,20220218,112426000,11:24:26,12025,5445,14916,646272350,0,0,0
nr2206,20220218,20220218,112426500,11:24:26,12025,5445,14916,646272350,0,0,0
nr2206,20220218,20220218,112427000,11:24:27,12025,5450,14920,646873600,5,4,601250
nr2206,20220218,20220218,112427500,11:24:28,12025,5451,14920,646993850,1,0,120250
nr2206,20220218,20220218,112428000,11:24:28,12025,5451,14920,646993850,0,0,0
nr2206,20220218,20220218,112428500,11:24:28,12025,5451,14920,646993850,0,0,0
nr2206,20220218,20220218,112429000,11:24:29,12020,5453,14920,647234250,2,0,240400
nr2206,20220218,20220218,112429500,11:24:29,12020,5453,14920,647234250,0,0,0
nr2206,20220218,20220218,112430000,11:24:30,12015,5455,14918,647474550,2,-2,240300
nr2206,20220218,20220218,112430500,11:24:30,12015,5455,14918,647474550,0,0,0
nr2206,20220218,20220218,112431000,11:24:31,12015,5455,14918,647474550,0,0,0
nr2206,20220218,20220218,112431500,11:24:31,12015,5455,14918,647474550,0,0,0
nr2206,20220218,20220218,112432000,11:24:32,12020,5456,14918,647594750,1,0,120200
nr2206,20220218,20220218,112432500,11:24:32,12020,5456,14918,647594750,0,0,0
nr2206,20220218,20220218,112433000,11:24:33,12020,5457,14917,647714950,1,-1,120200
nr2206,20220218,20220218,112433500,11:24:33,12020,5457,14917,647714950,0,0,0
nr2206,20220218,20220218,112434000,11:24:34,12020,5458,14917,647835150,1,0,120200
nr2206,20220218,20220218,112434500,11:24:34,12020,5458,14917,647835150,0,0,0
nr2206,20220218,20220218,112435000,11:24:35,12020,5459,14917,647955350,1,0,120200
nr2206,20220218,20220218,112435500,11:24:35,12020,5459,14917,647955350,0,0,0
nr2206,20220218,20220218,112436000,11:24:36,12020,5459,14917,647955350,0,0,0
nr2206,20220218,20220218,112436500,11:24:36,12025,5460,14918,648075600,1,1,120250
nr2206,20220218,20220218,112437000,11:24:37,12025,5460,14918,648075600,0,0,0
nr2206,20220218,20220218,112437500,11:24:37,12025,5460,14918,648075600,0,0,0
nr2206,20220218,20220218,112438000,11:24:39,12025,5460,14918,648075600,0,0,0
nr2206,20220218,20220218,112438500,11:24:40,12025,5460,14918,648075600,0,0,0
nr2206,20220218,20220218,112439000,11:24:40,12025,5461,14918,648195850,1,0,120250
nr2206,20220218,20220218,112439500,11:24:40,12025,5461,14918,648195850,0,0,0
nr2206,20220218,20220218,112440000,11:24:40,12025,5461,14918,648195850,0,0,0
nr2206,20220218,20220218,112440500,11:24:40,12025,5461,14918,648195850,0,0,0
nr2206,20220218,20220218,112441000,11:24:41,12025,5461,14918,648195850,0,0,0
nr2206,20220218,20220218,112441500,11:24:41,12025,5461,14918,648195850,0,0,0
nr2206,20220218,20220218,112442000,11:24:42,12020,5466,14921,648796850,5,3,601000
nr2206,20220218,20220218,112442500,11:24:42,12020,5466,14921,648796850,0,0,0
nr2206,20220218,20220218,112443000,11:24:43,12020,5466,14921,648796850,0,0,0
nr2206,20220218,20220218,112443500,11:24:43,12020,5466,14921,648796850,0,0,0
nr2206,20220218,20220218,112444000,11:24:44,12020,5466,14921,648796850,0,0,0
nr2206,20220218,20220218,112444500,11:24:44,12020,5466,14921,648796850,0,0,0
nr2206,20220218,20220218,112445000,11:24:45,12020,5466,14921,648796850,0,0,0
nr2206,20220218,20220218,112445500,11:24:45,12020,5466,14921,648796850,0,0,0
nr2206,20220218,20220218,112446000,11:24:46,12020,5466,14921,648796850,0,0,0
nr2206,20220218,20220218,112446500,11:24:46,12020,5466,14921,648796850,0,0,0
nr2206,20220218,20220218,112447000,11:24:47,12020,5466,14921,648796850,0,0,0
nr2206,20220218,20220218,112447500,11:24:47,12020,5466,14921,648796850,0,0,0
nr2206,20220218,20220218,112448000,11:24:48,12025,5467,14922,648917100,1,1,120250
nr2206,20220218,20220218,112448500,11:24:49,12025,5467,14922,648917100,0,0,0
nr2206,20220218,20220218,112449000,11:24:49,12025,5467,14922,648917100,0,0,0
nr2206,20220218,20220218,112449500,11:24:49,12025,5467,14922,648917100,0,0,0
nr2206,20220218,20220218,112450000,11:24:50,12025,5467,14922,648917100,0,0,0
nr2206,20220218,20220218,112450500,11:24:50,12025,5467,14922,648917100,0,0,0
nr2206,20220218,20220218,112451000,11:24:51,12025,5467,14922,648917100,0,0,0
nr2206,20220218,20220218,112451500,11:24:52,12025,5467,14922,648917100,0,0,0
nr2206,20220218,20220218,112452000,11:24:52,12030,5471,14918,649398300,4,-4,481200
nr2206,20220218,20220218,112452500,11:24:52,12030,5471,14918,649398300,0,0,0
nr2206,20220218,20220218,112453000,11:24:53,12030,5471,14918,649398300,0,0,0
nr2206,20220218,20220218,112453500,11:24:53,12025,5472,14919,649518550,1,1,120250
nr2206,20220218,20220218,112454000,11:24:54,12025,5472,14919,649518550,0,0,0
nr2206,20220218,20220218,112454500,11:24:54,12025,5472,14919,649518550,0,0,0
nr2206,20220218,20220218,112455000,11:24:55,12025,5472,14919,649518550,0,0,0
nr2206,20220218,20220218,112455500,11:24:56,12025,5472,14919,649518550,0,0,0
nr2206,20220218,20220218,112456500,11:24:56,12025,5472,14919,649518550,0,0,0
nr2206,20220218,20220218,112457000,11:24:57,12025,5473,14920,649638800,1,1,120250
nr2206,20220218,20220218,112457500,11:24:57,12025,5473,14920,649638800,0,0,0
nr2206,20220218,20220218,112458000,11:24:58,12025,5473,14920,649638800,0,0,0
nr2206,20220218,20220218,112458500,11:24:58,12025,5473,14920,649638800,0,0,0
nr2206,20220218,20220218,112459000,11:24:59,12025,5473,14920,649638800,0,0,0
nr2206,20220218,20220218,112459500,11:24:59,12030,5475,14918,649879400,2,-2,240600
nr2206,20220218,20220218,112500000,11:25:00,12025,5476,14918,649999650,1,0,120250
nr2206,20220218,20220218,112500500,11:25:01,12025,5476,14918,649999650,0,0,0
nr2206,20220218,20220218,112501000,11:25:02,12030,5478,14916,650240250,2,-2,240600
nr2206,20220218,20220218,112501500,11:25:05,12030,5478,14916,650240250,0,0,0
nr2206,20220218,20220218,112502000,11:25:05,12030,5478,14916,650240250,0,0,0
nr2206,20220218,20220218,112502500,11:25:06,12030,5478,14916,650240250,0,0,0
nr2206,20220218,20220218,112504500,11:25:06,12030,5484,14913,650962000,6,-3,721750
nr2206,20220218,20220218,112505500,11:25:06,12030,5484,14913,650962000,0,0,0
nr2206,20220218,20220218,112506000,11:25:07,12030,5484,14913,650962000,0,0,0
nr2206,20220218,20220218,112506500,11:25:07,12030,5484,14913,650962000,0,0,0
nr2206,20220218,20220218,112507000,11:25:07,12030,5484,14913,650962000,0,0,0
nr2206,20220218,20220218,112508000,11:25:08,12030,5487,14914,651322900,3,1,360900
nr2206,20220218,20220218,112508500,11:25:08,12030,5487,14914,651322900,0,0,0
nr2206,20220218,20220218,112509000,11:25:09,12030,5487,14914,651322900,0,0,0
nr2206,20220218,20220218,112509500,11:25:10,12030,5487,14914,651322900,0,0,0
nr2206,20220218,20220218,112510000,11:25:10,12030,5487,14914,651322900,0,0,0
nr2206,20220218,20220218,112510500,11:25:10,12030,5487,14914,651322900,0,0,0
nr2206,20220218,20220218,112511000,11:25:11,12030,5487,14914,651322900,0,0,0
nr2206,20220218,20220218,112511500,11:25:11,12030,5487,14914,651322900,0,0,0
nr2206,20220218,20220218,112512000,11:25:12,12035,5489,14915,651563550,2,1,240650
nr2206,20220218,20220218,112512500,11:25:12,12035,5489,14915,651563550,0,0,0
nr2206,20220218,20220218,112513000,11:25:13,12030,5490,14915,651683850,1,0,120300
nr2206,20220218,20220218,112513500,11:25:15,12030,5491,14915,651804150,1,0,120300
nr2206,20220218,20220218,112514000,11:25:15,12030,5491,14915,651804150,0,0,0
nr2206,20220218,20220218,112514500,11:25:15,12030,5492,14915,651924450,1,0,120300
nr2206,20220218,20220218,112515000,11:25:16,12030,5492,14915,651924450,0,0,0
nr2206,20220218,20220218,112515500,11:25:16,12030,5492,14915,651924450,0,0,0
nr2206,20220218,20220218,112516000,11:25:16,12030,5492,14915,651924450,0,0,0
nr2206,20220218,20220218,112520000,11:25:21,12030,5492,14915,651924450,0,0,0
nr2206,20220218,20220218,112520500,11:25:21,12030,5492,14915,651924450,0,0,0
nr2206,20220218,20220218,112521000,11:25:21,12030,5492,14915,651924450,0,0,0
nr2206,20220218,20220218,112521500,11:25:22,12030,5492,14915,651924450,0,0,0
nr2206,20220218,20220218,112522000,11:25:22,12030,5492,14915,651924450,0,0,0
nr2206,20220218,20220218,112522500,11:25:23,12030,5492,14915,651924450,0,0,0
nr2206,20220218,20220218,112525000,11:25:25,12030,5492,14915,651924450,0,0,0
nr2206,20220218,20220218,112526500,11:25:27,12030,5492,14915,651924450,0,0,0
nr2206,20220218,20220218,112527000,11:25:28,12035,5495,14912,652285500,3,-3,361050
nr2206,20220218,20220218,112527500,11:25:28,12035,5500,14912,652887250,5,0,601750
nr2206,20220218,20220218,112528000,11:25:28,12035,5502,14911,653128000,2,-1,240750
nr2206,20220218,20220218,112528500,11:25:28,12035,5502,14911,653128000,0,0,0
nr2206,20220218,20220218,112529000,11:25:29,12035,5502,14911,653128000,0,0,0
nr2206,20220218,20220218,112529500,11:25:30,12035,5519,14902,655174450,17,-9,2046450
nr2206,20220218,20220218,112530000,11:25:30,12045,5543,14903,658064850,24,1,2890400
nr2206,20220218,20220218,112530500,11:25:31,12050,5555,14912,659510300,12,9,1445450
nr2206,20220218,20220218,112531000,11:25:31,12040,5564,14904,660593850,9,-8,1083550
nr2206,20220218,20220218,112531500,11:25:32,12035,5567,14904,660955000,3,0,361150
nr2206,20220218,20220218,112532000,11:25:32,12035,5568,14904,661075350,1,0,120350
nr2206,20220218,20220218,112532500,11:25:33,12045,5585,14902,663122450,17,-2,2047100
nr2206,20220218,20220218,112533000,11:25:33,12060,5609,14902,666014350,24,0,2891900
nr2206,20220218,20220218,112533500,11:25:33,12045,5622,14911,667581100,13,9,1566750
nr2206,20220218,20220218,112534000,11:25:34,12045,5630,14912,668544700,8,1,963600
nr2206,20220218,20220218,112534500,11:25:36,12040,5631,14911,668665100,1,-1,120400
nr2206,20220218,20220218,112535000,11:25:36,12040,5631,14911,668665100,0,0,0
nr2206,20220218,20220218,112535500,11:25:37,12040,5631,14911,668665100,0,0,0
nr2206,20220218,20220218,112536000,11:25:37,12040,5631,14911,668665100,0,0,0
nr2206,20220218,20220218,112536500,11:25:37,12040,5631,14911,668665100,0,0,0
nr2206,20220218,20220218,112537000,11:25:38,12040,5631,14911,668665100,0,0,0
nr2206,20220218,20220218,112537500,11:25:38,12040,5633,14910,668905900,2,-1,240800
nr2206,20220218,20220218,112538000,11:25:38,12040,5633,14910,668905900,0,0,0
nr2206,20220218,20220218,112538500,11:25:39,12040,5633,14910,668905900,0,0,0
nr2206,20220218,20220218,112539000,11:25:39,12040,5633,14910,668905900,0,0,0
nr2206,20220218,20220218,112539500,11:25:40,12050,5647,14910,670592500,14,0,1686600
nr2206,20220218,20220218,112540000,11:25:40,12050,5656,14915,671677000,9,5,1084500
nr2206,20220218,20220218,112540500,11:25:40,12050,5658,14913,671918000,2,-2,241000
nr2206,20220218,20220218,112541000,11:25:41,12050,5658,14913,671918000,0,0,0
nr2206,20220218,20220218,112541500,11:25:41,12050,5658,14913,671918000,0,0,0
nr2206,20220218,20220218,112542000,11:25:42,12045,5659,14913,672038450,1,0,120450
nr2206,20220218,20220218,112542500,11:25:43,12045,5659,14913,672038450,0,0,0
nr2206,20220218,20220218,112543000,11:25:43,12045,5659,14913,672038450,0,0,0
nr2206,20220218,20220218,112543500,11:25:43,12045,5659,14913,672038450,0,0,0
nr2206,20220218,20220218,112544000,11:25:44,12045,5659,14913,672038450,0,0,0
nr2206,20220218,20220218,112544500,11:25:44,12050,5660,14913,672158950,1,0,120500
nr2206,20220218,20220218,112545000,11:25:45,12055,5670,14920,673364450,10,7,1205500
nr2206,20220218,20220218,112545500,11:25:46,12055,5671,14920,673485000,1,0,120550
nr2206,20220218,20220218,112546000,11:25:47,12055,5676,14918,674087750,5,-2,602750
nr2206,20220218,20220218,112546500,11:25:48,12055,5676,14918,674087750,0,0,0
nr2206,20220218,20220218,112547000,11:25:48,12055,5676,14918,674087750,0,0,0
nr2206,20220218,20220218,112547500,11:25:48,12055,5676,14918,674087750,0,0,0
nr2206,20220218,20220218,112548000,11:25:48,12055,5676,14918,674087750,0,0,0
nr2206,20220218,20220218,112548500,11:25:48,12055,5676,14918,674087750,0,0,0
nr2206,20220218,20220218,112549000,11:25:49,12055,5676,14918,674087750,0,0,0
nr2206,20220218,20220218,112549500,11:25:49,12055,5676,14918,674087750,0,0,0
nr2206,20220218,20220218,112550000,11:25:50,12055,5676,14918,674087750,0,0,0
nr2206,20220218,20220218,112550500,11:25:51,12050,5678,14918,674328750,2,0,241000
nr2206,20220218,20220218,112551000,11:25:51,12060,5684,14920,675052150,6,2,723400
nr2206,20220218,20220218,112551500,11:25:51,12060,5704,14919,677464150,20,-1,2412000
nr2206,20220218,20220218,112552000,11:25:52,12060,5707,14920,677826000,3,1,361850
nr2206,20220218,20220218,112552500,11:25:52,12060,5715,14914,678790800,8,-6,964800
nr2206,20220218,20220218,112553000,11:25:53,12060,5715,14914,678790800,0,0,0
nr2206,20220218,20220218,112553500,11:25:54,12060,5716,14914,678911400,1,0,120600
nr2206,20220218,20220218,112554000,11:25:54,12060,5716,14914,678911400,0,0,0
nr2206,20220218,20220218,112554500,11:25:55,12060,5716,14914,678911400,0,0,0
nr2206,20220218,20220218,112555000,11:25:56,12060,5716,14914,678911400,0,0,0
nr2206,20220218,20220218,112555500,11:25:56,12055,5719,14913,679273050,3,-1,361650
nr2206,20220218,20220218,112556000,11:25:57,12055,5719,14913,679273050,0,0,0
nr2206,20220218,20220218,112556500,11:25:57,12055,5719,14913,679273050,0,0,0
nr2206,20220218,20220218,112557000,11:25:57,12055,5719,14913,679273050,0,0,0
nr2206,20220218,20220218,112557500,11:25:57,12055,5720,14913,679393600,1,0,120550
nr2206,20220218,20220218,112558000,11:25:59,12060,5733,14923,680961400,13,10,1567800
nr2206,20220218,20220218,112558500,11:25:59,12060,5733,14923,680961400,0,0,0
nr2206,20220218,20220218,112559000,11:26:00,12060,5733,14923,680961400,0,0,0
nr2206,20220218,20220218,112559500,11:26:00,12060,5733,14923,680961400,0,0,0
nr2206,20220218,20220218,112600000,11:26:00,12060,5733,14923,680961400,0,0,0
nr2206,20220218,20220218,112600500,11:26:01,12060,5733,14923,680961400,0,0,0
nr2206,20220218,20220218,112601000,11:26:01,12060,5733,14923,680961400,0,0,0
nr2206,20220218,20220218,112601500,11:26:02,12060,5733,14923,680961400,0,0,0
nr2206,20220218,20220218,112602000,11:26:03,12060,5733,14923,680961400,0,0,0
nr2206,20220218,20220218,112602500,11:26:03,12060,5733,14923,680961400,0,0,0
nr2206,20220218,20220218,112603000,11:26:03,12060,5733,14923,680961400,0,0,0
nr2206,20220218,20220218,112603500,11:26:04,12060,5733,14923,680961400,0,0,0
nr2206,20220218,20220218,112604000,11:26:05,12060,5733,14923,680961400,0,0,0
nr2206,20220218,20220218,112604500,11:26:05,12060,5740,14917,681805600,7,-6,844200
nr2206,20220218,20220218,112605000,11:26:05,12060,5741,14918,681926200,1,1,120600
nr2206,20220218,20220218,112605500,11:26:06,12060,5741,14918,681926200,0,0,0
nr2206,20220218,20220218,112606000,11:26:06,12060,5741,14918,681926200,0,0,0
nr2206,20220218,20220218,112606500,11:26:09,12060,5741,14918,681926200,0,0,0
nr2206,20220218,20220218,112607000,11:26:09,12060,5741,14918,681926200,0,0,0
nr2206,20220218,20220218,112607500,11:26:09,12065,5745,14920,682408800,4,2,482600
nr2206,20220218,20220218,112609000,11:26:10,12065,5745,14920,682408800,0,0,0
nr2206,20220218,20220218,112609500,11:26:10,12065,5745,14920,682408800,0,0,0
nr2206,20220218,20220218,112610000,11:26:10,12065,5745,14920,682408800,0,0,0
nr2206,20220218,20220218,112610500,11:26:11,12065,5745,14920,682408800,0,0,0
nr2206,20220218,20220218,112611500,11:26:13,12065,5745,14920,682408800,0,0,0
nr2206,20220218,20220218,112612000,11:26:14,12065,5745,14920,682408800,0,0,0
nr2206,20220218,20220218,112612500,11:26:14,12065,5745,14920,682408800,0,0,0
nr2206,20220218,20220218,112613000,11:26:15,12065,5745,14920,682408800,0,0,0
nr2206,20220218,20220218,112614000,11:26:15,12065,5745,14920,682408800,0,0,0
nr2206,20220218,20220218,112614500,11:26:16,12065,5745,14920,682408800,0,0,0
nr2206,20220218,20220218,112615000,11:26:16,12065,5745,14920,682408800,0,0,0
nr2206,20220218,20220218,112615500,11:26:16,12065,5745,14920,682408800,0,0,0
nr2206,20220218,20220218,112616000,11:26:16,12065,5745,14920,682408800,0,0,0
nr2206,20220218,20220218,112616500,11:26:17,12065,5745,14920,682408800,0,0,0
nr2206,20220218,20220218,112617000,11:26:17,12065,5745,14920,682408800,0,0,0
nr2206,20220218,20220218,112617500,11:26:17,12065,5745,14920,682408800,0,0,0
nr2206,20220218,20220218,112618000,11:26:18,12060,5752,14915,683253000,7,-5,844200
nr2206,20220218,20220218,112618500,11:26:19,12065,5753,14914,683373650,1,-1,120650
nr2206,20220218,20220218,112619000,11:26:19,12065,5753,14914,683373650,0,0,0
nr2206,20220218,20220218,112619500,11:26:20,12065,5753,14914,683373650,0,0,0
nr2206,20220218,20220218,112620000,11:26:20,12065,5755,14913,683614950,2,-1,241300
nr2206,20220218,20220218,112620500,11:26:20,12065,5755,14913,683614950,0,0,0
nr2206,20220218,20220218,112621000,11:26:21,12065,5755,14913,683614950,0,0,0
nr2206,20220218,20220218,112621500,11:26:21,12065,5755,14913,683614950,0,0,0
nr2206,20220218,20220218,112622000,11:26:22,12065,5755,14913,683614950,0,0,0
nr2206,20220218,20220218,112622500,11:26:23,12065,5756,14912,683735600,1,-1,120650
nr2206,20220218,20220218,112623000,11:26:23,12065,5756,14912,683735600,0,0,0
nr2206,20220218,20220218,112623500,11:26:23,12065,5757,14913,683856250,1,1,120650
nr2206,20220218,20220218,112624000,11:26:24,12065,5757,14913,683856250,0,0,0
nr2206,20220218,20220218,112624500,11:26:24,12065,5757,14913,683856250,0,0,0
nr2206,20220218,20220218,112625000,11:26:25,12065,5757,14913,683856250,0,0,0
nr2206,20220218,20220218,112625500,11:26:26,12065,5757,14913,683856250,0,0,0
nr2206,20220218,20220218,112626500,11:26:26,12065,5757,14913,683856250,0,0,0
nr2206,20220218,20220218,112627000,11:26:27,12065,5757,14913,683856250,0,0,0
nr2206,20220218,20220218,112627500,11:26:27,12065,5757,14913,683856250,0,0,0
nr2206,20220218,20220218,112628000,11:26:28,12065,5757,14913,683856250,0,0,0
nr2206,20220218,20220218,112628500,11:26:28,12065,5757,14913,683856250,0,0,0
nr2206,20220218,20220218,112629000,11:26:30,12065,5757,14913,683856250,0,0,0
nr2206,20220218,20220218,112629500,11:26:30,12065,5757,14913,683856250,0,0,0
nr2206,20220218,20220218,112630000,11:26:31,12065,5757,14913,683856250,0,0,0
nr2206,20220218,20220218,112630500,11:26:31,12065,5757,14913,683856250,0,0,0
nr2206,20220218,20220218,112631000,11:26:31,12065,5757,14913,683856250,0,0,0
nr2206,20220218,20220218,112631500,11:26:32,12065,5757,14913,683856250,0,0,0
nr2206,20220218,20220218,112632000,11:26:32,12065,5757,14913,683856250,0,0,0
nr2206,20220218,20220218,112632500,11:26:32,12065,5757,14913,683856250,0,0,0
nr2206,20220218,20220218,112633000,11:26:33,12065,5757,14913,683856250,0,0,0
nr2206,20220218,20220218,112633500,11:26:34,12065,5757,14913,683856250,0,0,0
nr2206,20220218,20220218,112634000,11:26:36,12070,5759,14911,684097650,2,-2,241400
nr2206,20220218,20220218,112634500,11:26:37,12070,5759,14911,684097650,0,0,0
nr2206,20220218,20220218,112635000,11:26:37,12070,5759,14911,684097650,0,0,0
nr2206,20220218,20220218,112635500,11:26:37,12070,5759,14911,684097650,0,0,0
nr2206,20220218,20220218,112636000,11:26:38,12065,5760,14912,684218300,1,1,120650
nr2206,20220218,20220218,112637000,11:26:54,12065,5760,14912,684218300,0,0,0
nr2206,20220218,20220218,112637500,11:27:10,12065,5760,14912,684218300,0,0,0
nr2206,20220218,20220218,112638000,11:27:10,12065,5760,14912,684218300,0,0,0
nr2206,20220218,20220218,112653500,11:27:11,12065,5760,14912,684218300,0,0,0
nr2206,20220218,20220218,112710000,11:27:12,12065,5760,14912,684218300,0,0,0
nr2206,20220218,20220218,112712000,11:27:13,12065,5760,14912,684218300,0,0,0
nr2206,20220218,20220218,112712500,11:27:13,12065,5760,14912,684218300,0,0,0
nr2206,20220218,20220218,112713000,11:27:13,12065,5760,14912,684218300,0,0,0
nr2206,20220218,20220218,112714000,11:27:15,12065,5760,14912,684218300,0,0,0
nr2206,20220218,20220218,112714500,11:27:15,12065,5760,14912,684218300,0,0,0
nr2206,20220218,20220218,112715000,11:27:15,12065,5760,14912,684218300,0,0,0
nr2206,20220218,20220218,112715500,11:27:16,12065,5760,14912,684218300,0,0,0
nr2206,20220218,20220218,112716000,11:27:17,12065,5760,14912,684218300,0,0,0
nr2206,20220218,20220218,112716500,11:27:17,12065,5760,14912,684218300,0,0,0
nr2206,20220218,20220218,112717000,11:27:17,12075,5817,14913,691097900,57,1,6879600
nr2206,20220218,20220218,112717500,11:27:17,12075,5817,14913,691097900,0,0,0
nr2206,20220218,20220218,112718000,11:27:18,12075,5820,14911,691460150,3,-2,362250
nr2206,20220218,20220218,112718500,11:27:19,12075,5820,14911,691460150,0,0,0
nr2206,20220218,20220218,112719000,11:27:19,12075,5820,14911,691460150,0,0,0
nr2206,20220218,20220218,112719500,11:27:20,12075,5820,14911,691460150,0,0,0
nr2206,20220218,20220218,112720000,11:27:20,12075,5820,14911,691460150,0,0,0
nr2206,20220218,20220218,112720500,11:27:21,12075,5820,14911,691460150,0,0,0
nr2206,20220218,20220218,112721500,11:27:22,12075,5820,14911,691460150,0,0,0
nr2206,20220218,20220218,112722000,11:27:22,12075,5822,14911,691701650,2,0,241500
nr2206,20220218,20220218,112722500,11:27:26,12075,5822,14911,691701650,0,0,0
nr2206,20220218,20220218,112723000,11:27:26,12075,5822,14911,691701650,0,0,0
nr2206,20220218,20220218,112723500,11:27:27,12075,5822,14911,691701650,0,0,0
nr2206,20220218,20220218,112724000,11:27:27,12075,5832,14905,692909200,10,-6,1207550
nr2206,20220218,20220218,112726500,11:27:27,12080,5835,14905,693271500,3,0,362300
nr2206,20220218,20220218,112727000,11:27:27,12080,5835,14905,693271500,0,0,0
nr2206,20220218,20220218,112728000,11:27:28,12080,5836,14906,693392300,1,1,120800
nr2206,20220218,20220218,112728500,11:27:28,12075,5837,14906,693513050,1,0,120750
nr2206,20220218,20220218,112729000,11:27:29,12075,5838,14905,693633800,1,-1,120750
nr2206,20220218,20220218,112729500,11:27:30,12075,5838,14905,693633800,0,0,0
nr2206,20220218,20220218,112730000,11:27:30,12075,5838,14905,693633800,0,0,0
nr2206,20220218,20220218,112730500,11:27:31,12075,5838,14905,693633800,0,0,0
nr2206,20220218,20220218,112731000,11:27:32,12075,5838,14905,693633800,0,0,0
nr2206,20220218,20220218,112731500,11:27:35,12075,5838,14905,693633800,0,0,0
nr2206,20220218,20220218,112732000,11:27:36,12075,5838,14905,693633800,0,0,0
nr2206,20220218,20220218,112732500,11:27:36,12075,5838,14905,693633800,0,0,0
nr2206,20220218,20220218,112735500,11:27:36,12075,5840,14905,693875300,2,0,241500
nr2206,20220218,20220218,112736000,11:27:37,12075,5840,14905,693875300,0,0,0
nr2206,20220218,20220218,112736500,11:27:38,12070,5843,14904,694237400,3,-1,362100
nr2206,20220218,20220218,112737000,11:27:38,12070,5844,14904,694358100,1,0,120700
nr2206,20220218,20220218,112737500,11:27:38,12070,5845,14904,694478800,1,0,120700
nr2206,20220218,20220218,112738000,11:27:38,12070,5845,14904,694478800,0,0,0
nr2206,20220218,20220218,112738500,11:27:39,12070,5845,14904,694478800,0,0,0
nr2206,20220218,20220218,112739000,11:27:39,12070,5845,14904,694478800,0,0,0
nr2206,20220218,20220218,112739500,11:27:39,12070,5845,14904,694478800,0,0,0
nr2206,20220218,20220218,112740000,11:27:40,12070,5846,14905,694599500,1,1,120700
nr2206,20220218,20220218,112740500,11:27:40,12070,5846,14905,694599500,0,0,0
nr2206,20220218,20220218,112741000,11:27:41,12070,5847,14906,694720200,1,1,120700
nr2206,20220218,20220218,112741500,11:27:42,12070,5847,14906,694720200,0,0,0
nr2206,20220218,20220218,112743500,11:27:44,12070,5848,14906,694840900,1,0,120700
nr2206,20220218,20220218,112744000,11:27:44,12070,5848,14906,694840900,0,0,0
nr2206,20220218,20220218,112744500,11:27:45,12070,5848,14906,694840900,0,0,0
nr2206,20220218,20220218,112745000,11:27:45,12070,5848,14906,694840900,0,0,0
nr2206,20220218,20220218,112745500,11:27:46,12070,5848,14906,694840900,0,0,0
nr2206,20220218,20220218,112746000,11:27:46,12070,5848,14906,694840900,0,0,0
nr2206,20220218,20220218,112746500,11:27:47,12070,5848,14906,694840900,0,0,0
nr2206,20220218,20220218,112747000,11:27:47,12070,5848,14906,694840900,0,0,0
nr2206,20220218,20220218,112747500,11:27:48,12070,5848,14906,694840900,0,0,0
nr2206,20220218,20220218,112748000,11:27:49,12070,5848,14906,694840900,0,0,0
nr2206,20220218,20220218,112748500,11:27:54,12070,5848,14906,694840900,0,0,0
nr2206,20220218,20220218,112749000,11:27:54,12070,5848,14906,694840900,0,0,0
nr2206,20220218,20220218,112749500,11:27:54,12070,5848,14906,694840900,0,0,0
nr2206,20220218,20220218,112754000,11:27:54,12070,5848,14906,694840900,0,0,0
nr2206,20220218,20220218,112754500,11:27:54,12070,5848,14906,694840900,0,0,0
nr2206,20220218,20220218,112755000,11:27:55,12070,5848,14906,694840900,0,0,0
nr2206,20220218,20220218,112757500,11:27:57,12070,5848,14906,694840900,0,0,0
nr2206,20220218,20220218,112758000,11:27:58,12070,5848,14906,694840900,0,0,0
nr2206,20220218,20220218,112758500,11:27:59,12070,5848,14906,694840900,0,0,0
nr2206,20220218,20220218,112759000,11:27:59,12070,5848,14906,694840900,0,0,0
nr2206,20220218,20220218,112759500,11:27:59,12070,5848,14906,694840900,0,0,0
nr2206,20220218,20220218,112800000,11:28:00,12070,5848,14906,694840900,0,0,0
nr2206,20220218,20220218,112800500,11:28:01,12070,5848,14906,694840900,0,0,0
nr2206,20220218,20220218,112801000,11:28:01,12070,5848,14906,694840900,0,0,0
nr2206,20220218,20220218,112801500,11:28:02,12070,5848,14906,694840900,0,0,0
nr2206,20220218,20220218,112802000,11:28:03,12070,5848,14906,694840900,0,0,0
nr2206,20220218,20220218,112802500,11:28:03,12070,5848,14906,694840900,0,0,0
nr2206,20220218,20220218,112803000,11:28:04,12070,5848,14906,694840900,0,0,0
nr2206,20220218,20220218,112803500,11:28:04,12070,5848,14906,694840900,0,0,0
nr2206,20220218,20220218,112804000,11:28:04,12070,5848,14906,694840900,0,0,0
nr2206,20220218,20220218,112804500,11:28:05,12070,5848,14906,694840900,0,0,0
nr2206,20220218,20220218,112805000,11:28:06,12070,5848,14906,694840900,0,0,0
nr2206,20220218,20220218,112807500,11:28:10,12080,5851,14905,695203100,3,-1,362200
nr2206,20220218,20220218,112810000,11:28:11,12080,5851,14905,695203100,0,0,0
nr2206,20220218,20220218,112810500,11:28:11,12080,5851,14905,695203100,0,0,0
nr2206,20220218,20220218,112811000,11:28:12,12080,5851,14905,695203100,0,0,0
nr2206,20220218,20220218,112811500,11:28:12,12080,5851,14905,695203100,0,0,0
nr2206,20220218,20220218,112812000,11:28:12,12080,5851,14905,695203100,0,0,0
nr2206,20220218,20220218,112812500,11:28:13,12080,5851,14905,695203100,0,0,0
nr2206,20220218,20220218,112813000,11:28:13,12080,5867,14905,697135950,16,0,1932850
nr2206,20220218,20220218,112813500,11:28:14,12080,5867,14905,697135950,0,0,0
nr2206,20220218,20220218,112814000,11:28:14,12080,5867,14905,697135950,0,0,0
nr2206,20220218,20220218,112814500,11:28:14,12080,5867,14905,697135950,0,0,0
nr2206,20220218,20220218,112815000,11:28:15,12080,5867,14905,697135950,0,0,0
nr2206,20220218,20220218,112816500,11:28:16,12080,5868,14905,697256750,1,0,120800
nr2206,20220218,20220218,112817000,11:28:17,12080,5868,14905,697256750,0,0,0
nr2206,20220218,20220218,112817500,11:28:18,12080,5868,14905,697256750,0,0,0
nr2206,20220218,20220218,112818000,11:28:18,12080,5868,14905,697256750,0,0,0
nr2206,20220218,20220218,112818500,11:28:18,12080,5868,14905,697256750,0,0,0
nr2206,20220218,20220218,112819000,11:28:19,12080,5868,14905,697256750,0,0,0
nr2206,20220218,20220218,112819500,11:28:20,12080,5868,14905,697256750,0,0,0
nr2206,20220218,20220218,112820000,11:28:20,12080,5868,14905,697256750,0,0,0
nr2206,20220218,20220218,112821000,11:28:21,12080,5869,14905,697377550,1,0,120800
nr2206,20220218,20220218,112821500,11:28:22,12080,5869,14905,697377550,0,0,0
nr2206,20220218,20220218,112822000,11:28:22,12080,5869,14905,697377550,0,0,0
nr2206,20220218,20220218,112822500,11:28:22,12080,5869,14905,697377550,0,0,0
nr2206,20220218,20220218,112823500,11:28:23,12080,5869,14905,697377550,0,0,0
nr2206,20220218,20220218,112825000,11:28:25,12080,5870,14905,697498350,1,0,120800
nr2206,20220218,20220218,112825500,11:28:25,12080,5870,14905,697498350,0,0,0
nr2206,20220218,20220218,112826000,11:28:26,12080,5870,14905,697498350,0,0,0
nr2206,20220218,20220218,112826500,11:28:27,12085,5871,14904,697619200,1,-1,120850
nr2206,20220218,20220218,112827000,11:28:27,12085,5871,14904,697619200,0,0,0
nr2206,20220218,20220218,112827500,11:28:27,12085,5871,14904,697619200,0,0,0
nr2206,20220218,20220218,112828000,11:28:28,12085,5871,14904,697619200,0,0,0
nr2206,20220218,20220218,112828500,11:28:28,12080,5872,14905,697740000,1,1,120800
nr2206,20220218,20220218,112829000,11:28:29,12080,5890,14900,699914450,18,-5,2174450
nr2206,20220218,20220218,112829500,11:28:29,12080,5892,14901,700156050,2,1,241600
nr2206,20220218,20220218,112830000,11:28:30,12080,5892,14901,700156050,0,0,0
nr2206,20220218,20220218,112830500,11:28:31,12080,5892,14901,700156050,0,0,0
nr2206,20220218,20220218,112831000,11:28:31,12080,5892,14901,700156050,0,0,0
nr2206,20220218,20220218,112831500,11:28:31,12090,5895,14899,700518650,3,-2,362600
nr2206,20220218,20220218,112832000,11:28:33,12090,5895,14899,700518650,0,0,0
nr2206,20220218,20220218,112832500,11:28:33,12090,5895,14899,700518650,0,0,0
nr2206,20220218,20220218,112833000,11:28:33,12080,5896,14900,700639450,1,1,120800
nr2206,20220218,20220218,112833500,11:28:33,12080,5896,14900,700639450,0,0,0
nr2206,20220218,20220218,112834000,11:28:34,12080,5896,14900,700639450,0,0,0
nr2206,20220218,20220218,112834500,11:28:34,12080,5896,14900,700639450,0,0,0
nr2206,20220218,20220218,112835000,11:28:35,12080,5896,14900,700639450,0,0,0
nr2206,20220218,20220218,112835500,11:28:37,12080,5896,14900,700639450,0,0,0
nr2206,20220218,20220218,112836500,11:28:37,12080,5896,14900,700639450,0,0,0
nr2206,20220218,20220218,112837000,11:28:37,12080,5897,14901,700760250,1,1,120800
nr2206,20220218,20220218,112837500,11:28:37,12080,5897,14901,700760250,0,0,0
nr2206,20220218,20220218,112838000,11:28:38,12080,5897,14901,700760250,0,0,0
nr2206,20220218,20220218,112838500,11:28:38,12080,5897,14901,700760250,0,0,0
nr2206,20220218,20220218,112839000,11:28:40,12080,5897,14901,700760250,0,0,0
nr2206,20220218,20220218,112839500,11:28:40,12080,5897,14901,700760250,0,0,0
nr2206,20220218,20220218,112840000,11:28:40,12080,5897,14901,700760250,0,0,0
nr2206,20220218,20220218,112840500,11:28:40,12080,5897,14901,700760250,0,0,0
nr2206,20220218,20220218,112841000,11:28:41,12080,5897,14901,700760250,0,0,0
nr2206,20220218,20220218,112841500,11:28:41,12080,5897,14901,700760250,0,0,0
nr2206,20220218,20220218,112842000,11:28:42,12080,5897,14901,700760250,0,0,0
nr2206,20220218,20220218,112842500,11:28:42,12080,5897,14901,700760250,0,0,0
nr2206,20220218,20220218,112843000,11:28:43,12080,5897,14901,700760250,0,0,0
nr2206,20220218,20220218,112843500,11:28:44,12080,5899,14901,701001850,2,0,241600
nr2206,20220218,20220218,112844000,11:28:44,12080,5899,14901,701001850,0,0,0
nr2206,20220218,20220218,112844500,11:28:44,12080,5899,14901,701001850,0,0,0
nr2206,20220218,20220218,112845000,11:28:45,12080,5899,14901,701001850,0,0,0
nr2206,20220218,20220218,112845500,11:28:46,12080,5899,14901,701001850,0,0,0
nr2206,20220218,20220218,112846000,11:28:46,12080,5899,14901,701001850,0,0,0
nr2206,20220218,20220218,112846500,11:28:46,12080,5899,14901,701001850,0,0,0
nr2206,20220218,20220218,112847000,11:28:47,12075,5901,14900,701243350,2,-1,241500
nr2206,20220218,20220218,112847500,11:28:48,12075,5901,14900,701243350,0,0,0
nr2206,20220218,20220218,112848000,11:28:48,12075,5901,14900,701243350,0,0,0
nr2206,20220218,20220218,112848500,11:28:48,12075,5901,14900,701243350,0,0,0
nr2206,20220218,20220218,112849000,11:28:49,12075,5901,14900,701243350,0,0,0
nr2206,20220218,20220218,112851000,11:28:51,12075,5901,14900,701243350,0,0,0
nr2206,20220218,20220218,112851500,11:28:51,12075,5901,14900,701243350,0,0,0
nr2206,20220218,20220218,112852000,11:28:53,12075,5901,14900,701243350,0,0,0
nr2206,20220218,20220218,112852500,11:28:54,12075,5901,14900,701243350,0,0,0
nr2206,20220218,20220218,112853000,11:28:54,12075,5901,14900,701243350,0,0,0
nr2206,20220218,20220218,112853500,11:28:54,12075,5901,14900,701243350,0,0,0
nr2206,20220218,20220218,112854000,11:28:54,12075,5901,14900,701243350,0,0,0
nr2206,20220218,20220218,112854500,11:28:54,12075,5901,14900,701243350,0,0,0
nr2206,20220218,20220218,112855000,11:28:55,12075,5901,14900,701243350,0,0,0
nr2206,20220218,20220218,112855500,11:28:56,12075,5901,14900,701243350,0,0,0
nr2206,20220218,20220218,112856000,11:28:56,12075,5901,14900,701243350,0,0,0
nr2206,20220218,20220218,112856500,11:28:56,12075,5901,14900,701243350,0,0,0
nr2206,20220218,20220218,112857000,11:28:57,12075,5901,14900,701243350,0,0,0
nr2206,20220218,20220218,112857500,11:28:58,12075,5901,14900,701243350,0,0,0
nr2206,20220218,20220218,112858000,11:28:59,12075,5901,14900,701243350,0,0,0
nr2206,20220218,20220218,112859000,11:28:59,12075,5901,14900,701243350,0,0,0
nr2206,20220218,20220218,112859500,11:29:00,12075,5901,14900,701243350,0,0,0
nr2206,20220218,20220218,112900000,11:29:00,12075,5901,14900,701243350,0,0,0
nr2206,20220218,20220218,112900500,11:29:01,12075,5901,14900,701243350,0,0,0
nr2206,20220218,20220218,112901000,11:29:01,12075,5901,14900,701243350,0,0,0
nr2206,20220218,20220218,112902000,11:29:02,12075,5901,14900,701243350,0,0,0
nr2206,20220218,20220218,112903000,11:29:03,12075,5901,14900,701243350,0,0,0
nr2206,20220218,20220218,112903500,11:29:04,12075,5901,14900,701243350,0,0,0
nr2206,20220218,20220218,112904000,11:29:04,12070,5905,14900,701726150,4,0,482800
nr2206,20220218,20220218,112904500,11:29:04,12070,5905,14900,701726150,0,0,0
nr2206,20220218,20220218,112905000,11:29:05,12070,5905,14900,701726150,0,0,0
nr2206,20220218,20220218,112905500,11:29:06,12070,5905,14900,701726150,0,0,0
nr2206,20220218,20220218,112906000,11:29:06,12070,5905,14900,701726150,0,0,0
nr2206,20220218,20220218,112906500,11:29:06,12060,5920,14900,703535150,15,0,1809000
nr2206,20220218,20220218,112907000,11:29:08,12060,5921,14899,703655750,1,-1,120600
nr2206,20220218,20220218,112907500,11:29:08,12060,5921,14899,703655750,0,0,0
nr2206,20220218,20220218,112908000,11:29:08,12060,5921,14899,703655750,0,0,0
nr2206,20220218,20220218,112908500,11:29:08,12060,5921,14899,703655750,0,0,0
nr2206,20220218,20220218,112909000,11:29:09,12060,5921,14899,703655750,0,0,0
nr2206,20220218,20220218,112909500,11:29:09,12060,5921,14899,703655750,0,0,0
nr2206,20220218,20220218,112910000,11:29:10,12060,5921,14899,703655750,0,0,0
nr2206,20220218,20220218,112910500,11:29:10,12060,5921,14899,703655750,0,0,0
nr2206,20220218,20220218,112911500,11:29:12,12060,5921,14899,703655750,0,0,0
nr2206,20220218,20220218,112912000,11:29:12,12060,5921,14899,703655750,0,0,0
nr2206,20220218,20220218,112912500,11:29:12,12060,5921,14899,703655750,0,0,0
nr2206,20220218,20220218,112913000,11:29:13,12060,5921,14899,703655750,0,0,0
nr2206,20220218,20220218,112914000,11:29:14,12060,5921,14899,703655750,0,0,0
nr2206,20220218,20220218,112914500,11:29:15,12060,5921,14899,703655750,0,0,0
nr2206,20220218,20220218,112915000,11:29:15,12060,5921,14899,703655750,0,0,0
nr2206,20220218,20220218,112915500,11:29:16,12060,5921,14899,703655750,0,0,0
nr2206,20220218,20220218,112916000,11:29:16,12060,5921,14899,703655750,0,0,0
nr2206,20220218,20220218,112916500,11:29:20,12060,5921,14899,703655750,0,0,0
nr2206,20220218,20220218,112917000,11:29:20,12060,5921,14899,703655750,0,0,0
nr2206,20220218,20220218,112917500,11:29:21,12060,5921,14899,703655750,0,0,0
nr2206,20220218,20220218,112918000,11:29:21,12060,5921,14899,703655750,0,0,0
nr2206,20220218,20220218,112920500,11:29:21,12060,5921,14899,703655750,0,0,0
nr2206,20220218,20220218,112921000,11:29:22,12060,5921,14899,703655750,0,0,0
nr2206,20220218,20220218,112921500,11:29:24,12060,5921,14899,703655750,0,0,0
nr2206,20220218,20220218,112922000,11:29:24,12060,5921,14899,703655750,0,0,0
nr2206,20220218,20220218,112922500,11:29:24,12060,5921,14899,703655750,0,0,0
nr2206,20220218,20220218,112923000,11:29:24,12060,5921,14899,703655750,0,0,0
nr2206,20220218,20220218,112924000,11:29:24,12060,5921,14899,703655750,0,0,0
nr2206,20220218,20220218,112924500,11:29:24,12060,5921,14899,703655750,0,0,0
nr2206,20220218,20220218,112925000,11:29:25,12060,5921,14899,703655750,0,0,0
nr2206,20220218,20220218,112925500,11:29:25,12060,5921,14899,703655750,0,0,0
nr2206,20220218,20220218,112926000,11:29:26,12060,5921,14899,703655750,0,0,0
nr2206,20220218,20220218,112926500,11:29:26,12060,5921,14899,703655750,0,0,0
nr2206,20220218,20220218,112927000,11:29:27,12060,5921,14899,703655750,0,0,0
nr2206,20220218,20220218,112927500,11:29:27,12060,5921,14899,703655750,0,0,0
nr2206,20220218,20220218,112928000,11:29:28,12060,5921,14899,703655750,0,0,0
nr2206,20220218,20220218,112928500,11:29:29,12060,5921,14899,703655750,0,0,0
nr2206,20220218,20220218,112929000,11:29:29,12060,5921,14899,703655750,0,0,0
nr2206,20220218,20220218,112929500,11:29:29,12060,5921,14899,703655750,0,0,0
nr2206,20220218,20220218,112930000,11:29:30,12060,5921,14899,703655750,0,0,0
nr2206,20220218,20220218,112930500,11:29:31,12060,5921,14899,703655750,0,0,0
nr2206,20220218,20220218,112931000,11:29:32,12060,5921,14899,703655750,0,0,0
nr2206,20220218,20220218,112931500,11:29:32,12060,5921,14899,703655750,0,0,0
nr2206,20220218,20220218,112932000,11:29:32,12060,5921,14899,703655750,0,0,0
nr2206,20220218,20220218,112932500,11:29:37,12060,5921,14899,703655750,0,0,0
nr2206,20220218,20220218,112936500,11:29:38,12060,5921,14899,703655750,0,0,0
nr2206,20220218,20220218,112937000,11:29:38,12060,5921,14899,703655750,0,0,0
nr2206,20220218,20220218,112942000,11:29:42,12060,5921,14899,703655750,0,0,0
nr2206,20220218,20220218,112943000,11:29:45,12060,5921,14899,703655750,0,0,0
nr2206,20220218,20220218,112945000,11:29:46,12060,5921,14899,703655750,0,0,0
nr2206,20220218,20220218,112945500,11:29:46,12060,5921,14899,703655750,0,0,0
nr2206,20220218,20220218,112946000,11:29:46,12060,5921,14899,703655750,0,0,0
nr2206,20220218,20220218,112949000,11:29:50,12060,5921,14899,703655750,0,0,0
nr2206,20220218,20220218,112949500,11:29:50,12060,5921,14899,703655750,0,0,0
nr2206,20220218,20220218,112950500,11:29:51,12060,5921,14899,703655750,0,0,0
nr2206,20220218,20220218,112951500,11:29:52,12060,5921,14899,703655750,0,0,0
nr2206,20220218,20220218,112952000,11:29:52,12060,5921,14899,703655750,0,0,0
nr2206,20220218,20220218,112952500,11:29:53,12060,5921,14899,703655750,0,0,0
nr2206,20220218,20220218,112953000,11:29:53,12060,5921,14899,703655750,0,0,0
nr2206,20220218,20220218,112953500,11:29:54,12060,5921,14899,703655750,0,0,0
nr2206,20220218,20220218,112954000,11:29:54,12060,5921,14899,703655750,0,0,0
nr2206,20220218,20220218,112955500,11:29:56,12060,5921,14899,703655750,0,0,0
nr2206,20220218,20220218,112956000,11:30:00,12060,5921,14899,703655750,0,0,0
nr2206,20220218,20220218,112956500,11:30:00,12060,5921,14899,703655750,0,0,0
nr2206,20220218,20220218,112957000,11:30:00,12060,5921,14899,703655750,0,0,0
nr2206,20220218,20220218,112959500,11:30:02,12060,5921,14899,703655750,0,0,0
nr2206,20220218,20220218,113000000,11:30:03,12070,5924,14898,704017850,3,-1,362100
nr2206,20220218,20220218,113001000,11:30:03,12070,5924,14898,704017850,0,0,0
nr2206,20220218,20220218,113001500,11:30:03,12070,5924,14898,704017850,0,0,0
nr2206,20220218,20220218,133002000,13:30:08,12070,5929,14903,704621350,5,5,603500
nr2206,20220218,20220218,133002500,13:30:10,12055,5933,14905,705103550,4,2,482200
nr2206,20220218,20220218,133007500,13:30:10,12055,5933,14905,705103550,0,0,0
nr2206,20220218,20220218,133008500,13:30:10,12055,5933,14905,705103550,0,0,0
nr2206,20220218,20220218,133009500,13:30:10,12055,5933,14905,705103550,0,0,0
nr2206,20220218,20220218,133010000,13:30:11,12055,5933,14905,705103550,0,0,0
nr2206,20220218,20220218,133010500,13:30:12,12055,5933,14905,705103550,0,0,0
nr2206,20220218,20220218,133011000,13:30:13,12055,5933,14905,705103550,0,0,0
nr2206,20220218,20220218,133012500,13:30:13,12060,5956,14911,707877800,23,6,2774250
nr2206,20220218,20220218,133013000,13:30:14,12060,5956,14911,707877800,0,0,0
nr2206,20220218,20220218,133013500,13:30:14,12060,5956,14911,707877800,0,0,0
nr2206,20220218,20220218,133014000,13:30:16,12060,5956,14911,707877800,0,0,0
nr2206,20220218,20220218,133014500,13:30:17,12060,5956,14911,707877800,0,0,0
nr2206,20220218,20220218,133015000,13:30:18,12060,5956,14911,707877800,0,0,0
nr2206,20220218,20220218,133016500,13:30:18,12060,5956,14911,707877800,0,0,0
nr2206,20220218,20220218,133017000,13:30:18,12055,5958,14910,708118900,2,-1,241100
nr2206,20220218,20220218,133017500,13:30:19,12055,5958,14910,708118900,0,0,0
nr2206,20220218,20220218,133018000,13:30:19,12055,5958,14910,708118900,0,0,0
nr2206,20220218,20220218,133018500,13:30:20,12050,5962,14913,708600900,4,3,482000
nr2206,20220218,20220218,133019000,13:30:20,12050,5962,14913,708600900,0,0,0
nr2206,20220218,20220218,133019500,13:30:20,12050,5962,14913,708600900,0,0,0
nr2206,20220218,20220218,133022000,13:30:38,12050,5962,14913,708600900,0,0,0
nr2206,20220218,20220218,133022500,13:30:38,12050,5962,14913,708600900,0,0,0
nr2206,20220218,20220218,133023000,13:30:38,12050,5962,14913,708600900,0,0,0
nr2206,20220218,20220218,133037000,13:30:40,12050,5962,14913,708600900,0,0,0
nr2206,20220218,20220218,133040000,13:30:43,12050,5962,14913,708600900,0,0,0
nr2206,20220218,20220218,133042500,13:30:44,12050,5962,14913,708600900,0,0,0
nr2206,20220218,20220218,133043000,13:30:44,12055,5973,14913,709926750,11,0,1325850
nr2206,20220218,20220218,133043500,13:30:45,12055,5973,14913,709926750,0,0,0
nr2206,20220218,20220218,133044000,13:30:46,12055,5973,14913,709926750,0,0,0
nr2206,20220218,20220218,133044500,13:30:46,12055,5973,14913,709926750,0,0,0
nr2206,20220218,20220218,133046500,13:30:47,12055,5973,14913,709926750,0,0,0
nr2206,20220218,20220218,133047000,13:30:48,12055,5974,14914,710047300,1,1,120550
nr2206,20220218,20220218,133047500,13:30:48,12055,5974,14914,710047300,0,0,0
nr2206,20220218,20220218,133048500,13:30:49,12055,5974,14914,710047300,0,0,0
nr2206,20220218,20220218,133049000,13:30:50,12055,5974,14914,710047300,0,0,0
nr2206,20220218,20220218,133050500,13:30:51,12055,5974,14914,710047300,0,0,0
nr2206,20220218,20220218,133051000,13:30:52,12055,5974,14914,710047300,0,0,0
nr2206,20220218,20220218,133051500,13:30:52,12060,5978,14917,710529700,4,3,482400
nr2206,20220218,20220218,133052000,13:30:53,12060,5978,14917,710529700,0,0,0
nr2206,20220218,20220218,133052500,13:30:54,12060,5978,14917,710529700,0,0,0
nr2206,20220218,20220218,133053000,13:30:54,12060,5978,14917,710529700,0,0,0
nr2206,20220218,20220218,133053500,13:30:54,12060,5978,14917,710529700,0,0,0
nr2206,20220218,20220218,133058000,13:30:58,12060,5978,14917,710529700,0,0,0
nr2206,20220218,20220218,133059000,13:30:59,12060,5980,14916,710770900,2,-1,241200
nr2206,20220218,20220218,133059500,13:30:59,12060,5980,14916,710770900,0,0,0
nr2206,20220218,20220218,133100000,13:31:00,12060,5980,14916,710770900,0,0,0
nr2206,20220218,20220218,133100500,13:31:00,12060,5980,14916,710770900,0,0,0
nr2206,20220218,20220218,133101000,13:31:01,12060,5980,14916,710770900,0,0,0
nr2206,20220218,20220218,133101500,13:31:01,12060,5980,14916,710770900,0,0,0
nr2206,20220218,20220218,133102000,13:31:02,12060,5980,14916,710770900,0,0,0
nr2206,20220218,20220218,133102500,13:31:03,12060,5980,14916,710770900,0,0,0
nr2206,20220218,20220218,133103500,13:31:05,12060,5980,14916,710770900,0,0,0
nr2206,20220218,20220218,133104000,13:31:06,12070,5988,14911,711736150,8,-5,965250
nr2206,20220218,20220218,133104500,13:31:07,12070,5988,14911,711736150,0,0,0
nr2206,20220218,20220218,133105500,13:31:08,12070,5988,14911,711736150,0,0,0
nr2206,20220218,20220218,133107000,13:31:09,12070,5988,14911,711736150,0,0,0
nr2206,20220218,20220218,133107500,13:31:09,12070,5988,14911,711736150,0,0,0
nr2206,20220218,20220218,133108500,13:31:09,12070,5988,14911,711736150,0,0,0
nr2206,20220218,20220218,133109000,13:31:09,12070,5988,14911,711736150,0,0,0
nr2206,20220218,20220218,133109500,13:31:10,12070,5988,14911,711736150,0,0,0
nr2206,20220218,20220218,133110000,13:31:11,12070,5988,14911,711736150,0,0,0
nr2206,20220218,20220218,133110500,13:31:11,12065,5991,14909,712098150,3,-2,362000
nr2206,20220218,20220218,133111000,13:31:11,12065,5991,14909,712098150,0,0,0
nr2206,20220218,20220218,133111500,13:31:12,12065,5992,14909,712218800,1,0,120650
nr2206,20220218,20220218,133112000,13:31:12,12065,5992,14909,712218800,0,0,0
nr2206,20220218,20220218,133112500,13:31:13,12065,5992,14909,712218800,0,0,0
nr2206,20220218,20220218,133113000,13:31:13,12065,5992,14909,712218800,0,0,0
nr2206,20220218,20220218,133113500,13:31:15,12065,5992,14909,712218800,0,0,0
nr2206,20220218,20220218,133114000,13:31:15,12065,5992,14909,712218800,0,0,0
nr2206,20220218,20220218,133114500,13:31:15,12065,5992,14909,712218800,0,0,0
nr2206,20220218,20220218,133115000,13:31:15,12065,5992,14909,712218800,0,0,0
nr2206,20220218,20220218,133116000,13:31:16,12065,5992,14909,712218800,0,0,0
nr2206,20220218,20220218,133116500,13:31:17,12065,5992,14909,712218800,0,0,0
nr2206,20220218,20220218,133117000,13:31:18,12075,5993,14909,712339550,1,0,120750
nr2206,20220218,20220218,133117500,13:31:18,12075,5994,14908,712460300,1,-1,120750
nr2206,20220218,20220218,133118000,13:31:19,12075,5994,14908,712460300,0,0,0
nr2206,20220218,20220218,133118500,13:31:19,12075,5996,14906,712701800,2,-2,241500
nr2206,20220218,20220218,133119000,13:31:20,12075,5996,14906,712701800,0,0,0
nr2206,20220218,20220218,133119500,13:31:20,12075,5996,14906,712701800,0,0,0
nr2206,20220218,20220218,133120000,13:31:20,12075,5996,14906,712701800,0,0,0
nr2206,20220218,20220218,133120500,13:31:21,12075,5996,14906,712701800,0,0,0
nr2206,20220218,20220218,133121000,13:31:21,12075,5996,14906,712701800,0,0,0
nr2206,20220218,20220218,133122000,13:31:23,12075,5996,14906,712701800,0,0,0
nr2206,20220218,20220218,133122500,13:31:25,12075,5996,14906,712701800,0,0,0
nr2206,20220218,20220218,133123000,13:31:25,12075,5996,14906,712701800,0,0,0
nr2206,20220218,20220218,133123500,13:31:25,12075,5996,14906,712701800,0,0,0
nr2206,20220218,20220218,133124000,13:31:25,12075,5996,14906,712701800,0,0,0
nr2206,20220218,20220218,133158000,13:31:58,12075,5996,14906,712701800,0,0,0
nr2206,20220218,20220218,133158500,13:31:58,12075,5996,14906,712701800,0,0,0
nr2206,20220218,20220218,133200500,13:32:01,12075,5996,14906,712701800,0,0,0
nr2206,20220218,20220218,133201000,13:32:01,12075,5996,14906,712701800,0,0,0
nr2206,20220218,20220218,133201500,13:32:01,12075,5996,14906,712701800,0,0,0
nr2206,20220218,20220218,133202000,13:32:03,12075,5996,14906,712701800,0,0,0
nr2206,20220218,20220218,133202500,13:32:04,12075,5996,14906,712701800,0,0,0
nr2206,20220218,20220218,133203000,13:32:05,12075,5996,14906,712701800,0,0,0
nr2206,20220218,20220218,133203500,13:32:05,12075,5996,14906,712701800,0,0,0
nr2206,20220218,20220218,133204000,13:32:05,12075,5996,14906,712701800,0,0,0
nr2206,20220218,20220218,133205000,13:32:06,12075,5996,14906,712701800,0,0,0
nr2206,20220218,20220218,133205500,13:32:06,12075,5996,14906,712701800,0,0,0
nr2206,20220218,20220218,133206000,13:32:07,12075,5996,14906,712701800,0,0,0
nr2206,20220218,20220218,133206500,13:32:07,12075,5996,14906,712701800,0,0,0
nr2206,20220218,20220218,133207000,13:32:07,12075,5996,14906,712701800,0,0,0
nr2206,20220218,20220218,133207500,13:32:07,12075,5996,14906,712701800,0,0,0
nr2206,20220218,20220218,133208500,13:32:10,12075,5996,14906,712701800,0,0,0
nr2206,20220218,20220218,133209000,13:32:10,12070,6020,14910,715598900,24,4,2897100
nr2206,20220218,20220218,133209500,13:32:10,12070,6021,14909,715719600,1,-1,120700
nr2206,20220218,20220218,133210000,13:32:10,12070,6022,14908,715840300,1,-1,120700
nr2206,20220218,20220218,133210500,13:32:13,12070,6022,14908,715840300,0,0,0
nr2206,20220218,20220218,133211000,13:32:14,12070,6024,14907,716081750,2,-1,241450
nr2206,20220218,20220218,133213000,13:32:15,12070,6024,14907,716081750,0,0,0
nr2206,20220218,20220218,133214000,13:32:15,12070,6024,14907,716081750,0,0,0
nr2206,20220218,20220218,133215000,13:32:16,12070,6024,14907,716081750,0,0,0
nr2206,20220218,20220218,133215500,13:32:17,12070,6024,14907,716081750,0,0,0
nr2206,20220218,20220218,133216000,13:32:17,12070,6024,14907,716081750,0,0,0
nr2206,20220218,20220218,133216500,13:32:17,12075,6027,14905,716443950,3,-2,362200
nr2206,20220218,20220218,133217000,13:32:18,12075,6027,14905,716443950,0,0,0
nr2206,20220218,20220218,133217500,13:32:18,12075,6027,14905,716443950,0,0,0
nr2206,20220218,20220218,133218000,13:32:18,12075,6027,14905,716443950,0,0,0
nr2206,20220218,20220218,133218500,13:32:19,12075,6027,14905,716443950,0,0,0
nr2206,20220218,20220218,133219000,13:32:20,12075,6029,14905,716685450,2,0,241500
nr2206,20220218,20220218,133219500,13:32:20,12075,6029,14905,716685450,0,0,0
nr2206,20220218,20220218,133220000,13:32:20,12075,6029,14905,716685450,0,0,0
nr2206,20220218,20220218,133220500,13:32:21,12075,6029,14905,716685450,0,0,0
nr2206,20220218,20220218,133222500,13:32:24,12075,6029,14905,716685450,0,0,0
nr2206,20220218,20220218,133223000,13:32:24,12075,6029,14905,716685450,0,0,0
nr2206,20220218,20220218,133223500,13:32:24,12075,6029,14905,716685450,0,0,0
nr2206,20220218,20220218,133224000,13:32:24,12075,6029,14905,716685450,0,0,0
nr2206,20220218,20220218,133225500,13:32:25,12075,6029,14905,716685450,0,0,0
nr2206,20220218,20220218,133226000,13:32:27,12075,6029,14905,716685450,0,0,0
nr2206,20220218,20220218,133226500,13:32:27,12075,6029,14905,716685450,0,0,0
nr2206,20220218,20220218,133227000,13:32:27,12075,6029,14905,716685450,0,0,0
nr2206,20220218,20220218,133227500,13:32:32,12075,6029,14905,716685450,0,0,0
nr2206,20220218,20220218,133228000,13:32:32,12075,6029,14905,716685450,0,0,0
nr2206,20220218,20220218,133232000,13:32:35,12075,6029,14905,716685450,0,0,0
nr2206,20220218,20220218,133234500,13:32:35,12075,6029,14905,716685450,0,0,0
nr2206,20220218,20220218,133235000,13:32:36,12075,6029,14905,716685450,0,0,0
nr2206,20220218,20220218,133235500,13:32:36,12075,6029,14905,716685450,0,0,0
nr2206,20220218,20220218,133236000,13:32:37,12075,6029,14905,716685450,0,0,0
nr2206,20220218,20220218,133236500,13:32:37,12075,6029,14905,716685450,0,0,0
nr2206,20220218,20220218,133237000,13:32:37,12075,6029,14905,716685450,0,0,0
nr2206,20220218,20220218,133237500,13:32:37,12075,6029,14905,716685450,0,0,0
nr2206,20220218,20220218,133238000,13:32:38,12075,6037,14901,717651550,8,-4,966100
nr2206,20220218,20220218,133238500,13:32:39,12080,6038,14901,717772350,1,0,120800
nr2206,20220218,20220218,133239000,13:32:39,12080,6038,14901,717772350,0,0,0
nr2206,20220218,20220218,133239500,13:32:40,12080,6038,14901,717772350,0,0,0
nr2206,20220218,20220218,133240000,13:32:40,12080,6038,14901,717772350,0,0,0
nr2206,20220218,20220218,133240500,13:32:40,12080,6038,14901,717772350,0,0,0
nr2206,20220218,20220218,133241000,13:32:41,12080,6038,14901,717772350,0,0,0
nr2206,20220218,20220218,133241500,13:32:42,12080,6038,14901,717772350,0,0,0
nr2206,20220218,20220218,133242000,13:32:42,12080,6038,14901,717772350,0,0,0
nr2206,20220218,20220218,133244000,13:32:44,12080,6038,14901,717772350,0,0,0
nr2206,20220218,20220218,133244500,13:32:45,12075,6039,14901,717893100,1,0,120750
nr2206,20220218,20220218,133245000,13:32:45,12075,6039,14901,717893100,0,0,0
nr2206,20220218,20220218,133245500,13:32:45,12075,6039,14901,717893100,0,0,0
nr2206,20220218,20220218,133246000,13:32:47,12075,6039,14901,717893100,0,0,0
nr2206,20220218,20220218,133246500,13:32:47,12075,6039,14901,717893100,0,0,0
nr2206,20220218,20220218,133247500,13:32:48,12075,6039,14901,717893100,0,0,0
nr2206,20220218,20220218,133248000,13:32:48,12075,6039,14901,717893100,0,0,0
nr2206,20220218,20220218,133248500,13:32:49,12075,6039,14901,717893100,0,0,0
nr2206,20220218,20220218,133249000,13:32:49,12075,6041,14901,718134600,2,0,241500
nr2206,20220218,20220218,133249500,13:32:50,12075,6041,14901,718134600,0,0,0
nr2206,20220218,20220218,133250000,13:32:50,12075,6041,14901,718134600,0,0,0
nr2206,20220218,20220218,133250500,13:32:52,12075,6041,14901,718134600,0,0,0
nr2206,20220218,20220218,133251000,13:32:53,12075,6041,14901,718134600,0,0,0
nr2206,20220218,20220218,133253000,13:32:53,12075,6041,14901,718134600,0,0,0
nr2206,20220218,20220218,133256500,13:32:56,12075,6041,14901,718134600,0,0,0
nr2206,20220218,20220218,133259500,13:33:01,12070,6042,14901,718255300,1,0,120700
nr2206,20220218,20220218,133300000,13:33:01,12070,6042,14901,718255300,0,0,0
nr2206,20220218,20220218,133301500,13:33:02,12070,6042,14901,718255300,0,0,0
nr2206,20220218,20220218,133302500,13:33:03,12070,6053,14906,719583000,11,5,1327700
nr2206,20220218,20220218,133303000,13:33:04,12070,6087,14906,723686800,34,0,4103800
nr2206,20220218,20220218,133303500,13:33:04,12070,6087,14906,723686800,0,0,0
nr2206,20220218,20220218,133304000,13:33:04,12070,6087,14906,723686800,0,0,0
nr2206,20220218,20220218,133304500,13:33:05,12070,6087,14906,723686800,0,0,0
nr2206,20220218,20220218,133305000,13:33:05,12070,6087,14906,723686800,0,0,0
nr2206,20220218,20220218,133305500,13:33:06,12070,6087,14906,723686800,0,0,0
nr2206,20220218,20220218,133306000,13:33:06,12070,6087,14906,723686800,0,0,0
nr2206,20220218,20220218,133306500,13:33:06,12070,6087,14906,723686800,0,0,0
nr2206,20220218,20220218,133307000,13:33:07,12070,6087,14906,723686800,0,0,0
nr2206,20220218,20220218,133307500,13:33:08,12070,6087,14906,723686800,0,0,0
nr2206,20220218,20220218,133309000,13:33:09,12070,6087,14906,723686800,0,0,0
nr2206,20220218,20220218,133309500,13:33:10,12070,6087,14906,723686800,0,0,0
nr2206,20220218,20220218,133310000,13:33:11,12075,6088,14905,723807550,1,-1,120750
nr2206,20220218,20220218,133310500,13:33:12,12075,6088,14905,723807550,0,0,0
nr2206,20220218,20220218,133311000,13:33:13,12075,6089,14905,723928300,1,0,120750
nr2206,20220218,20220218,133311500,13:33:14,12075,6089,14905,723928300,0,0,0
nr2206,20220218,20220218,133312000,13:33:14,12075,6089,14905,723928300,0,0,0
nr2206,20220218,20220218,133312500,13:33:14,12075,6089,14905,723928300,0,0,0
nr2206,20220218,20220218,133313000,13:33:15,12075,6089,14905,723928300,0,0,0
nr2206,20220218,20220218,133314000,13:33:17,12075,6089,14905,723928300,0,0,0
nr2206,20220218,20220218,133317000,13:33:18,12075,6089,14905,723928300,0,0,0
nr2206,20220218,20220218,133318000,13:33:19,12075,6089,14905,723928300,0,0,0
nr2206,20220218,20220218,133318500,13:33:19,12075,6089,14905,723928300,0,0,0
nr2206,20220218,20220218,133319000,13:33:20,12075,6089,14905,723928300,0,0,0
nr2206,20220218,20220218,133321500,13:33:22,12075,6089,14905,723928300,0,0,0
nr2206,20220218,20220218,133323000,13:33:23,12075,6089,14905,723928300,0,0,0
nr2206,20220218,20220218,133323500,13:33:24,12075,6089,14905,723928300,0,0,0
nr2206,20220218,20220218,133324000,13:33:24,12075,6089,14905,723928300,0,0,0
nr2206,20220218,20220218,133324500,13:33:25,12075,6089,14905,723928300,0,0,0
nr2206,20220218,20220218,133325000,13:33:26,12075,6089,14905,723928300,0,0,0
nr2206,20220218,20220218,133326000,13:33:28,12075,6089,14905,723928300,0,0,0
nr2206,20220218,20220218,133326500,13:33:29,12075,6089,14905,723928300,0,0,0
nr2206,20220218,20220218,133328500,13:33:30,12075,6089,14905,723928300,0,0,0
nr2206,20220218,20220218,133332000,13:33:32,12075,6089,14905,723928300,0,0,0
nr2206,20220218,20220218,133332500,13:33:33,12075,6089,14905,723928300,0,0,0
nr2206,20220218,20220218,133333000,13:33:33,12075,6089,14905,723928300,0,0,0
nr2206,20220218,20220218,133333500,13:33:33,12075,6089,14905,723928300,0,0,0
nr2206,20220218,20220218,133334000,13:33:34,12075,6089,14905,723928300,0,0,0
nr2206,20220218,20220218,133334500,13:33:34,12075,6089,14905,723928300,0,0,0
nr2206,20220218,20220218,133335500,13:33:35,12075,6089,14905,723928300,0,0,0
nr2206,20220218,20220218,133336000,13:33:36,12075,6089,14905,723928300,0,0,0
nr2206,20220218,20220218,133336500,13:33:36,12075,6089,14905,723928300,0,0,0
nr2206,20220218,20220218,133337000,13:33:37,12075,6089,14905,723928300,0,0,0
nr2206,20220218,20220218,133337500,13:33:37,12070,6096,14904,724773500,7,-1,845200
nr2206,20220218,20220218,133338000,13:33:38,12070,6096,14904,724773500,0,0,0
nr2206,20220218,20220218,133338500,13:33:39,12070,6096,14904,724773500,0,0,0
nr2206,20220218,20220218,133339000,13:33:39,12070,6096,14904,724773500,0,0,0
nr2206,20220218,20220218,133339500,13:33:40,12070,6096,14904,724773500,0,0,0
nr2206,20220218,20220218,133340000,13:33:40,12070,6096,14904,724773500,0,0,0
nr2206,20220218,20220218,133340500,13:33:41,12070,6096,14904,724773500,0,0,0
nr2206,20220218,20220218,133341000,13:33:41,12070,6096,14904,724773500,0,0,0
nr2206,20220218,20220218,133341500,13:33:42,12070,6096,14904,724773500,0,0,0
nr2206,20220218,20220218,133343500,13:33:44,12070,6096,14904,724773500,0,0,0
nr2206,20220218,20220218,133345000,13:33:45,12070,6096,14904,724773500,0,0,0
nr2206,20220218,20220218,133346500,13:33:48,12070,6096,14904,724773500,0,0,0
nr2206,20220218,20220218,133347000,13:33:48,12070,6096,14904,724773500,0,0,0
nr2206,20220218,20220218,133347500,13:33:49,12070,6096,14904,724773500,0,0,0
nr2206,20220218,20220218,133348000,13:33:49,12070,6096,14904,724773500,0,0,0
nr2206,20220218,20220218,133348500,13:33:49,12070,6096,14904,724773500,0,0,0
nr2206,20220218,20220218,133349000,13:33:50,12070,6096,14904,724773500,0,0,0
nr2206,20220218,20220218,133350500,13:33:50,12070,6096,14904,724773500,0,0,0
nr2206,20220218,20220218,133351000,13:33:51,12070,6096,14904,724773500,0,0,0
nr2206,20220218,20220218,133351500,13:33:52,12070,6096,14904,724773500,0,0,0
nr2206,20220218,20220218,133352000,13:33:52,12070,6096,14904,724773500,0,0,0
nr2206,20220218,20220218,133352500,13:33:52,12070,6096,14904,724773500,0,0,0
nr2206,20220218,20220218,133354000,13:33:54,12070,6098,14906,725014900,2,2,241400
nr2206,20220218,20220218,133354500,13:33:55,12070,6098,14906,725014900,0,0,0
nr2206,20220218,20220218,133355000,13:33:56,12070,6098,14906,725014900,0,0,0
nr2206,20220218,20220218,133355500,13:33:56,12070,6098,14906,725014900,0,0,0
nr2206,20220218,20220218,133356000,13:33:57,12070,6098,14906,725014900,0,0,0
nr2206,20220218,20220218,133356500,13:33:57,12070,6098,14906,725014900,0,0,0
nr2206,20220218,20220218,133357000,13:33:57,12070,6098,14906,725014900,0,0,0
nr2206,20220218,20220218,133357500,13:33:58,12070,6098,14906,725014900,0,0,0
nr2206,20220218,20220218,133358000,13:33:58,12070,6098,14906,725014900,0,0,0
nr2206,20220218,20220218,133400500,13:34:01,12070,6098,14906,725014900,0,0,0
nr2206,20220218,20220218,133401000,13:34:01,12070,6098,14906,725014900,0,0,0
nr2206,20220218,20220218,133401500,13:34:02,12070,6098,14906,725014900,0,0,0
nr2206,20220218,20220218,133402000,13:34:10,12070,6098,14906,725014900,0,0,0
nr2206,20220218,20220218,133402500,13:34:10,12070,6098,14906,725014900,0,0,0
nr2206,20220218,20220218,133403000,13:34:10,12070,6098,14906,725014900,0,0,0
nr2206,20220218,20220218,133410000,13:34:12,12065,6112,14911,726704100,14,5,1689200
nr2206,20220218,20220218,133410500,13:34:12,12065,6112,14911,726704100,0,0,0
nr2206,20220218,20220218,133411000,13:34:12,12065,6112,14911,726704100,0,0,0
nr2206,20220218,20220218,133411500,13:34:12,12065,6112,14911,726704100,0,0,0
nr2206,20220218,20220218,133412500,13:34:13,12065,6112,14911,726704100,0,0,0
nr2206,20220218,20220218,133413000,13:34:13,12065,6112,14911,726704100,0,0,0
nr2206,20220218,20220218,133413500,13:34:14,12065,6112,14911,726704100,0,0,0
nr2206,20220218,20220218,133414000,13:34:14,12065,6112,14911,726704100,0,0,0
nr2206,20220218,20220218,133414500,13:34:15,12065,6112,14911,726704100,0,0,0
nr2206,20220218,20220218,133415000,13:34:15,12060,6113,14911,726824700,1,0,120600
nr2206,20220218,20220218,133415500,13:34:16,12060,6113,14911,726824700,0,0,0
nr2206,20220218,20220218,133416000,13:34:16,12060,6113,14911,726824700,0,0,0
nr2206,20220218,20220218,133416500,13:34:17,12060,6113,14911,726824700,0,0,0
nr2206,20220218,20220218,133417000,13:34:17,12060,6113,14911,726824700,0,0,0
nr2206,20220218,20220218,133417500,13:34:17,12060,6113,14911,726824700,0,0,0
nr2206,20220218,20220218,133418000,13:34:18,12065,6114,14911,726945350,1,0,120650
nr2206,20220218,20220218,133418500,13:34:19,12065,6114,14911,726945350,0,0,0
nr2206,20220218,20220218,133419000,13:34:19,12065,6114,14911,726945350,0,0,0
nr2206,20220218,20220218,133419500,13:34:20,12065,6114,14911,726945350,0,0,0
nr2206,20220218,20220218,133420500,13:34:21,12065,6114,14911,726945350,0,0,0
nr2206,20220218,20220218,133421000,13:34:23,12065,6114,14911,726945350,0,0,0
nr2206,20220218,20220218,133423000,13:34:24,12065,6114,14911,726945350,0,0,0
nr2206,20220218,20220218,133423500,13:34:24,12065,6114,14911,726945350,0,0,0
nr2206,20220218,20220218,133424000,13:34:24,12065,6114,14911,726945350,0,0,0
nr2206,20220218,20220218,133424500,13:34:24,12065,6114,14911,726945350,0,0,0
nr2206,20220218,20220218,133425000,13:34:25,12065,6114,14911,726945350,0,0,0
nr2206,20220218,20220218,133425500,13:34:25,12065,6115,14912,727066000,1,1,120650
nr2206,20220218,20220218,133426000,13:34:26,12065,6115,14912,727066000,0,0,0
nr2206,20220218,20220218,133426500,13:34:26,12065,6115,14912,727066000,0,0,0
nr2206,20220218,20220218,133427000,13:34:27,12065,6115,14912,727066000,0,0,0
nr2206,20220218,20220218,133427500,13:34:28,12065,6115,14912,727066000,0,0,0
nr2206,20220218,20220218,133428500,13:34:29,12065,6115,14912,727066000,0,0,0
nr2206,20220218,20220218,133429000,13:34:29,12065,6115,14912,727066000,0,0,0
nr2206,20220218,20220218,133429500,13:34:29,12065,6115,14912,727066000,0,0,0
nr2206,20220218,20220218,133432000,13:34:32,12065,6115,14912,727066000,0,0,0
nr2206,20220218,20220218,133432500,13:34:32,12065,6115,14912,727066000,0,0,0
nr2206,20220218,20220218,133433000,13:34:34,12065,6115,14912,727066000,0,0,0
nr2206,20220218,20220218,133436000,13:34:36,12065,6115,14912,727066000,0,0,0
nr2206,20220218,20220218,133436500,13:34:36,12065,6115,14912,727066000,0,0,0
nr2206,20220218,20220218,133437000,13:34:37,12065,6115,14912,727066000,0,0,0
nr2206,20220218,20220218,133437500,13:34:38,12065,6115,14912,727066000,0,0,0
nr2206,20220218,20220218,133438000,13:34:38,12060,6116,14911,727186600,1,-1,120600
nr2206,20220218,20220218,133438500,13:34:39,12060,6116,14911,727186600,0,0,0
nr2206,20220218,20220218,133439000,13:34:39,12060,6116,14911,727186600,0,0,0
nr2206,20220218,20220218,133439500,13:34:39,12060,6116,14911,727186600,0,0,0
nr2206,20220218,20220218,133441000,13:34:41,12060,6116,14911,727186600,0,0,0
nr2206,20220218,20220218,133441500,13:34:42,12060,6116,14911,727186600,0,0,0
nr2206,20220218,20220218,133442000,13:34:44,12065,6123,14913,728031150,7,2,844550
nr2206,20220218,20220218,133442500,13:34:44,12065,6125,14911,728272450,2,-2,241300
nr2206,20220218,20220218,133443500,13:34:45,12065,6125,14911,728272450,0,0,0
nr2206,20220218,20220218,133444000,13:34:45,12065,6125,14911,728272450,0,0,0
nr2206,20220218,20220218,133445000,13:34:46,12060,6129,14911,728754950,4,0,482500
nr2206,20220218,20220218,133445500,13:34:46,12060,6129,14911,728754950,0,0,0
nr2206,20220218,20220218,133446000,13:34:46,12060,6129,14911,728754950,0,0,0
nr2206,20220218,20220218,133446500,13:34:47,12060,6129,14911,728754950,0,0,0
nr2206,20220218,20220218,133447000,13:34:47,12060,6129,14911,728754950,0,0,0
nr2206,20220218,20220218,133447500,13:34:47,12060,6129,14911,728754950,0,0,0
nr2206,20220218,20220218,133448000,13:34:48,12060,6129,14911,728754950,0,0,0
nr2206,20220218,20220218,133450500,13:34:51,12060,6129,14911,728754950,0,0,0
nr2206,20220218,20220218,133451000,13:34:51,12060,6129,14911,728754950,0,0,0
nr2206,20220218,20220218,133454000,13:34:56,12060,6129,14911,728754950,0,0,0
nr2206,20220218,20220218,133457500,13:34:58,12060,6129,14911,728754950,0,0,0
nr2206,20220218,20220218,133458500,13:34:59,12060,6129,14911,728754950,0,0,0
nr2206,20220218,20220218,133459000,13:34:59,12060,6129,14911,728754950,0,0,0
nr2206,20220218,20220218,133459500,13:35:00,12060,6129,14911,728754950,0,0,0
nr2206,20220218,20220218,133500000,13:35:00,12060,6129,14911,728754950,0,0,0
nr2206,20220218,20220218,133500500,13:35:00,12060,6129,14911,728754950,0,0,0
nr2206,20220218,20220218,133501000,13:35:04,12060,6129,14911,728754950,0,0,0
nr2206,20220218,20220218,133501500,13:35:05,12060,6129,14911,728754950,0,0,0
nr2206,20220218,20220218,133502000,13:35:10,12060,6129,14911,728754950,0,0,0
nr2206,20220218,20220218,133504500,13:35:10,12060,6129,14911,728754950,0,0,0
nr2206,20220218,20220218,133507500,13:35:11,12060,6129,14911,728754950,0,0,0
nr2206,20220218,20220218,133511000,13:35:11,12060,6129,14911,728754950,0,0,0
nr2206,20220218,20220218,133514500,13:35:15,12060,6129,14911,728754950,0,0,0
nr2206,20220218,20220218,133518000,13:35:18,12060,6129,14911,728754950,0,0,0
nr2206,20220218,20220218,133520500,13:35:21,12060,6129,14911,728754950,0,0,0
nr2206,20220218,20220218,133521000,13:35:21,12060,6129,14911,728754950,0,0,0
nr2206,20220218,20220218,133521500,13:35:22,12060,6129,14911,728754950,0,0,0
nr2206,20220218,20220218,133522000,13:35:22,12060,6129,14911,728754950,0,0,0
nr2206,20220218,20220218,133522500,13:35:23,12065,6150,14900,731288250,21,-11,2533300
nr2206,20220218,20220218,133523000,13:35:23,12065,6150,14900,731288250,0,0,0
nr2206,20220218,20220218,133523500,13:35:23,12065,6150,14900,731288250,0,0,0
nr2206,20220218,20220218,133524000,13:35:25,12065,6150,14900,731288250,0,0,0
nr2206,20220218,20220218,133524500,13:35:25,12065,6150,14900,731288250,0,0,0
nr2206,20220218,20220218,133525000,13:35:26,12065,6150,14900,731288250,0,0,0
nr2206,20220218,20220218,133525500,13:35:26,12065,6150,14900,731288250,0,0,0
nr2206,20220218,20220218,133526000,13:35:26,12065,6150,14900,731288250,0,0,0
nr2206,20220218,20220218,133526500,13:35:27,12065,6150,14900,731288250,0,0,0
nr2206,20220218,20220218,133531000,13:35:33,12065,6150,14900,731288250,0,0,0
nr2206,20220218,20220218,133540500,13:35:43,12065,6150,14900,731288250,0,0,0
nr2206,20220218,20220218,133542000,13:35:44,12070,6156,14897,732012400,6,-3,724150
nr2206,20220218,20220218,133542500,13:35:44,12065,6157,14896,732133050,1,-1,120650
nr2206,20220218,20220218,133543500,13:35:44,12070,6158,14895,732253750,1,-1,120700
nr2206,20220218,20220218,133544000,13:35:45,12070,6158,14895,732253750,0,0,0
nr2206,20220218,20220218,133544500,13:35:45,12070,6158,14895,732253750,0,0,0
nr2206,20220218,20220218,133545000,13:35:46,12070,6158,14895,732253750,0,0,0
nr2206,20220218,20220218,133545500,13:35:46,12070,6158,14895,732253750,0,0,0
nr2206,20220218,20220218,133546000,13:35:46,12070,6158,14895,732253750,0,0,0
nr2206,20220218,20220218,133546500,13:35:46,12070,6158,14895,732253750,0,0,0
nr2206,20220218,20220218,133547000,13:35:47,12070,6158,14895,732253750,0,0,0
nr2206,20220218,20220218,133547500,13:35:48,12070,6158,14895,732253750,0,0,0
nr2206,20220218,20220218,133551000,13:35:51,12070,6158,14895,732253750,0,0,0
nr2206,20220218,20220218,133551500,13:35:51,12070,6158,14895,732253750,0,0,0
nr2206,20220218,20220218,133552000,13:35:52,12070,6158,14895,732253750,0,0,0
nr2206,20220218,20220218,133552500,13:35:52,12070,6158,14895,732253750,0,0,0
nr2206,20220218,20220218,133553000,13:35:55,12070,6158,14895,732253750,0,0,0
nr2206,20220218,20220218,133554500,13:35:55,12070,6158,14895,732253750,0,0,0
nr2206,20220218,20220218,133555500,13:35:56,12070,6158,14895,732253750,0,0,0
nr2206,20220218,20220218,133556000,13:35:56,12070,6158,14895,732253750,0,0,0
nr2206,20220218,20220218,133556500,13:35:57,12070,6158,14895,732253750,0,0,0
nr2206,20220218,20220218,133557500,13:36:01,12070,6158,14895,732253750,0,0,0
nr2206,20220218,20220218,133558000,13:36:01,12070,6158,14895,732253750,0,0,0
nr2206,20220218,20220218,133559500,13:36:03,12070,6158,14895,732253750,0,0,0
nr2206,20220218,20220218,133601500,13:36:03,12070,6158,14895,732253750,0,0,0
nr2206,20220218,20220218,133602500,13:36:04,12070,6158,14895,732253750,0,0,0
nr2206,20220218,20220218,133603000,13:36:05,12070,6158,14895,732253750,0,0,0
nr2206,20220218,20220218,133603500,13:36:05,12070,6158,14895,732253750,0,0,0
nr2206,20220218,20220218,133604000,13:36:06,12070,6158,14895,732253750,0,0,0
nr2206,20220218,20220218,133605500,13:36:07,12070,6158,14895,732253750,0,0,0
nr2206,20220218,20220218,133606000,13:36:07,12070,6158,14895,732253750,0,0,0
nr2206,20220218,20220218,133606500,13:36:07,12070,6158,14895,732253750,0,0,0
nr2206,20220218,20220218,133607000,13:36:08,12070,6158,14895,732253750,0,0,0
nr2206,20220218,20220218,133607500,13:36:08,12070,6158,14895,732253750,0,0,0
nr2206,20220218,20220218,133608000,13:36:08,12070,6158,14895,732253750,0,0,0
nr2206,20220218,20220218,133608500,13:36:08,12070,6158,14895,732253750,0,0,0
nr2206,20220218,20220218,133609000,13:36:09,12070,6158,14895,732253750,0,0,0
nr2206,20220218,20220218,133609500,13:36:10,12070,6158,14895,732253750,0,0,0
nr2206,20220218,20220218,133610500,13:36:11,12070,6158,14895,732253750,0,0,0
nr2206,20220218,20220218,133611000,13:36:11,12070,6158,14895,732253750,0,0,0
nr2206,20220218,20220218,133613000,13:36:13,12070,6158,14895,732253750,0,0,0
nr2206,20220218,20220218,133615000,13:36:15,12070,6159,14896,732374450,1,1,120700
nr2206,20220218,20220218,133615500,13:36:15,12070,6159,14896,732374450,0,0,0
nr2206,20220218,20220218,133616000,13:36:16,12070,6159,14896,732374450,0,0,0
nr2206,20220218,20220218,133616500,13:36:17,12070,6159,14896,732374450,0,0,0
nr2206,20220218,20220218,133619000,13:36:19,12070,6159,14896,732374450,0,0,0
nr2206,20220218,20220218,133619500,13:36:20,12070,6159,14896,732374450,0,0,0
nr2206,20220218,20220218,133620000,13:36:20,12070,6159,14896,732374450,0,0,0
nr2206,20220218,20220218,133620500,13:36:20,12070,6159,14896,732374450,0,0,0
nr2206,20220218,20220218,133621500,13:36:21,12070,6159,14896,732374450,0,0,0
nr2206,20220218,20220218,133622000,13:36:22,12070,6159,14896,732374450,0,0,0
nr2206,20220218,20220218,133622500,13:36:22,12070,6159,14896,732374450,0,0,0
nr2206,20220218,20220218,133623500,13:36:23,12070,6159,14896,732374450,0,0,0
nr2206,20220218,20220218,133625000,13:36:25,12070,6159,14896,732374450,0,0,0
nr2206,20220218,20220218,133625500,13:36:26,12075,6161,14895,732615950,2,-1,241500
nr2206,20220218,20220218,133626000,13:36:26,12075,6162,14896,732736700,1,1,120750
nr2206,20220218,20220218,133626500,13:36:27,12075,6162,14896,732736700,0,0,0
nr2206,20220218,20220218,133627000,13:36:27,12075,6162,14896,732736700,0,0,0
nr2206,20220218,20220218,133627500,13:36:28,12075,6162,14896,732736700,0,0,0
nr2206,20220218,20220218,133628000,13:36:28,12075,6162,14896,732736700,0,0,0
nr2206,20220218,20220218,133628500,13:36:29,12075,6162,14896,732736700,0,0,0
nr2206,20220218,20220218,133629000,13:36:30,12075,6162,14896,732736700,0,0,0
nr2206,20220218,20220218,133630500,13:36:31,12070,6173,14894,734064400,11,-2,1327700
nr2206,20220218,20220218,133631000,13:36:31,12070,6178,14893,734667900,5,-1,603500
nr2206,20220218,20220218,133631500,13:36:31,12070,6178,14893,734667900,0,0,0
nr2206,20220218,20220218,133632000,13:36:32,12070,6178,14893,734667900,0,0,0
nr2206,20220218,20220218,133632500,13:36:33,12070,6178,14893,734667900,0,0,0
nr2206,20220218,20220218,133633000,13:36:33,12070,6178,14893,734667900,0,0,0
nr2206,20220218,20220218,133633500,13:36:33,12070,6178,14893,734667900,0,0,0
nr2206,20220218,20220218,133634500,13:36:35,12070,6178,14893,734667900,0,0,0
nr2206,20220218,20220218,133635000,13:36:35,12070,6178,14893,734667900,0,0,0
nr2206,20220218,20220218,133635500,13:36:36,12070,6178,14893,734667900,0,0,0
nr2206,20220218,20220218,133636000,13:36:36,12070,6178,14893,734667900,0,0,0
nr2206,20220218,20220218,133636500,13:36:36,12070,6178,14893,734667900,0,0,0
nr2206,20220218,20220218,133637000,13:36:38,12070,6178,14893,734667900,0,0,0
nr2206,20220218,20220218,133638500,13:36:39,12070,6178,14893,734667900,0,0,0
nr2206,20220218,20220218,133642000,13:36:42,12070,6178,14893,734667900,0,0,0
nr2206,20220218,20220218,133645500,13:36:46,12070,6178,14893,734667900,0,0,0
nr2206,20220218,20220218,133646500,13:36:46,12070,6178,14893,734667900,0,0,0
nr2206,20220218,20220218,133647000,13:36:47,12070,6178,14893,734667900,0,0,0
nr2206,20220218,20220218,133647500,13:36:48,12070,6178,14893,734667900,0,0,0
nr2206,20220218,20220218,133648000,13:36:48,12070,6178,14893,734667900,0,0,0
nr2206,20220218,20220218,133648500,13:36:48,12070,6178,14893,734667900,0,0,0
nr2206,20220218,20220218,133649000,13:36:49,12070,6178,14893,734667900,0,0,0
nr2206,20220218,20220218,133649500,13:36:49,12070,6178,14893,734667900,0,0,0
nr2206,20220218,20220218,133650000,13:36:50,12070,6178,14893,734667900,0,0,0
nr2206,20220218,20220218,133652500,13:36:53,12070,6178,14893,734667900,0,0,0
nr2206,20220218,20220218,133656000,13:36:56,12070,6178,14893,734667900,0,0,0
nr2206,20220218,20220218,133659500,13:36:59,12070,6178,14893,734667900,0,0,0
nr2206,20220218,20220218,133701000,13:37:01,12070,6178,14893,734667900,0,0,0
nr2206,20220218,20220218,133701500,13:37:02,12070,6178,14893,734667900,0,0,0
nr2206,20220218,20220218,133703000,13:37:03,12070,6178,14893,734667900,0,0,0
nr2206,20220218,20220218,133704000,13:37:04,12070,6178,14893,734667900,0,0,0
nr2206,20220218,20220218,133706500,13:37:08,12070,6178,14893,734667900,0,0,0
nr2206,20220218,20220218,133710000,13:37:11,12075,6179,14893,734788650,1,0,120750
nr2206,20220218,20220218,133710500,13:37:11,12075,6179,14893,734788650,0,0,0
nr2206,20220218,20220218,133711000,13:37:12,12075,6179,14893,734788650,0,0,0
nr2206,20220218,20220218,133711500,13:37:13,12075,6179,14893,734788650,0,0,0
nr2206,20220218,20220218,133712000,13:37:13,12075,6187,14890,735754650,8,-3,966000
nr2206,20220218,20220218,133712500,13:37:13,12075,6187,14890,735754650,0,0,0
nr2206,20220218,20220218,133713000,13:37:14,12075,6187,14890,735754650,0,0,0
nr2206,20220218,20220218,133713500,13:37:14,12075,6188,14889,735875400,1,-1,120750
nr2206,20220218,20220218,133714000,13:37:14,12075,6188,14889,735875400,0,0,0
nr2206,20220218,20220218,133714500,13:37:15,12075,6188,14889,735875400,0,0,0
nr2206,20220218,20220218,133715000,13:37:15,12075,6190,14887,736116900,2,-2,241500
nr2206,20220218,20220218,133715500,13:37:16,12075,6190,14887,736116900,0,0,0
nr2206,20220218,20220218,133716000,13:37:16,12075,6190,14887,736116900,0,0,0
nr2206,20220218,20220218,133716500,13:37:17,12075,6190,14887,736116900,0,0,0
nr2206,20220218,20220218,133717000,13:37:17,12075,6190,14887,736116900,0,0,0
nr2206,20220218,20220218,133717500,13:37:18,12075,6190,14887,736116900,0,0,0
nr2206,20220218,20220218,133718000,13:37:18,12075,6190,14887,736116900,0,0,0
nr2206,20220218,20220218,133718500,13:37:19,12075,6190,14887,736116900,0,0,0
nr2206,20220218,20220218,133719000,13:37:19,12075,6190,14887,736116900,0,0,0
nr2206,20220218,20220218,133720000,13:37:21,12075,6190,14887,736116900,0,0,0
nr2206,20220218,20220218,133720500,13:37:21,12075,6190,14887,736116900,0,0,0
nr2206,20220218,20220218,133722500,13:37:23,12075,6190,14887,736116900,0,0,0
nr2206,20220218,20220218,133723500,13:37:23,12075,6190,14887,736116900,0,0,0
nr2206,20220218,20220218,133724000,13:37:24,12075,6190,14887,736116900,0,0,0
nr2206,20220218,20220218,133724500,13:37:25,12075,6190,14887,736116900,0,0,0
nr2206,20220218,20220218,133725000,13:37:25,12075,6190,14887,736116900,0,0,0
nr2206,20220218,20220218,133726000,13:37:26,12075,6190,14887,736116900,0,0,0
nr2206,20220218,20220218,133726500,13:37:27,12075,6190,14887,736116900,0,0,0
nr2206,20220218,20220218,133728000,13:37:28,12075,6190,14887,736116900,0,0,0
nr2206,20220218,20220218,133728500,13:37:28,12075,6190,14887,736116900,0,0,0
nr2206,20220218,20220218,133729500,13:37:30,12075,6190,14887,736116900,0,0,0
nr2206,20220218,20220218,133730000,13:37:30,12075,6191,14887,736237650,1,0,120750
nr2206,20220218,20220218,133730500,13:37:31,12075,6192,14887,736358400,1,0,120750
nr2206,20220218,20220218,133731000,13:37:31,12075,6192,14887,736358400,0,0,0
nr2206,20220218,20220218,133731500,13:37:31,12075,6192,14887,736358400,0,0,0
nr2206,20220218,20220218,133732000,13:37:32,12075,6192,14887,736358400,0,0,0
nr2206,20220218,20220218,133732500,13:37:33,12075,6192,14887,736358400,0,0,0
nr2206,20220218,20220218,133733000,13:37:33,12075,6192,14887,736358400,0,0,0
nr2206,20220218,20220218,133733500,13:37:33,12075,6192,14887,736358400,0,0,0
nr2206,20220218,20220218,133734000,13:37:34,12075,6192,14887,736358400,0,0,0
nr2206,20220218,20220218,133734500,13:37:34,12075,6192,14887,736358400,0,0,0
nr2206,20220218,20220218,133735000,13:37:35,12075,6192,14887,736358400,0,0,0
nr2206,20220218,20220218,133735500,13:37:36,12075,6192,14887,736358400,0,0,0
nr2206,20220218,20220218,133736000,13:37:36,12075,6192,14887,736358400,0,0,0
nr2206,20220218,20220218,133738000,13:37:39,12075,6192,14887,736358400,0,0,0
nr2206,20220218,20220218,133741500,13:37:42,12075,6192,14887,736358400,0,0,0
nr2206,20220218,20220218,133743500,13:37:44,12075,6192,14887,736358400,0,0,0
nr2206,20220218,20220218,133744000,13:37:45,12075,6192,14887,736358400,0,0,0
nr2206,20220218,20220218,133744500,13:37:45,12075,6192,14887,736358400,0,0,0
nr2206,20220218,20220218,133745000,13:37:45,12075,6192,14887,736358400,0,0,0
nr2206,20220218,20220218,133745500,13:37:45,12075,6192,14887,736358400,0,0,0
nr2206,20220218,20220218,133746000,13:37:46,12075,6192,14887,736358400,0,0,0
nr2206,20220218,20220218,133746500,13:37:47,12075,6192,14887,736358400,0,0,0
nr2206,20220218,20220218,133748000,13:37:48,12075,6192,14887,736358400,0,0,0
nr2206,20220218,20220218,133748500,13:37:49,12075,6192,14887,736358400,0,0,0
nr2206,20220218,20220218,133749000,13:37:49,12075,6192,14887,736358400,0,0,0
nr2206,20220218,20220218,133752000,13:37:53,12075,6192,14887,736358400,0,0,0
nr2206,20220218,20220218,133753000,13:37:54,12075,6192,14887,736358400,0,0,0
nr2206,20220218,20220218,133753500,13:37:55,12075,6192,14887,736358400,0,0,0
nr2206,20220218,20220218,133754000,13:37:55,12075,6192,14887,736358400,0,0,0
nr2206,20220218,20220218,133754500,13:37:55,12075,6192,14887,736358400,0,0,0
nr2206,20220218,20220218,133755500,13:37:55,12075,6192,14887,736358400,0,0,0
nr2206,20220218,20220218,133756000,13:37:56,12075,6192,14887,736358400,0,0,0
nr2206,20220218,20220218,133756500,13:37:57,12075,6192,14887,736358400,0,0,0
nr2206,20220218,20220218,133758000,13:37:58,12075,6192,14887,736358400,0,0,0
nr2206,20220218,20220218,133758500,13:37:59,12075,6192,14887,736358400,0,0,0
nr2206,20220218,20220218,133759000,13:38:00,12075,6192,14887,736358400,0,0,0
nr2206,20220218,20220218,133759500,13:38:00,12075,6192,14887,736358400,0,0,0
nr2206,20220218,20220218,133800000,13:38:02,12075,6192,14887,736358400,0,0,0
nr2206,20220218,20220218,133800500,13:38:02,12075,6192,14887,736358400,0,0,0
nr2206,20220218,20220218,133801000,13:38:03,12075,6192,14887,736358400,0,0,0
nr2206,20220218,20220218,133802000,13:38:04,12075,6192,14887,736358400,0,0,0
nr2206,20220218,20220218,133802500,13:38:05,12075,6192,14887,736358400,0,0,0
nr2206,20220218,20220218,133803000,13:38:06,12075,6192,14887,736358400,0,0,0
nr2206,20220218,20220218,133803500,13:38:06,12075,6192,14887,736358400,0,0,0
nr2206,20220218,20220218,133805000,13:38:06,12075,6192,14887,736358400,0,0,0
nr2206,20220218,20220218,133806000,13:38:09,12075,6192,14887,736358400,0,0,0
nr2206,20220218,20220218,133806500,13:38:09,12075,6192,14887,736358400,0,0,0
nr2206,20220218,20220218,133807000,13:38:09,12075,6192,14887,736358400,0,0,0
nr2206,20220218,20220218,133809000,13:38:09,12075,6192,14887,736358400,0,0,0
nr2206,20220218,20220218,133809500,13:38:10,12075,6192,14887,736358400,0,0,0
nr2206,20220218,20220218,133810000,13:38:10,12075,6192,14887,736358400,0,0,0
nr2206,20220218,20220218,133811500,13:38:14,12075,6192,14887,736358400,0,0,0
nr2206,20220218,20220218,133812000,13:38:14,12075,6192,14887,736358400,0,0,0
nr2206,20220218,20220218,133812500,13:38:14,12075,6192,14887,736358400,0,0,0
nr2206,20220218,20220218,133813500,13:38:15,12075,6192,14887,736358400,0,0,0
nr2206,20220218,20220218,133814500,13:38:17,12075,6192,14887,736358400,0,0,0
nr2206,20220218,20220218,133815000,13:38:17,12070,6193,14888,736479100,1,1,120700
nr2206,20220218,20220218,133815500,13:38:17,12075,6194,14888,736599850,1,0,120750
nr2206,20220218,20220218,133816500,13:38:18,12075,6194,14888,736599850,0,0,0
nr2206,20220218,20220218,133819500,13:38:20,12075,6194,14888,736599850,0,0,0
nr2206,20220218,20220218,133820000,13:38:22,12075,6194,14888,736599850,0,0,0
nr2206,20220218,20220218,133820500,13:38:22,12075,6194,14888,736599850,0,0,0
nr2206,20220218,20220218,133821000,13:38:22,12075,6195,14887,736720600,1,-1,120750
nr2206,20220218,20220218,133821500,13:38:23,12075,6195,14887,736720600,0,0,0
nr2206,20220218,20220218,133822000,13:38:23,12075,6195,14887,736720600,0,0,0
nr2206,20220218,20220218,133825000,13:38:41,12075,6195,14887,736720600,0,0,0
nr2206,20220218,20220218,133825500,13:38:42,12075,6195,14887,736720600,0,0,0
nr2206,20220218,20220218,133840500,13:38:43,12075,6195,14887,736720600,0,0,0
nr2206,20220218,20220218,133841000,13:38:43,12075,6195,14887,736720600,0,0,0
nr2206,20220218,20220218,133843500,13:38:43,12075,6195,14887,736720600,0,0,0
nr2206,20220218,20220218,133845500,13:38:45,12080,6216,14881,739257400,21,-6,2536800
nr2206,20220218,20220218,133846000,13:38:46,12080,6217,14880,739378200,1,-1,120800
nr2206,20220218,20220218,133847000,13:38:47,12080,6217,14880,739378200,0,0,0
nr2206,20220218,20220218,133849500,13:38:49,12080,6217,14880,739378200,0,0,0
nr2206,20220218,20220218,133858000,13:38:58,12080,6218,14880,739499000,1,0,120800
nr2206,20220218,20220218,133900500,13:39:01,12075,6226,14880,740465000,8,0,966000
nr2206,20220218,20220218,133901500,13:39:01,12075,6226,14880,740465000,0,0,0
nr2206,20220218,20220218,133902000,13:39:02,12075,6226,14880,740465000,0,0,0
nr2206,20220218,20220218,133903500,13:39:03,12075,6226,14880,740465000,0,0,0
nr2206,20220218,20220218,133907000,13:39:07,12075,6235,14882,741551750,9,2,1086750
nr2206,20220218,20220218,133908000,13:39:08,12075,6235,14882,741551750,0,0,0
nr2206,20220218,20220218,133909000,13:39:09,12075,6235,14882,741551750,0,0,0
nr2206,20220218,20220218,133910500,13:39:10,12075,6236,14883,741672500,1,1,120750
nr2206,20220218,20220218,133912000,13:39:12,12075,6236,14883,741672500,0,0,0
nr2206,20220218,20220218,133913500,13:39:13,12075,6236,14883,741672500,0,0,0
nr2206,20220218,20220218,133914000,13:39:15,12080,6240,14881,742155700,4,-2,483200
nr2206,20220218,20220218,133914500,13:39:16,12080,6243,14879,742518100,3,-2,362400
nr2206,20220218,20220218,133915000,13:39:19,12080,6243,14879,742518100,0,0,0
nr2206,20220218,20220218,133918000,13:39:19,12080,6243,14879,742518100,0,0,0
nr2206,20220218,20220218,133919000,13:39:19,12075,6255,14879,743967150,12,0,1449050
nr2206,20220218,20220218,133920000,13:39:20,12075,6255,14879,743967150,0,0,0
nr2206,20220218,20220218,133922000,13:39:22,12075,6255,14879,743967150,0,0,0
nr2206,20220218,20220218,133922500,13:39:23,12075,6255,14879,743967150,0,0,0
nr2206,20220218,20220218,133924000,13:39:24,12075,6255,14879,743967150,0,0,0
nr2206,20220218,20220218,133924500,13:39:24,12075,6255,14879,743967150,0,0,0
nr2206,20220218,20220218,133925000,13:39:25,12075,6255,14879,743967150,0,0,0
nr2206,20220218,20220218,133927000,13:39:27,12075,6255,14879,743967150,0,0,0
nr2206,20220218,20220218,133928500,13:39:28,12075,6255,14879,743967150,0,0,0
nr2206,20220218,20220218,133929000,13:39:29,12075,6261,14882,744691650,6,3,724500
nr2206,20220218,20220218,133931000,13:39:31,12075,6261,14882,744691650,0,0,0
nr2206,20220218,20220218,133932500,13:39:33,12075,6264,14880,745053900,3,-2,362250
nr2206,20220218,20220218,133933500,13:39:33,12075,6265,14880,745174650,1,0,120750
nr2206,20220218,20220218,133935000,13:39:35,12075,6265,14880,745174650,0,0,0
nr2206,20220218,20220218,133936000,13:39:36,12075,6265,14880,745174650,0,0,0
nr2206,20220218,20220218,133937500,13:39:37,12075,6265,14880,745174650,0,0,0
nr2206,20220218,20220218,133938000,13:39:38,12075,6265,14880,745174650,0,0,0
nr2206,20220218,20220218,133940500,13:39:41,12075,6265,14880,745174650,0,0,0
nr2206,20220218,20220218,133941500,13:39:41,12080,6266,14881,745295450,1,1,120800
nr2206,20220218,20220218,133944000,13:39:44,12080,6266,14881,745295450,0,0,0
nr2206,20220218,20220218,133944500,13:39:45,12080,6266,14881,745295450,0,0,0
nr2206,20220218,20220218,133945000,13:39:45,12080,6266,14881,745295450,0,0,0
nr2206,20220218,20220218,133945500,13:39:46,12080,6266,14881,745295450,0,0,0
nr2206,20220218,20220218,133946000,13:39:47,12080,6266,14881,745295450,0,0,0
nr2206,20220218,20220218,133948500,13:39:48,12080,6266,14881,745295450,0,0,0
nr2206,20220218,20220218,133949000,13:39:49,12080,6266,14881,745295450,0,0,0
nr2206,20220218,20220218,133949500,13:39:50,12080,6266,14881,745295450,0,0,0
nr2206,20220218,20220218,133953000,13:39:54,12080,6266,14881,745295450,0,0,0
nr2206,20220218,20220218,133954500,13:39:55,12080,6266,14881,745295450,0,0,0
