sc2204,20220218,20220218,112003000,11:20:09,564.4,181707,50781,102557850400,181707,1379,102557850400
sc2204,20220218,20220218,112004500,11:20:10,564.4,181707,50781,102557850400,0,0,0
sc2204,20220218,20220218,112006000,11:20:10,564.6,181714,50781,102561801700,7,0,3951300
sc2204,20220218,20220218,112006500,11:20:10,564.6,181714,50781,102561801700,0,0,0
sc2204,20220218,20220218,112007000,11:20:10,564.5,181715,50781,102562366200,1,0,564500
sc2204,20220218,20220218,112007500,11:20:10,564.5,181716,50782,102562930700,1,1,564500
sc2204,20220218,20220218,112008000,11:20:10,564.5,181716,50782,102562930700,0,0,0
sc2204,20220218,20220218,112008500,11:20:10,564.5,181716,50782,102562930700,0,0,0
sc2204,20220218,20220218,112009000,11:20:10,564.5,181716,50782,102562930700,0,0,0
sc2204,20220218,20220218,112010000,11:20:10,564.5,181716,50782,102562930700,0,0,0
sc2204,20220218,20220218,112010500,11:20:10,564.5,181716,50782,102562930700,0,0,0
sc2204,20220218,20220218,112011000,11:20:11,564.5,181716,50782,102562930700,0,0,0
sc2204,20220218,20220218,112011500,11:20:12,564.5,181716,50782,102562930700,0,0,0
sc2204,20220218,20220218,112012000,11:20:12,564.6,181717,50782,102563495300,1,0,564600
sc2204,20220218,20220218,112012500,11:20:12,564.5,181718,50782,102564059800,1,0,564500
sc2204,20220218,20220218,112013000,11:20:13,564.5,181718,50782,102564059800,0,0,0
sc2204,20220218,20220218,112013500,11:20:13,564.5,181718,50782,102564059800,0,0,0
sc2204,20220218,20220218,112014000,11:20:14,564.5,181718,50782,102564059800,0,0,0
sc2204,20220218,20220218,112014500,11:20:14,564.5,181718,50782,102564059800,0,0,0
sc2204,20220218,20220218,112015000,11:20:15,564.5,181718,50782,102564059800,0,0,0
sc2204,20220218,20220218,112015500,11:20:16,564.5,181718,50782,102564059800,0,0,0
sc2204,20220218,20220218,112016000,11:20:16,564.5,181718,50782,102564059800,0,0,0
sc2204,20220218,20220218,112016500,11:20:16,564.5,181718,50782,102564059800,0,0,0
sc2204,20220218,20220218,112017000,11:20:17,564.5,181718,50782,102564059800,0,0,0
sc2204,20220218,20220218,112017500,11:20:17,564.5,181718,50782,102564059800,0,0,0
sc2204,20220218,20220218,112018000,11:20:18,564.5,181718,50782,102564059800,0,0,0
sc2204,20220218,20220218,112018500,11:20:18,564.5,181718,50782,102564059800,0,0,0
sc2204,20220218,20220218,112019000,11:20:19,564.5,181718,50782,102564059800,0,0,0
sc2204,20220218,20220218,112019500,11:20:20,564.5,181718,50782,102564059800,0,0,0
sc2204,20220218,20220218,112020000,11:20:20,564.5,181718,50782,102564059800,0,0,0
sc2204,20220218,20220218,112020500,11:20:20,564.5,181718,50782,102564059800,0,0,0
sc2204,20220218,20220218,112021000,11:20:21,564.5,181718,50782,102564059800,0,0,0
sc2204,20220218,20220218,112021500,11:20:21,564.5,181718,50782,102564059800,0,0,0
sc2204,20220218,20220218,112022000,11:20:22,564.5,181730,50779,102570833800,12,-3,6774000
sc2204,20220218,20220218,112022500,11:20:23,564.5,181733,50776,102572527300,3,-3,1693500
sc2204,20220218,20220218,112023000,11:20:23,564.5,181733,50776,102572527300,0,0,0
sc2204,20220218,20220218,112023500,11:20:23,564.5,181733,50776,102572527300,0,0,0
sc2204,20220218,20220218,112024000,11:20:24,564.5,181733,50776,102572527300,0,0,0
sc2204,20220218,20220218,112024500,11:20:24,564.5,181733,50776,102572527300,0,0,0
sc2204,20220218,20220218,112025000,11:20:25,564.5,181733,50776,102572527300,0,0,0
sc2204,20220218,20220218,112025500,11:20:26,564.5,181733,50776,102572527300,0,0,0
sc2204,20220218,20220218,112026000,11:20:26,564.5,181733,50776,102572527300,0,0,0
sc2204,20220218,20220218,112026500,11:20:26,564.5,181733,50776,102572527300,0,0,0
sc2204,20220218,20220218,112027000,11:20:27,564.5,181733,50776,102572527300,0,0,0
sc2204,20220218,20220218,112027500,11:20:28,564.5,181733,50776,102572527300,0,0,0
sc2204,20220218,20220218,112028000,11:20:28,564.5,181733,50776,102572527300,0,0,0
sc2204,20220218,20220218,112028500,11:20:28,564.5,181733,50776,102572527300,0,0,0
sc2204,20220218,20220218,112029000,11:20:29,564.5,181733,50776,102572527300,0,0,0
sc2204,20220218,20220218,112029500,11:20:31,564.4,181734,50777,102573091700,1,1,564400
sc2204,20220218,20220218,112030000,11:20:31,564.4,181734,50777,102573091700,0,0,0
sc2204,20220218,20220218,112030500,11:20:31,564.4,181734,50777,102573091700,0,0,0
sc2204,20220218,20220218,112031000,11:20:32,564.4,181734,50777,102573091700,0,0,0
sc2204,20220218,20220218,112031500,11:20:32,564.4,181741,50776,102577042500,7,-1,3950800
sc2204,20220218,20220218,112032000,11:20:32,564.4,181743,50775,102578171300,2,-1,1128800
sc2204,20220218,20220218,112032500,11:20:32,564.4,181747,50771,102580428900,4,-4,2257600
sc2204,20220218,20220218,112033000,11:20:33,564.4,181747,50771,102580428900,0,0,0
sc2204,20220218,20220218,112033500,11:20:33,564.4,181747,50771,102580428900,0,0,0
sc2204,20220218,20220218,112034000,11:20:34,564.4,181747,50771,102580428900,0,0,0
sc2204,20220218,20220218,112034500,11:20:34,564.4,181747,50771,102580428900,0,0,0
sc2204,20220218,20220218,112035000,11:20:35,564.3,181748,50771,102580993200,1,0,564300
sc2204,20220218,20220218,112035500,11:20:35,564.3,181748,50771,102580993200,0,0,0
sc2204,20220218,20220218,112036000,11:20:36,564.3,181748,50771,102580993200,0,0,0
sc2204,20220218,20220218,112036500,11:20:37,564.3,181748,50771,102580993200,0,0,0
sc2204,20220218,20220218,112037000,11:20:37,564.3,181748,50771,102580993200,0,0,0
sc2204,20220218,20220218,112037500,11:20:38,564.3,181748,50771,102580993200,0,0,0
sc2204,20220218,20220218,112038000,11:20:38,564.3,181748,50771,102580993200,0,0,0
sc2204,20220218,20220218,112038500,11:20:38,564.4,181751,50771,102582686400,3,0,1693200
sc2204,20220218,20220218,112039000,11:20:39,564.4,181751,50771,102582686400,0,0,0
sc2204,20220218,20220218,112039500,11:20:40,564.4,181751,50771,102582686400,0,0,0
sc2204,20220218,20220218,112040000,11:20:40,564.4,181751,50771,102582686400,0,0,0
sc2204,20220218,20220218,112040500,11:20:41,564.4,181751,50771,102582686400,0,0,0
sc2204,20220218,20220218,112041000,11:20:41,564.4,181751,50771,102582686400,0,0,0
sc2204,20220218,20220218,112041500,11:20:41,564.4,181751,50771,102582686400,0,0,0
sc2204,20220218,20220218,112042000,11:20:42,564.4,181751,50771,102582686400,0,0,0
sc2204,20220218,20220218,112042500,11:20:43,564.4,181751,50771,102582686400,0,0,0
sc2204,20220218,20220218,112043000,11:20:43,564.4,181751,50771,102582686400,0,0,0
sc2204,20220218,20220218,112043500,11:20:44,564.4,181751,50771,102582686400,0,0,0
sc2204,20220218,20220218,112044000,11:20:44,564.4,181751,50771,102582686400,0,0,0
sc2204,20220218,20220218,112044500,11:20:45,564.4,181751,50771,102582686400,0,0,0
sc2204,20220218,20220218,112045000,11:20:45,564.4,181751,50771,102582686400,0,0,0
sc2204,20220218,20220218,112045500,11:20:46,564.4,181752,50770,102583250800,1,-1,564400
sc2204,20220218,20220218,112046000,11:20:46,564.4,181752,50770,102583250800,0,0,0
sc2204,20220218,20220218,112046500,11:20:46,564.4,181752,50770,102583250800,0,0,0
sc2204,20220218,20220218,112047000,11:20:48,564.4,181752,50770,102583250800,0,0,0
sc2204,20220218,20220218,112047500,11:20:48,564.4,181753,50769,102583815200,1,-1,564400
sc2204,20220218,20220218,112048000,11:20:49,564.4,181753,50769,102583815200,0,0,0
sc2204,20220218,20220218,112048500,11:20:50,564.4,181753,50769,102583815200,0,0,0
sc2204,20220218,20220218,112049000,11:20:50,564.4,181753,50769,102583815200,0,0,0
sc2204,20220218,20220218,112049500,11:20:50,564.4,181753,50769,102583815200,0,0,0
sc2204,20220218,20220218,112050500,11:20:51,564.4,181753,50769,102583815200,0,0,0
sc2204,20220218,20220218,112051000,11:20:51,564.5,181757,50766,102586073200,4,-3,2258000
sc2204,20220218,20220218,112051500,11:20:52,564.5,181760,50764,102587766700,3,-2,1693500
sc2204,20220218,20220218,112052000,11:20:53,564.5,181761,50763,102588331200,1,-1,564500
sc2204,20220218,20220218,112052500,11:20:53,564.5,181761,50763,102588331200,0,0,0
sc2204,20220218,20220218,112053000,11:20:53,564.5,181761,50763,102588331200,0,0,0
sc2204,20220218,20220218,112053500,11:20:53,564.5,181761,50763,102588331200,0,0,0
sc2204,20220218,20220218,112054000,11:20:54,564.5,181761,50763,102588331200,0,0,0
sc2204,20220218,20220218,112054500,11:20:55,564.5,181761,50763,102588331200,0,0,0
sc2204,20220218,20220218,112055000,11:20:55,564.5,181761,50763,102588331200,0,0,0
sc2204,20220218,20220218,112055500,11:20:56,564.6,181762,50762,102588895800,1,-1,564600
sc2204,20220218,20220218,112056000,11:20:56,564.6,181762,50762,102588895800,0,0,0
sc2204,20220218,20220218,112056500,11:20:56,564.6,181767,50758,102591718800,5,-4,2823000
sc2204,20220218,20220218,112057000,11:20:58,564.6,181767,50758,102591718800,0,0,0
sc2204,20220218,20220218,112057500,11:20:58,564.6,181767,50758,102591718800,0,0,0
sc2204,20220218,20220218,112058000,11:20:59,564.6,181767,50758,102591718800,0,0,0
sc2204,20220218,20220218,112058500,11:20:59,564.6,181767,50758,102591718800,0,0,0
sc2204,20220218,20220218,112059000,11:21:00,564.6,181767,50758,102591718800,0,0,0
sc2204,20220218,20220218,112059500,11:21:00,564.6,181767,50758,102591718800,0,0,0
sc2204,20220218,20220218,112100000,11:21:00,564.6,181767,50758,102591718800,0,0,0
sc2204,20220218,20220218,112100500,11:21:01,564.6,181767,50758,102591718800,0,0,0
sc2204,20220218,20220218,112101000,11:21:01,564.6,181767,50758,102591718800,0,0,0
sc2204,20220218,20220218,112101500,11:21:02,564.6,181767,50758,102591718800,0,0,0
sc2204,20220218,20220218,112102000,11:21:03,564.6,181767,50758,102591718800,0,0,0
sc2204,20220218,20220218,112102500,11:21:03,564.6,181767,50758,102591718800,0,0,0
sc2204,20220218,20220218,112103000,11:21:03,564.6,181767,50758,102591718800,0,0,0
sc2204,20220218,20220218,112103500,11:21:04,564.6,181767,50758,102591718800,0,0,0
sc2204,20220218,20220218,112104000,11:21:05,564.6,181768,50759,102592283400,1,1,564600
sc2204,20220218,20220218,112104500,11:21:05,564.6,181768,50759,102592283400,0,0,0
sc2204,20220218,20220218,112105000,11:21:06,564.6,181768,50759,102592283400,0,0,0
sc2204,20220218,20220218,112105500,11:21:07,564.6,181768,50759,102592283400,0,0,0
sc2204,20220218,20220218,112106000,11:21:07,564.6,181768,50759,102592283400,0,0,0
sc2204,20220218,20220218,112106500,11:21:09,564.6,181768,50759,102592283400,0,0,0
sc2204,20220218,20220218,112107000,11:21:10,564.6,181768,50759,102592283400,0,0,0
sc2204,20220218,20220218,112107500,11:21:10,564.6,181768,50759,102592283400,0,0,0
sc2204,20220218,20220218,112108000,11:21:10,564.6,181768,50759,102592283400,0,0,0
sc2204,20220218,20220218,112110000,11:21:11,564.6,181769,50759,102592848000,1,0,564600
sc2204,20220218,20220218,112110500,11:21:11,564.6,181769,50759,102592848000,0,0,0
sc2204,20220218,20220218,112111000,11:21:11,564.6,181769,50759,102592848000,0,0,0
sc2204,20220218,20220218,112111500,11:21:12,564.6,181769,50759,102592848000,0,0,0
sc2204,20220218,20220218,112112000,11:21:12,564.6,181769,50759,102592848000,0,0,0
sc2204,20220218,20220218,112112500,11:21:13,564.6,181769,50759,102592848000,0,0,0
sc2204,20220218,20220218,112113000,11:21:13,564.6,181769,50759,102592848000,0,0,0
sc2204,20220218,20220218,112113500,11:21:13,564.6,181769,50759,102592848000,0,0,0
sc2204,20220218,20220218,112114000,11:21:14,564.6,181769,50759,102592848000,0,0,0
sc2204,20220218,20220218,112114500,11:21:15,564.6,181770,50759,102593412600,1,0,564600
sc2204,20220218,20220218,112115000,11:21:15,564.6,181770,50759,102593412600,0,0,0
sc2204,20220218,20220218,112115500,11:21:15,564.6,181770,50759,102593412600,0,0,0
sc2204,20220218,20220218,112116000,11:21:16,564.7,181771,50758,102593977300,1,-1,564700
sc2204,20220218,20220218,112116500,11:21:17,564.7,181776,50754,102596800800,5,-4,2823500
sc2204,20220218,20220218,112117000,11:21:17,564.7,181776,50754,102596800800,0,0,0
sc2204,20220218,20220218,112117500,11:21:18,564.7,181777,50754,102597365500,1,0,564700
sc2204,20220218,20220218,112118000,11:21:18,564.7,181777,50754,102597365500,0,0,0
sc2204,20220218,20220218,112118500,11:21:18,564.8,181783,50751,102600754300,6,-3,3388800
sc2204,20220218,20220218,112119000,11:21:19,564.7,181793,50751,102606401600,10,0,5647300
sc2204,20220218,20220218,112119500,11:21:20,564.7,181793,50751,102606401600,0,0,0
sc2204,20220218,20220218,112120000,11:21:21,564.7,181793,50751,102606401600,0,0,0
sc2204,20220218,20220218,112120500,11:21:22,564.8,181794,50751,102606966400,1,0,564800
sc2204,20220218,20220218,112121000,11:21:22,564.8,181796,50751,102608096000,2,0,1129600
sc2204,20220218,20220218,112121500,11:21:22,564.8,181796,50751,102608096000,0,0,0
sc2204,20220218,20220218,112122000,11:21:22,564.8,181797,50751,102608660800,1,0,564800
sc2204,20220218,20220218,112122500,11:21:23,564.8,181797,50751,102608660800,0,0,0
sc2204,20220218,20220218,112123000,11:21:23,564.8,181797,50751,102608660800,0,0,0
sc2204,20220218,20220218,112123500,11:21:24,564.8,181797,50751,102608660800,0,0,0
sc2204,20220218,20220218,112124000,11:21:24,564.8,181797,50751,102608660800,0,0,0
sc2204,20220218,20220218,112124500,11:21:25,564.7,181798,50751,102609225500,1,0,564700
sc2204,20220218,20220218,112125000,11:23:32,564.7,181804,50745,102612613700,6,-6,3388200
sc2204,20220218,20220218,112125500,11:23:32,564.7,181806,50745,102613743100,2,0,1129400
sc2204,20220218,20220218,112126000,11:23:33,564.7,181809,50746,102615437200,3,1,1694100
sc2204,20220218,20220218,112126500,11:23:33,564.7,181809,50746,102615437200,0,0,0
sc2204,20220218,20220218,112332500,11:23:33,564.7,181809,50746,102615437200,0,0,0
sc2204,20220218,20220218,112333000,11:23:33,564.7,181809,50746,102615437200,0,0,0
sc2204,20220218,20220218,112333500,11:23:33,564.7,181809,50746,102615437200,0,0,0
sc2204,20220218,20220218,112334000,11:23:34,564.7,181809,50746,102615437200,0,0,0
sc2204,20220218,20220218,112334500,11:23:34,564.7,181809,50746,102615437200,0,0,0
sc2204,20220218,20220218,112335000,11:23:35,564.7,181809,50746,102615437200,0,0,0
sc2204,20220218,20220218,112335500,11:23:35,564.7,181809,50746,102615437200,0,0,0
sc2204,20220218,20220218,112336000,11:23:37,564.7,181809,50746,102615437200,0,0,0
sc2204,20220218,20220218,112336500,11:23:38,564.7,181809,50746,102615437200,0,0,0
sc2204,20220218,20220218,112337000,11:23:38,564.7,181809,50746,102615437200,0,0,0
sc2204,20220218,20220218,112337500,11:23:38,564.7,181809,50746,102615437200,0,0,0
sc2204,20220218,20220218,112338000,11:23:38,564.7,181809,50746,102615437200,0,0,0
sc2204,20220218,20220218,112338500,11:23:38,564.7,181809,50746,102615437200,0,0,0
sc2204,20220218,20220218,112339000,11:23:39,564.7,181809,50746,102615437200,0,0,0
sc2204,20220218,20220218,112339500,11:23:39,564.7,181809,50746,102615437200,0,0,0
sc2204,20220218,20220218,112340000,11:23:40,564.7,181809,50746,102615437200,0,0,0
sc2204,20220218,20220218,112340500,11:23:40,564.7,181809,50746,102615437200,0,0,0
sc2204,20220218,20220218,112341000,11:23:41,564.7,181809,50746,102615437200,0,0,0
sc2204,20220218,20220218,112341500,11:23:42,564.7,181809,50746,102615437200,0,0,0
sc2204,20220218,20220218,112342000,11:23:42,564.7,181809,50746,102615437200,0,0,0
sc2204,20220218,20220218,112342500,11:23:42,564.7,181809,50746,102615437200,0,0,0
sc2204,20220218,20220218,112343000,11:23:43,564.7,181809,50746,102615437200,0,0,0
sc2204,20220218,20220218,112343500,11:23:43,564.7,181809,50746,102615437200,0,0,0
sc2204,20220218,20220218,112344000,11:23:48,564.7,181809,50746,102615437200,0,0,0
sc2204,20220218,20220218,112344500,11:23:48,564.7,181809,50746,102615437200,0,0,0
sc2204,20220218,20220218,112345000,11:23:48,564.7,181809,50746,102615437200,0,0,0
sc2204,20220218,20220218,112345500,11:23:48,564.7,181809,50746,102615437200,0,0,0
sc2204,20220218,20220218,112348000,11:23:48,564.7,181809,50746,102615437200,0,0,0
sc2204,20220218,20220218,112348500,11:23:49,564.7,181809,50746,102615437200,0,0,0
sc2204,20220218,20220218,112349000,11:23:49,564.7,181809,50746,102615437200,0,0,0
sc2204,20220218,20220218,112349500,11:23:50,564.7,181809,50746,102615437200,0,0,0
sc2204,20220218,20220218,112350000,11:23:50,564.8,181952,50743,102696201200,143,-3,80764000
sc2204,20220218,20220218,112350500,11:23:50,564.8,181952,50743,102696201200,0,0,0
sc2204,20220218,20220218,112351000,11:23:51,564.8,181952,50743,102696201200,0,0,0
sc2204,20220218,20220218,112351500,11:23:52,564.8,181952,50743,102696201200,0,0,0
sc2204,20220218,20220218,112352000,11:23:52,564.8,181952,50743,102696201200,0,0,0
sc2204,20220218,20220218,112352500,11:23:53,564.8,181952,50743,102696201200,0,0,0
sc2204,20220218,20220218,112353000,11:23:53,564.8,181952,50743,102696201200,0,0,0
sc2204,20220218,20220218,112353500,11:23:53,564.8,181952,50743,102696201200,0,0,0
sc2204,20220218,20220218,112354000,11:23:54,564.8,181952,50743,102696201200,0,0,0
sc2204,20220218,20220218,112354500,11:23:55,564.8,181952,50743,102696201200,0,0,0
sc2204,20220218,20220218,112355000,11:23:55,564.8,181952,50743,102696201200,0,0,0
sc2204,20220218,20220218,112355500,11:23:55,564.8,181952,50743,102696201200,0,0,0
sc2204,20220218,20220218,112356000,11:23:56,564.7,181953,50743,102696765900,1,0,564700
sc2204,20220218,20220218,112356500,11:23:56,564.7,181953,50743,102696765900,0,0,0
sc2204,20220218,20220218,112357000,11:23:57,564.7,181953,50743,102696765900,0,0,0
sc2204,20220218,20220218,112357500,11:23:57,564.7,181953,50743,102696765900,0,0,0
sc2204,20220218,20220218,112358000,11:23:58,564.7,181953,50743,102696765900,0,0,0
sc2204,20220218,20220218,112358500,11:23:58,564.7,181953,50743,102696765900,0,0,0
sc2204,20220218,20220218,112359000,11:23:59,564.7,181953,50743,102696765900,0,0,0
sc2204,20220218,20220218,112359500,11:23:59,564.7,181953,50743,102696765900,0,0,0
sc2204,20220218,20220218,112400000,11:24:00,564.7,181953,50743,102696765900,0,0,0
sc2204,20220218,20220218,112400500,11:24:00,564.7,181953,50743,102696765900,0,0,0
sc2204,20220218,20220218,112401000,11:24:01,564.7,181953,50743,102696765900,0,0,0
sc2204,20220218,20220218,112401500,11:24:01,564.7,181953,50743,102696765900,0,0,0
sc2204,20220218,20220218,112402000,11:24:02,564.7,181953,50743,102696765900,0,0,0
sc2204,20220218,20220218,112402500,11:24:02,564.7,181953,50743,102696765900,0,0,0
sc2204,20220218,20220218,112403000,11:24:03,564.7,181953,50743,102696765900,0,0,0
sc2204,20220218,20220218,112403500,11:24:04,564.7,181953,50743,102696765900,0,0,0
sc2204,20220218,20220218,112404000,11:24:04,564.7,181953,50743,102696765900,0,0,0
sc2204,20220218,20220218,112404500,11:24:04,564.7,181953,50743,102696765900,0,0,0
sc2204,20220218,20220218,112405000,11:24:05,564.7,181953,50743,102696765900,0,0,0
sc2204,20220218,20220218,112405500,11:24:05,564.7,181953,50743,102696765900,0,0,0
sc2204,20220218,20220218,112406000,11:24:06,564.7,181953,50743,102696765900,0,0,0
sc2204,20220218,20220218,112406500,11:24:06,564.7,181953,50743,102696765900,0,0,0
sc2204,20220218,20220218,112407000,11:24:07,564.7,181953,50743,102696765900,0,0,0
sc2204,20220218,20220218,112407500,11:24:08,564.7,181953,50743,102696765900,0,0,0
sc2204,20220218,20220218,112408000,11:24:08,564.7,181953,50743,102696765900,0,0,0
sc2204,20220218,20220218,112408500,11:24:08,564.7,181953,50743,102696765900,0,0,0
sc2204,20220218,20220218,112409000,11:24:11,564.7,181953,50743,102696765900,0,0,0
sc2204,20220218,20220218,112409500,11:24:12,564.7,181953,50743,102696765900,0,0,0
sc2204,20220218,20220218,112410000,11:24:12,564.7,181953,50743,102696765900,0,0,0
sc2204,20220218,20220218,112410500,11:24:12,564.7,181953,50743,102696765900,0,0,0
sc2204,20220218,20220218,112411500,11:24:12,564.7,181953,50743,102696765900,0,0,0
sc2204,20220218,20220218,112412000,11:24:12,564.7,181953,50743,102696765900,0,0,0
sc2204,20220218,20220218,112412500,11:24:13,564.7,181953,50743,102696765900,0,0,0
sc2204,20220218,20220218,112413000,11:24:13,564.7,181953,50743,102696765900,0,0,0
sc2204,20220218,20220218,112413500,11:24:14,564.7,181953,50743,102696765900,0,0,0
sc2204,20220218,20220218,112414000,11:24:14,564.7,181953,50743,102696765900,0,0,0
sc2204,20220218,20220218,112414500,11:24:15,564.7,181953,50743,102696765900,0,0,0
sc2204,20220218,20220218,112415000,11:24:15,564.7,181953,50743,102696765900,0,0,0
sc2204,20220218,20220218,112415500,11:24:15,564.7,181953,50743,102696765900,0,0,0
sc2204,20220218,20220218,112416000,11:24:16,564.7,181953,50743,102696765900,0,0,0
sc2204,20220218,20220218,112416500,11:24:17,564.7,181953,50743,102696765900,0,0,0
sc2204,20220218,20220218,112417000,11:24:17,564.7,181953,50743,102696765900,0,0,0
sc2204,20220218,20220218,112417500,11:24:18,564.7,181953,50743,102696765900,0,0,0
sc2204,20220218,20220218,112418000,11:24:18,564.7,181953,50743,102696765900,0,0,0
sc2204,20220218,20220218,112418500,11:24:19,564.7,181953,50743,102696765900,0,0,0
sc2204,20220218,20220218,112419000,11:24:19,564.7,181953,50743,102696765900,0,0,0
sc2204,20220218,20220218,112419500,11:24:20,564.7,181953,50743,102696765900,0,0,0
sc2204,20220218,20220218,112420000,11:24:20,564.7,181953,50743,102696765900,0,0,0
sc2204,20220218,20220218,112420500,11:24:21,564.7,181953,50743,102696765900,0,0,0
sc2204,20220218,20220218,112421000,11:24:21,564.7,181953,50743,102696765900,0,0,0
sc2204,20220218,20220218,112421500,11:24:22,564.7,181953,50743,102696765900,0,0,0
sc2204,20220218,20220218,112422000,11:24:22,564.7,181953,50743,102696765900,0,0,0
sc2204,20220218,20220218,112422500,11:24:23,564.7,181953,50743,102696765900,0,0,0
sc2204,20220218,20220218,112423000,11:24:23,564.7,181953,50743,102696765900,0,0,0
sc2204,20220218,20220218,112423500,11:24:24,564.7,181953,50743,102696765900,0,0,0
sc2204,20220218,20220218,112424000,11:24:24,564.7,181953,50743,102696765900,0,0,0
sc2204,20220218,20220218,112424500,11:24:24,564.7,181954,50743,102697330600,1,0,564700
sc2204,20220218,20220218,112425000,11:24:25,564.7,181956,50743,102698460000,2,0,1129400
sc2204,20220218,20220218,112425500,11:24:25,564.7,181956,50743,102698460000,0,0,0
sc2204,20220218,20220218,112426000,11:24:26,564.7,181956,50743,102698460000,0,0,0
sc2204,20220218,20220218,112426500,11:24:26,564.7,181956,50743,102698460000,0,0,0
sc2204,20220218,20220218,112427000,11:24:27,564.7,181956,50743,102698460000,0,0,0
sc2204,20220218,20220218,112427500,11:24:28,564.7,181956,50743,102698460000,0,0,0
sc2204,20220218,20220218,112428000,11:24:28,564.7,181956,50743,102698460000,0,0,0
sc2204,20220218,20220218,112428500,11:24:28,564.7,181957,50744,102699024700,1,1,564700
sc2204,20220218,20220218,112429000,11:24:29,564.7,181957,50744,102699024700,0,0,0
sc2204,20220218,20220218,112429500,11:24:29,564.7,181957,50744,102699024700,0,0,0
sc2204,20220218,20220218,112430000,11:24:30,564.7,181957,50744,102699024700,0,0,0
sc2204,20220218,20220218,112430500,11:24:30,564.7,181957,50744,102699024700,0,0,0
sc2204,20220218,20220218,112431000,11:24:31,564.7,181958,50744,102699589400,1,0,564700
sc2204,20220218,20220218,112431500,11:24:31,564.7,181958,50744,102699589400,0,0,0
sc2204,20220218,20220218,112432000,11:24:32,564.7,181958,50744,102699589400,0,0,0
sc2204,20220218,20220218,112432500,11:24:33,564.7,181959,50745,102700154100,1,1,564700
sc2204,20220218,20220218,112433000,11:24:33,564.7,181960,50745,102700718800,1,0,564700
sc2204,20220218,20220218,112433500,11:24:33,564.7,181960,50745,102700718800,0,0,0
sc2204,20220218,20220218,112434000,11:24:34,564.7,181960,50745,102700718800,0,0,0
sc2204,20220218,20220218,112434500,11:24:34,564.7,181960,50745,102700718800,0,0,0
sc2204,20220218,20220218,112435000,11:24:35,564.7,181960,50745,102700718800,0,0,0
sc2204,20220218,20220218,112435500,11:24:35,564.7,181960,50745,102700718800,0,0,0
sc2204,20220218,20220218,112436000,11:24:36,564.7,181960,50745,102700718800,0,0,0
sc2204,20220218,20220218,112436500,11:24:36,564.7,181964,50746,102702977600,4,1,2258800
sc2204,20220218,20220218,112437000,11:24:37,564.7,181966,50746,102704106900,2,0,1129300
sc2204,20220218,20220218,112437500,11:24:37,564.7,181966,50746,102704106900,0,0,0
sc2204,20220218,20220218,112438000,11:24:39,564.7,181966,50746,102704106900,0,0,0
sc2204,20220218,20220218,112438500,11:24:40,564.6,181968,50745,102705236200,2,-1,1129300
sc2204,20220218,20220218,112439000,11:24:40,564.6,181968,50745,102705236200,0,0,0
sc2204,20220218,20220218,112439500,11:24:40,564.6,181968,50745,102705236200,0,0,0
sc2204,20220218,20220218,112440000,11:24:40,564.6,181968,50745,102705236200,0,0,0
sc2204,20220218,20220218,112440500,11:24:40,564.6,181968,50745,102705236200,0,0,0
sc2204,20220218,20220218,112441000,11:24:41,564.6,181968,50745,102705236200,0,0,0
sc2204,20220218,20220218,112441500,11:24:41,564.6,181969,50745,102705800800,1,0,564600
sc2204,20220218,20220218,112442000,11:24:42,564.6,181969,50745,102705800800,0,0,0
sc2204,20220218,20220218,112442500,11:24:42,564.6,181969,50745,102705800800,0,0,0
sc2204,20220218,20220218,112443000,11:24:43,564.6,181969,50745,102705800800,0,0,0
sc2204,20220218,20220218,112443500,11:24:43,564.6,181969,50745,102705800800,0,0,0
sc2204,20220218,20220218,112444000,11:24:44,564.6,181969,50745,102705800800,0,0,0
sc2204,20220218,20220218,112444500,11:24:44,564.6,181970,50745,102706365400,1,0,564600
sc2204,20220218,20220218,112445000,11:24:45,564.6,181970,50745,102706365400,0,0,0
sc2204,20220218,20220218,112445500,11:24:45,564.6,181970,50745,102706365400,0,0,0
sc2204,20220218,20220218,112446000,11:24:46,564.6,181970,50745,102706365400,0,0,0
sc2204,20220218,20220218,112446500,11:24:46,564.6,181970,50745,102706365400,0,0,0
sc2204,20220218,20220218,112447000,11:24:47,564.7,181981,50739,102712577100,11,-6,6211700
sc2204,20220218,20220218,112447500,11:24:47,564.7,181982,50739,102713141800,1,0,564700
sc2204,20220218,20220218,112448000,11:24:48,564.7,181982,50739,102713141800,0,0,0
sc2204,20220218,20220218,112448500,11:24:49,564.7,181982,50739,102713141800,0,0,0
sc2204,20220218,20220218,112449000,11:24:49,564.7,181982,50739,102713141800,0,0,0
sc2204,20220218,20220218,112449500,11:24:49,564.7,181982,50739,102713141800,0,0,0
sc2204,20220218,20220218,112450000,11:24:50,564.7,181982,50739,102713141800,0,0,0
sc2204,20220218,20220218,112450500,11:24:50,564.7,181982,50739,102713141800,0,0,0
sc2204,20220218,20220218,112451000,11:24:51,564.7,181982,50739,102713141800,0,0,0
sc2204,20220218,20220218,112451500,11:24:52,564.7,181982,50739,102713141800,0,0,0
sc2204,20220218,20220218,112452000,11:24:52,564.7,181982,50739,102713141800,0,0,0
sc2204,20220218,20220218,112452500,11:24:52,564.7,181982,50739,102713141800,0,0,0
sc2204,20220218,20220218,112453000,11:24:53,564.8,181984,50740,102714271400,2,1,1129600
sc2204,20220218,20220218,112453500,11:24:53,564.9,181991,50736,102718225100,7,-4,3953700
sc2204,20220218,20220218,112454000,11:24:54,564.9,181998,50734,102722179300,7,-2,3954200
sc2204,20220218,20220218,112454500,11:24:54,564.9,181998,50734,102722179300,0,0,0
sc2204,20220218,20220218,112455000,11:24:55,564.9,181998,50734,102722179300,0,0,0
sc2204,20220218,20220218,112455500,11:24:56,564.9,181998,50734,102722179300,0,0,0
sc2204,20220218,20220218,112456000,11:24:56,564.9,181998,50734,102722179300,0,0,0
sc2204,20220218,20220218,112456500,11:24:56,564.9,181998,50734,102722179300,0,0,0
sc2204,20220218,20220218,112457000,11:24:57,564.9,181998,50734,102722179300,0,0,0
sc2204,20220218,20220218,112457500,11:24:57,564.9,181998,50734,102722179300,0,0,0
sc2204,20220218,20220218,112458000,11:24:58,564.9,181998,50734,102722179300,0,0,0
sc2204,20220218,20220218,112458500,11:24:58,564.9,181998,50734,102722179300,0,0,0
sc2204,20220218,20220218,112459000,11:24:59,564.9,181998,50734,102722179300,0,0,0
sc2204,20220218,20220218,112459500,11:24:59,564.9,181998,50734,102722179300,0,0,0
sc2204,20220218,20220218,112500000,11:25:01,564.8,181999,50734,102722744100,1,0,564800
sc2204,20220218,20220218,112500500,11:25:01,564.8,181999,50734,102722744100,0,0,0
sc2204,20220218,20220218,112501000,11:25:02,564.8,181999,50734,102722744100,0,0,0
sc2204,20220218,20220218,112501500,11:25:05,564.9,182000,50733,102723309000,1,-1,564900
sc2204,20220218,20220218,112502000,11:25:05,564.9,182000,50733,102723309000,0,0,0
sc2204,20220218,20220218,112502500,11:25:06,564.8,182001,50734,102723873800,1,1,564800
sc2204,20220218,20220218,112504500,11:25:06,564.8,182001,50734,102723873800,0,0,0
sc2204,20220218,20220218,112505500,11:25:06,564.9,182002,50733,102724438700,1,-1,564900
sc2204,20220218,20220218,112506000,11:25:07,564.9,182002,50733,102724438700,0,0,0
sc2204,20220218,20220218,112506500,11:25:07,564.9,182002,50733,102724438700,0,0,0
sc2204,20220218,20220218,112507000,11:25:07,564.9,182002,50733,102724438700,0,0,0
sc2204,20220218,20220218,112507500,11:25:07,564.9,182002,50733,102724438700,0,0,0
sc2204,20220218,20220218,112508000,11:25:08,564.8,182003,50733,102725003500,1,0,564800
sc2204,20220218,20220218,112508500,11:25:08,564.8,182003,50733,102725003500,0,0,0
sc2204,20220218,20220218,112509000,11:25:09,564.8,182003,50733,102725003500,0,0,0
sc2204,20220218,20220218,112509500,11:25:10,564.8,182003,50733,102725003500,0,0,0
sc2204,20220218,20220218,112510000,11:25:10,564.8,182003,50733,102725003500,0,0,0
sc2204,20220218,20220218,112510500,11:25:10,564.8,182004,50733,102725568300,1,0,564800
sc2204,20220218,20220218,112511000,11:25:11,564.8,182004,50733,102725568300,0,0,0
sc2204,20220218,20220218,112511500,11:25:11,564.8,182004,50733,102725568300,0,0,0
sc2204,20220218,20220218,112512000,11:25:12,564.8,182004,50733,102725568300,0,0,0
sc2204,20220218,20220218,112512500,11:25:12,564.8,182004,50733,102725568300,0,0,0
sc2204,20220218,20220218,112513000,11:25:13,564.8,182004,50733,102725568300,0,0,0
sc2204,20220218,20220218,112513500,11:25:15,564.8,182004,50733,102725568300,0,0,0
sc2204,20220218,20220218,112514000,11:25:15,564.8,182004,50733,102725568300,0,0,0
sc2204,20220218,20220218,112514500,11:25:15,564.8,182004,50733,102725568300,0,0,0
sc2204,20220218,20220218,112515000,11:25:16,564.8,182004,50733,102725568300,0,0,0
sc2204,20220218,20220218,112515500,11:25:16,564.8,182007,50731,102727262700,3,-2,1694400
sc2204,20220218,20220218,112516000,11:25:16,564.9,182008,50730,102727827600,1,-1,564900
sc2204,20220218,20220218,112516500,11:25:16,564.9,182008,50730,102727827600,0,0,0
sc2204,20220218,20220218,112517000,11:25:18,564.9,182008,50730,102727827600,0,0,0
sc2204,20220218,20220218,112517500,11:25:18,564.9,182008,50730,102727827600,0,0,0
sc2204,20220218,20220218,112518000,11:25:18,564.9,182008,50730,102727827600,0,0,0
sc2204,20220218,20220218,112518500,11:25:19,564.8,182009,50730,102728392400,1,0,564800
sc2204,20220218,20220218,112519000,11:25:19,564.8,182009,50730,102728392400,0,0,0
sc2204,20220218,20220218,112519500,11:25:20,564.8,182009,50730,102728392400,0,0,0
sc2204,20220218,20220218,112520000,11:25:21,564.8,182009,50730,102728392400,0,0,0
sc2204,20220218,20220218,112520500,11:25:21,564.8,182009,50730,102728392400,0,0,0
sc2204,20220218,20220218,112521000,11:25:22,564.8,182009,50730,102728392400,0,0,0
sc2204,20220218,20220218,112521500,11:25:22,564.8,182009,50730,102728392400,0,0,0
sc2204,20220218,20220218,112522000,11:25:22,564.9,182010,50729,102728957300,1,-1,564900
sc2204,20220218,20220218,112522500,11:25:23,564.9,182010,50729,102728957300,0,0,0
sc2204,20220218,20220218,112523000,11:25:23,564.8,182011,50729,102729522100,1,0,564800
sc2204,20220218,20220218,112523500,11:25:24,564.9,182012,50728,102730087000,1,-1,564900
sc2204,20220218,20220218,112524000,11:25:25,564.9,182012,50728,102730087000,0,0,0
sc2204,20220218,20220218,112524500,11:25:25,564.9,182012,50728,102730087000,0,0,0
sc2204,20220218,20220218,112525000,11:25:25,564.9,182012,50728,102730087000,0,0,0
sc2204,20220218,20220218,112525500,11:25:26,564.9,182012,50728,102730087000,0,0,0
sc2204,20220218,20220218,112526000,11:25:26,564.8,182013,50729,102730651800,1,1,564800
sc2204,20220218,20220218,112526500,11:25:27,564.8,182013,50729,102730651800,0,0,0
sc2204,20220218,20220218,112527000,11:25:28,564.8,182013,50729,102730651800,0,0,0
sc2204,20220218,20220218,112527500,11:25:28,564.8,182013,50729,102730651800,0,0,0
sc2204,20220218,20220218,112528000,11:25:28,564.8,182013,50729,102730651800,0,0,0
sc2204,20220218,20220218,112528500,11:25:28,564.8,182013,50729,102730651800,0,0,0
sc2204,20220218,20220218,112529000,11:25:29,564.8,182013,50729,102730651800,0,0,0
sc2204,20220218,20220218,112529500,11:25:30,564.8,182013,50729,102730651800,0,0,0
sc2204,20220218,20220218,112530000,11:25:31,564.8,182018,50728,102733475800,5,-1,2824000
sc2204,20220218,20220218,112530500,11:25:31,564.8,182019,50729,102734040600,1,1,564800
sc2204,20220218,20220218,112531000,11:25:31,564.8,182019,50729,102734040600,0,0,0
sc2204,20220218,20220218,112531500,11:25:32,564.8,182019,50729,102734040600,0,0,0
sc2204,20220218,20220218,112532000,11:25:32,564.8,182019,50729,102734040600,0,0,0
sc2204,20220218,20220218,112532500,11:25:33,564.8,182019,50729,102734040600,0,0,0
sc2204,20220218,20220218,112533000,11:25:33,564.8,182020,50729,102734605400,1,0,564800
sc2204,20220218,20220218,112533500,11:25:33,564.8,182021,50728,102735170200,1,-1,564800
sc2204,20220218,20220218,112534000,11:25:34,564.8,182022,50728,102735735000,1,0,564800
sc2204,20220218,20220218,112534500,11:25:36,564.8,182022,50728,102735735000,0,0,0
sc2204,20220218,20220218,112535000,11:25:36,564.8,182022,50728,102735735000,0,0,0
sc2204,20220218,20220218,112535500,11:25:37,564.8,182022,50728,102735735000,0,0,0
sc2204,20220218,20220218,112536000,11:25:37,564.8,182023,50729,102736299800,1,1,564800
sc2204,20220218,20220218,112536500,11:25:37,564.8,182023,50729,102736299800,0,0,0
sc2204,20220218,20220218,112537000,11:25:38,564.8,182023,50729,102736299800,0,0,0
sc2204,20220218,20220218,112537500,11:25:38,564.7,182024,50729,102736864500,1,0,564700
sc2204,20220218,20220218,112538000,11:25:38,564.7,182031,50729,102740817500,7,0,3953000
sc2204,20220218,20220218,112538500,11:25:39,564.7,182032,50730,102741382200,1,1,564700
sc2204,20220218,20220218,112539000,11:25:39,564.7,182032,50730,102741382200,0,0,0
sc2204,20220218,20220218,112539500,11:25:40,564.7,182032,50730,102741382200,0,0,0
sc2204,20220218,20220218,112540000,11:25:40,564.7,182032,50730,102741382200,0,0,0
sc2204,20220218,20220218,112540500,11:25:40,564.7,182032,50730,102741382200,0,0,0
sc2204,20220218,20220218,112541000,11:25:41,564.7,182038,50730,102744770400,6,0,3388200
sc2204,20220218,20220218,112541500,11:25:41,564.7,182047,50732,102749852200,9,2,5081800
sc2204,20220218,20220218,112542000,11:25:42,564.7,182047,50732,102749852200,0,0,0
sc2204,20220218,20220218,112542500,11:25:43,564.7,182047,50732,102749852200,0,0,0
sc2204,20220218,20220218,112543000,11:25:43,564.7,182047,50732,102749852200,0,0,0
sc2204,20220218,20220218,112543500,11:25:43,564.7,182047,50732,102749852200,0,0,0
sc2204,20220218,20220218,112544000,11:25:44,564.7,182047,50732,102749852200,0,0,0
sc2204,20220218,20220218,112544500,11:25:44,564.7,182049,50733,102750981500,2,1,1129300
sc2204,20220218,20220218,112545000,11:25:45,564.6,182051,50733,102752110700,2,0,1129200
sc2204,20220218,20220218,112545500,11:25:46,564.6,182051,50733,102752110700,0,0,0
sc2204,20220218,20220218,112546000,11:25:47,564.6,182051,50733,102752110700,0,0,0
sc2204,20220218,20220218,112546500,11:25:48,564.7,182055,50730,102754369500,4,-3,2258800
sc2204,20220218,20220218,112547000,11:25:48,564.7,182055,50730,102754369500,0,0,0
sc2204,20220218,20220218,112547500,11:25:48,564.7,182056,50730,102754934200,1,0,564700
sc2204,20220218,20220218,112548000,11:25:48,564.7,182056,50730,102754934200,0,0,0
sc2204,20220218,20220218,112548500,11:25:48,564.7,182056,50730,102754934200,0,0,0
sc2204,20220218,20220218,112549000,11:25:49,564.7,182056,50730,102754934200,0,0,0
sc2204,20220218,20220218,112549500,11:25:49,564.7,182056,50730,102754934200,0,0,0
sc2204,20220218,20220218,112550000,11:25:50,564.7,182056,50730,102754934200,0,0,0
sc2204,20220218,20220218,112550500,11:25:51,564.7,182056,50730,102754934200,0,0,0
sc2204,20220218,20220218,112551000,11:25:51,564.7,182056,50730,102754934200,0,0,0
sc2204,20220218,20220218,112551500,11:25:51,564.7,182056,50730,102754934200,0,0,0
sc2204,20220218,20220218,112552000,11:25:52,564.7,182056,50730,102754934200,0,0,0
sc2204,20220218,20220218,112552500,11:25:53,564.7,182056,50730,102754934200,0,0,0
sc2204,20220218,20220218,112553000,11:25:53,564.7,182056,50730,102754934200,0,0,0
sc2204,20220218,20220218,112553500,11:25:54,564.7,182056,50730,102754934200,0,0,0
sc2204,20220218,20220218,112554000,11:25:54,564.7,182056,50730,102754934200,0,0,0
sc2204,20220218,20220218,112554500,11:25:55,564.7,182056,50730,102754934200,0,0,0
sc2204,20220218,20220218,112555000,11:25:56,564.6,182058,50730,102756063400,2,0,1129200
sc2204,20220218,20220218,112555500,11:25:56,564.6,182058,50730,102756063400,0,0,0
sc2204,20220218,20220218,112556000,11:25:57,564.6,182058,50730,102756063400,0,0,0
sc2204,20220218,20220218,112556500,11:25:57,564.6,182063,50733,102758886400,5,3,2823000
sc2204,20220218,20220218,112557000,11:25:57,564.6,182063,50733,102758886400,0,0,0
sc2204,20220218,20220218,112557500,11:25:57,564.7,182064,50733,102759451100,1,0,564700
sc2204,20220218,20220218,112558000,11:25:59,564.7,182064,50733,102759451100,0,0,0
sc2204,20220218,20220218,112558500,11:25:59,564.7,182064,50733,102759451100,0,0,0
sc2204,20220218,20220218,112559000,11:26:00,564.7,182064,50733,102759451100,0,0,0
sc2204,20220218,20220218,112559500,11:26:00,564.7,182064,50733,102759451100,0,0,0
sc2204,20220218,20220218,112600000,11:26:00,564.7,182064,50733,102759451100,0,0,0
sc2204,20220218,20220218,112600500,11:26:01,564.7,182064,50733,102759451100,0,0,0
sc2204,20220218,20220218,112601000,11:26:01,564.5,182066,50732,102760580200,2,-1,1129100
sc2204,20220218,20220218,112601500,11:26:02,564.7,182069,50730,102762274200,3,-2,1694000
sc2204,20220218,20220218,112602000,11:26:03,564.7,182069,50730,102762274200,0,0,0
sc2204,20220218,20220218,112602500,11:26:03,564.7,182069,50730,102762274200,0,0,0
sc2204,20220218,20220218,112603000,11:26:03,564.7,182069,50730,102762274200,0,0,0
sc2204,20220218,20220218,112603500,11:26:04,564.7,182069,50730,102762274200,0,0,0
sc2204,20220218,20220218,112604000,11:26:05,564.7,182069,50730,102762274200,0,0,0
sc2204,20220218,20220218,112604500,11:26:05,564.6,182071,50731,102763403400,2,1,1129200
sc2204,20220218,20220218,112605000,11:26:05,564.6,182071,50731,102763403400,0,0,0
sc2204,20220218,20220218,112605500,11:26:06,564.6,182071,50731,102763403400,0,0,0
sc2204,20220218,20220218,112606000,11:26:06,564.6,182071,50731,102763403400,0,0,0
sc2204,20220218,20220218,112606500,11:26:09,564.6,182071,50731,102763403400,0,0,0
sc2204,20220218,20220218,112607000,11:26:09,564.6,182071,50731,102763403400,0,0,0
sc2204,20220218,20220218,112607500,11:26:09,564.6,182071,50731,102763403400,0,0,0
sc2204,20220218,20220218,112609000,11:26:10,564.6,182071,50731,102763403400,0,0,0
sc2204,20220218,20220218,112609500,11:26:10,564.6,182071,50731,102763403400,0,0,0
sc2204,20220218,20220218,112610000,11:26:10,564.6,182071,50731,102763403400,0,0,0
sc2204,20220218,20220218,112610500,11:26:11,564.6,182071,50731,102763403400,0,0,0
sc2204,20220218,20220218,112611000,11:26:11,564.6,182071,50731,102763403400,0,0,0
sc2204,20220218,20220218,112611500,11:26:13,564.6,182071,50731,102763403400,0,0,0
sc2204,20220218,20220218,112612000,11:26:14,564.6,182071,50731,102763403400,0,0,0
sc2204,20220218,20220218,112612500,11:26:14,564.6,182071,50731,102763403400,0,0,0
sc2204,20220218,20220218,112613000,11:26:15,564.6,182071,50731,102763403400,0,0,0
sc2204,20220218,20220218,112613500,11:26:15,564.6,182073,50731,102764532600,2,0,1129200
sc2204,20220218,20220218,112614000,11:26:15,564.6,182074,50730,102765097200,1,-1,564600
sc2204,20220218,20220218,112614500,11:26:16,564.6,182074,50730,102765097200,0,0,0
sc2204,20220218,20220218,112615000,11:26:16,564.6,182074,50730,102765097200,0,0,0
sc2204,20220218,20220218,112615500,11:26:16,564.6,182074,50730,102765097200,0,0,0
sc2204,20220218,20220218,112616000,11:26:16,564.6,182074,50730,102765097200,0,0,0
sc2204,20220218,20220218,112616500,11:26:17,564.6,182074,50730,102765097200,0,0,0
sc2204,20220218,20220218,112617000,11:26:17,564.6,182074,50730,102765097200,0,0,0
sc2204,20220218,20220218,112617500,11:26:17,564.6,182074,50730,102765097200,0,0,0
sc2204,20220218,20220218,112618000,11:26:18,564.6,182074,50730,102765097200,0,0,0
sc2204,20220218,20220218,112618500,11:26:19,564.6,182075,50730,102765661800,1,0,564600
sc2204,20220218,20220218,112619000,11:26:19,564.6,182079,50732,102767920200,4,2,2258400
sc2204,20220218,20220218,112619500,11:26:20,564.6,182079,50732,102767920200,0,0,0
sc2204,20220218,20220218,112620000,11:26:20,564.5,182081,50732,102769049200,2,0,1129000
sc2204,20220218,20220218,112620500,11:26:20,564.5,182081,50732,102769049200,0,0,0
sc2204,20220218,20220218,112621000,11:26:21,564.5,182081,50732,102769049200,0,0,0
sc2204,20220218,20220218,112621500,11:26:21,564.5,182081,50732,102769049200,0,0,0
sc2204,20220218,20220218,112622000,11:26:22,564.5,182081,50732,102769049200,0,0,0
sc2204,20220218,20220218,112622500,11:26:23,564.5,182081,50732,102769049200,0,0,0
sc2204,20220218,20220218,112623000,11:26:23,564.5,182081,50732,102769049200,0,0,0
sc2204,20220218,20220218,112623500,11:26:24,564.5,182115,50760,102788242200,34,28,19193000
sc2204,20220218,20220218,112624000,11:26:24,564.5,182115,50760,102788242200,0,0,0
sc2204,20220218,20220218,112624500,11:26:24,564.5,182115,50760,102788242200,0,0,0
sc2204,20220218,20220218,112625000,11:26:25,564.5,182115,50760,102788242200,0,0,0
sc2204,20220218,20220218,112625500,11:26:26,564.5,182115,50760,102788242200,0,0,0
sc2204,20220218,20220218,112626000,11:26:26,564.5,182115,50760,102788242200,0,0,0
sc2204,20220218,20220218,112626500,11:26:26,564.4,182117,50760,102789371000,2,0,1128800
sc2204,20220218,20220218,112627000,11:26:27,564.4,182117,50760,102789371000,0,0,0
sc2204,20220218,20220218,112627500,11:26:27,564.4,182117,50760,102789371000,0,0,0
sc2204,20220218,20220218,112628000,11:26:28,564.5,182118,50760,102789935500,1,0,564500
sc2204,20220218,20220218,112628500,11:26:28,564.4,182119,50760,102790499900,1,0,564400
sc2204,20220218,20220218,112629000,11:26:30,564.5,182122,50763,102792193400,3,3,1693500
sc2204,20220218,20220218,112629500,11:26:30,564.5,182122,50763,102792193400,0,0,0
sc2204,20220218,20220218,112630000,11:26:31,564.5,182122,50763,102792193400,0,0,0
sc2204,20220218,20220218,112630500,11:26:31,564.5,182122,50763,102792193400,0,0,0
sc2204,20220218,20220218,112631000,11:26:31,564.5,182122,50763,102792193400,0,0,0
sc2204,20220218,20220218,112631500,11:26:32,564.5,182122,50763,102792193400,0,0,0
sc2204,20220218,20220218,112632000,11:26:32,564.5,182122,50763,102792193400,0,0,0
sc2204,20220218,20220218,112632500,11:26:32,564.5,182122,50763,102792193400,0,0,0
sc2204,20220218,20220218,112633000,11:26:33,564.5,182122,50763,102792193400,0,0,0
sc2204,20220218,20220218,112633500,11:26:34,564.5,182122,50763,102792193400,0,0,0
sc2204,20220218,20220218,112634000,11:26:36,564.5,182122,50763,102792193400,0,0,0
sc2204,20220218,20220218,112634500,11:26:37,564.4,182123,50762,102792757800,1,-1,564400
sc2204,20220218,20220218,112635000,11:26:37,564.4,182123,50762,102792757800,0,0,0
sc2204,20220218,20220218,112635500,11:26:38,564.4,182124,50761,102793322200,1,-1,564400
sc2204,20220218,20220218,112637000,11:26:54,564.4,182124,50761,102793322200,0,0,0
sc2204,20220218,20220218,112637500,11:27:10,564.4,182124,50761,102793322200,0,0,0
sc2204,20220218,20220218,112638000,11:27:10,564.3,182131,50763,102797272900,7,2,3950700
sc2204,20220218,20220218,112653500,11:27:11,564.3,182131,50763,102797272900,0,0,0
sc2204,20220218,20220218,112710000,11:27:12,564.4,182156,50754,102811382600,25,-9,14109700
sc2204,20220218,20220218,112712000,11:27:13,564.4,182156,50754,102811382600,0,0,0
sc2204,20220218,20220218,112712500,11:27:13,564.4,182156,50754,102811382600,0,0,0
sc2204,20220218,20220218,112713000,11:27:14,564.4,182156,50754,102811382600,0,0,0
sc2204,20220218,20220218,112713500,11:27:14,564.4,182156,50754,102811382600,0,0,0
sc2204,20220218,20220218,112714000,11:27:15,564.4,182156,50754,102811382600,0,0,0
sc2204,20220218,20220218,112714500,11:27:15,564.3,182158,50752,102812511300,2,-2,1128700
sc2204,20220218,20220218,112715000,11:27:16,564.3,182158,50752,102812511300,0,0,0
sc2204,20220218,20220218,112715500,11:27:16,564.3,182158,50752,102812511300,0,0,0
sc2204,20220218,20220218,112716000,11:27:17,564.3,182158,50752,102812511300,0,0,0
sc2204,20220218,20220218,112716500,11:27:17,564.3,182158,50752,102812511300,0,0,0
sc2204,20220218,20220218,112717000,11:27:17,564.4,182159,50752,102813075700,1,0,564400
sc2204,20220218,20220218,112717500,11:27:17,564.4,182159,50752,102813075700,0,0,0
sc2204,20220218,20220218,112718000,11:27:18,564.4,182159,50752,102813075700,0,0,0
sc2204,20220218,20220218,112718500,11:27:19,564.4,182159,50752,102813075700,0,0,0
sc2204,20220218,20220218,112719000,11:27:19,564.4,182159,50752,102813075700,0,0,0
sc2204,20220218,20220218,112719500,11:27:20,564.4,182159,50752,102813075700,0,0,0
sc2204,20220218,20220218,112720000,11:27:20,564.4,182159,50752,102813075700,0,0,0
sc2204,20220218,20220218,112720500,11:27:21,564.4,182159,50752,102813075700,0,0,0
sc2204,20220218,20220218,112721000,11:27:21,564.4,182159,50752,102813075700,0,0,0
sc2204,20220218,20220218,112721500,11:27:22,564.4,182160,50752,102813640100,1,0,564400
sc2204,20220218,20220218,112722000,11:27:22,564.4,182160,50752,102813640100,0,0,0
sc2204,20220218,20220218,112722500,11:27:26,564.4,182160,50752,102813640100,0,0,0
sc2204,20220218,20220218,112723000,11:27:26,564.4,182160,50752,102813640100,0,0,0
sc2204,20220218,20220218,112723500,11:27:27,564.5,182162,50751,102814769100,2,-1,1129000
sc2204,20220218,20220218,112724000,11:27:27,564.5,182163,50751,102815333600,1,0,564500
sc2204,20220218,20220218,112726500,11:27:27,564.5,182163,50751,102815333600,0,0,0
sc2204,20220218,20220218,112727000,11:27:27,564.5,182163,50751,102815333600,0,0,0
sc2204,20220218,20220218,112727500,11:27:27,564.5,182163,50751,102815333600,0,0,0
sc2204,20220218,20220218,112728000,11:27:28,564.5,182163,50751,102815333600,0,0,0
sc2204,20220218,20220218,112728500,11:27:28,564.5,182163,50751,102815333600,0,0,0
sc2204,20220218,20220218,112729000,11:27:29,564.5,182163,50751,102815333600,0,0,0
sc2204,20220218,20220218,112729500,11:27:30,564.5,182163,50751,102815333600,0,0,0
sc2204,20220218,20220218,112730000,11:27:30,564.5,182175,50746,102822107400,12,-5,6773800
sc2204,20220218,20220218,112730500,11:27:31,564.5,182175,50746,102822107400,0,0,0
sc2204,20220218,20220218,112731000,11:27:33,564.5,182175,50746,102822107400,0,0,0
sc2204,20220218,20220218,112731500,11:27:35,564.5,182175,50746,102822107400,0,0,0
sc2204,20220218,20220218,112732000,11:27:36,564.5,182175,50746,102822107400,0,0,0
sc2204,20220218,20220218,112735500,11:27:36,564.5,182175,50746,102822107400,0,0,0
sc2204,20220218,20220218,112736000,11:27:37,564.5,182182,50742,102826058900,7,-4,3951500
sc2204,20220218,20220218,112736500,11:27:38,564.4,182187,50743,102828881000,5,1,2822100
sc2204,20220218,20220218,112737000,11:27:38,564.4,182187,50743,102828881000,0,0,0
sc2204,20220218,20220218,112737500,11:27:38,564.4,182189,50741,102830009800,2,-2,1128800
sc2204,20220218,20220218,112738000,11:27:39,564.4,182189,50741,102830009800,0,0,0
sc2204,20220218,20220218,112738500,11:27:39,564.5,182192,50738,102831703300,3,-3,1693500
sc2204,20220218,20220218,112739000,11:27:39,564.5,182192,50738,102831703300,0,0,0
sc2204,20220218,20220218,112739500,11:27:39,564.5,182192,50738,102831703300,0,0,0
sc2204,20220218,20220218,112740000,11:27:40,564.5,182192,50738,102831703300,0,0,0
sc2204,20220218,20220218,112740500,11:27:40,564.5,182192,50738,102831703300,0,0,0
sc2204,20220218,20220218,112741000,11:27:41,564.5,182192,50738,102831703300,0,0,0
sc2204,20220218,20220218,112741500,11:27:42,564.5,182192,50738,102831703300,0,0,0
sc2204,20220218,20220218,112742000,11:27:42,564.5,182192,50738,102831703300,0,0,0
sc2204,20220218,20220218,112742500,11:27:43,564.5,182192,50738,102831703300,0,0,0
sc2204,20220218,20220218,112743000,11:27:43,564.4,182194,50737,102832832100,2,-1,1128800
sc2204,20220218,20220218,112743500,11:27:44,564.4,182194,50737,102832832100,0,0,0
sc2204,20220218,20220218,112744000,11:27:44,564.4,182194,50737,102832832100,0,0,0
sc2204,20220218,20220218,112744500,11:27:45,564.4,182194,50737,102832832100,0,0,0
sc2204,20220218,20220218,112745000,11:27:45,564.4,182194,50737,102832832100,0,0,0
sc2204,20220218,20220218,112745500,11:27:46,564.4,182194,50737,102832832100,0,0,0
sc2204,20220218,20220218,112746000,11:27:46,564.4,182194,50737,102832832100,0,0,0
sc2204,20220218,20220218,112746500,11:27:47,564.4,182194,50737,102832832100,0,0,0
sc2204,20220218,20220218,112747000,11:27:47,564.4,182194,50737,102832832100,0,0,0
sc2204,20220218,20220218,112747500,11:27:48,564.4,182194,50737,102832832100,0,0,0
sc2204,20220218,20220218,112748000,11:27:53,564.4,182194,50737,102832832100,0,0,0
sc2204,20220218,20220218,112748500,11:27:54,564.4,182194,50737,102832832100,0,0,0
sc2204,20220218,20220218,112749000,11:27:54,564.4,182194,50737,102832832100,0,0,0
sc2204,20220218,20220218,112749500,11:27:54,564.4,182194,50737,102832832100,0,0,0
sc2204,20220218,20220218,112754000,11:27:54,564.4,182194,50737,102832832100,0,0,0
sc2204,20220218,20220218,112754500,11:27:54,564.4,182194,50737,102832832100,0,0,0
sc2204,20220218,20220218,112755000,11:27:55,564.4,182194,50737,102832832100,0,0,0
sc2204,20220218,20220218,112755500,11:27:55,564.4,182194,50737,102832832100,0,0,0
sc2204,20220218,20220218,112756000,11:27:56,564.4,182194,50737,102832832100,0,0,0
sc2204,20220218,20220218,112756500,11:27:56,564.5,182196,50735,102833961100,2,-2,1129000
sc2204,20220218,20220218,112757000,11:27:57,564.5,182196,50735,102833961100,0,0,0
sc2204,20220218,20220218,112757500,11:27:57,564.5,182196,50735,102833961100,0,0,0
sc2204,20220218,20220218,112758000,11:27:58,564.5,182196,50735,102833961100,0,0,0
sc2204,20220218,20220218,112758500,11:27:59,564.5,182196,50735,102833961100,0,0,0
sc2204,20220218,20220218,112759000,11:27:59,564.5,182199,50735,102835654600,3,0,1693500
sc2204,20220218,20220218,112759500,11:27:59,564.5,182203,50734,102837912600,4,-1,2258000
sc2204,20220218,20220218,112800000,11:28:00,564.5,182203,50734,102837912600,0,0,0
sc2204,20220218,20220218,112800500,11:28:01,564.5,182203,50734,102837912600,0,0,0
sc2204,20220218,20220218,112801000,11:28:01,564.5,182203,50734,102837912600,0,0,0
sc2204,20220218,20220218,112801500,11:28:02,564.5,182203,50734,102837912600,0,0,0
sc2204,20220218,20220218,112802000,11:28:03,564.5,182203,50734,102837912600,0,0,0
sc2204,20220218,20220218,112802500,11:28:03,564.5,182203,50734,102837912600,0,0,0
sc2204,20220218,20220218,112803000,11:28:04,564.6,182215,50726,102844687800,12,-8,6775200
sc2204,20220218,20220218,112803500,11:28:04,564.6,182215,50726,102844687800,0,0,0
sc2204,20220218,20220218,112804000,11:28:05,564.6,182219,50727,102846946200,4,1,2258400
sc2204,20220218,20220218,112804500,11:28:05,564.6,182219,50727,102846946200,0,0,0
sc2204,20220218,20220218,112805000,11:28:06,564.6,182219,50727,102846946200,0,0,0
sc2204,20220218,20220218,112805500,11:28:06,564.6,182219,50727,102846946200,0,0,0
sc2204,20220218,20220218,112806000,11:28:10,564.7,182222,50725,102848640300,3,-2,1694100
sc2204,20220218,20220218,112806500,11:28:10,564.6,182225,50722,102850334100,3,-3,1693800
sc2204,20220218,20220218,112807000,11:28:10,564.6,182225,50722,102850334100,0,0,0
sc2204,20220218,20220218,112810000,11:28:11,564.6,182225,50722,102850334100,0,0,0
sc2204,20220218,20220218,112810500,11:28:12,564.6,182225,50722,102850334100,0,0,0
sc2204,20220218,20220218,112811000,11:28:12,564.6,182225,50722,102850334100,0,0,0
sc2204,20220218,20220218,112811500,11:28:12,564.6,182225,50722,102850334100,0,0,0
sc2204,20220218,20220218,112812000,11:28:13,564.6,182225,50722,102850334100,0,0,0
sc2204,20220218,20220218,112812500,11:28:13,564.6,182225,50722,102850334100,0,0,0
sc2204,20220218,20220218,112813000,11:28:13,564.6,182225,50722,102850334100,0,0,0
sc2204,20220218,20220218,112813500,11:28:14,564.6,182225,50722,102850334100,0,0,0
sc2204,20220218,20220218,112814000,11:28:14,564.6,182225,50722,102850334100,0,0,0
sc2204,20220218,20220218,112814500,11:28:14,564.6,182225,50722,102850334100,0,0,0
sc2204,20220218,20220218,112815000,11:28:15,564.6,182225,50722,102850334100,0,0,0
sc2204,20220218,20220218,112815500,11:28:15,564.6,182225,50722,102850334100,0,0,0
sc2204,20220218,20220218,112816000,11:28:16,564.6,182225,50722,102850334100,0,0,0
sc2204,20220218,20220218,112816500,11:28:16,564.7,182227,50722,102851463400,2,0,1129300
sc2204,20220218,20220218,112817000,11:28:17,564.7,182227,50722,102851463400,0,0,0
sc2204,20220218,20220218,112817500,11:28:18,564.7,182227,50722,102851463400,0,0,0
sc2204,20220218,20220218,112818000,11:28:18,564.7,182231,50722,102853722200,4,0,2258800
sc2204,20220218,20220218,112818500,11:28:18,564.7,182231,50722,102853722200,0,0,0
sc2204,20220218,20220218,112819000,11:28:19,564.7,182231,50722,102853722200,0,0,0
sc2204,20220218,20220218,112819500,11:28:20,564.7,182231,50722,102853722200,0,0,0
sc2204,20220218,20220218,112820000,11:28:20,564.7,182231,50722,102853722200,0,0,0
sc2204,20220218,20220218,112820500,11:28:21,564.7,182233,50724,102854851600,2,2,1129400
sc2204,20220218,20220218,112821000,11:28:21,564.7,182235,50726,102855981000,2,2,1129400
sc2204,20220218,20220218,112821500,11:28:22,564.7,182235,50726,102855981000,0,0,0
sc2204,20220218,20220218,112822000,11:28:22,564.7,182235,50726,102855981000,0,0,0
sc2204,20220218,20220218,112822500,11:28:22,564.7,182235,50726,102855981000,0,0,0
sc2204,20220218,20220218,112823000,11:28:23,564.7,182236,50726,102856545700,1,0,564700
sc2204,20220218,20220218,112823500,11:28:23,564.7,182237,50726,102857110400,1,0,564700
sc2204,20220218,20220218,112824000,11:28:24,564.7,182237,50726,102857110400,0,0,0
sc2204,20220218,20220218,112824500,11:28:25,564.7,182237,50726,102857110400,0,0,0
sc2204,20220218,20220218,112825000,11:28:25,564.7,182237,50726,102857110400,0,0,0
sc2204,20220218,20220218,112825500,11:28:25,564.7,182237,50726,102857110400,0,0,0
sc2204,20220218,20220218,112826000,11:28:26,564.7,182241,50730,102859369200,4,4,2258800
sc2204,20220218,20220218,112826500,11:28:27,564.7,182242,50730,102859933900,1,0,564700
sc2204,20220218,20220218,112827000,11:28:27,564.7,182242,50730,102859933900,0,0,0
sc2204,20220218,20220218,112827500,11:28:27,564.7,182242,50730,102859933900,0,0,0
sc2204,20220218,20220218,112828000,11:28:28,564.7,182242,50730,102859933900,0,0,0
sc2204,20220218,20220218,112828500,11:28:28,564.7,182242,50730,102859933900,0,0,0
sc2204,20220218,20220218,112829000,11:28:29,564.7,182242,50730,102859933900,0,0,0
sc2204,20220218,20220218,112829500,11:28:30,564.7,182242,50730,102859933900,0,0,0
sc2204,20220218,20220218,112830000,11:28:30,564.7,182242,50730,102859933900,0,0,0
sc2204,20220218,20220218,112830500,11:28:31,564.7,182246,50730,102862192500,4,0,2258600
sc2204,20220218,20220218,112831000,11:28:31,564.7,182248,50730,102863321900,2,0,1129400
sc2204,20220218,20220218,112831500,11:28:32,564.7,182250,50729,102864451300,2,-1,1129400
sc2204,20220218,20220218,112832000,11:28:33,564.7,182250,50729,102864451300,0,0,0
sc2204,20220218,20220218,112832500,11:28:33,564.7,182250,50729,102864451300,0,0,0
sc2204,20220218,20220218,112833000,11:28:33,564.7,182250,50729,102864451300,0,0,0
sc2204,20220218,20220218,112833500,11:28:34,564.6,182253,50728,102866145200,3,-1,1693900
sc2204,20220218,20220218,112834000,11:28:34,564.7,182254,50727,102866709900,1,-1,564700
sc2204,20220218,20220218,112834500,11:28:34,564.7,182254,50727,102866709900,0,0,0
sc2204,20220218,20220218,112835000,11:28:35,564.7,182254,50727,102866709900,0,0,0
sc2204,20220218,20220218,112835500,11:28:37,564.7,182254,50727,102866709900,0,0,0
sc2204,20220218,20220218,112836000,11:28:37,564.7,182254,50727,102866709900,0,0,0
sc2204,20220218,20220218,112836500,11:28:37,564.8,182259,50727,102869533900,5,0,2824000
sc2204,20220218,20220218,112837000,11:28:37,564.8,182259,50727,102869533900,0,0,0
sc2204,20220218,20220218,112837500,11:28:38,564.8,182260,50727,102870098700,1,0,564800
sc2204,20220218,20220218,112838000,11:28:38,564.8,182260,50727,102870098700,0,0,0
sc2204,20220218,20220218,112838500,11:28:38,564.8,182260,50727,102870098700,0,0,0
sc2204,20220218,20220218,112839000,11:28:40,564.8,182260,50727,102870098700,0,0,0
sc2204,20220218,20220218,112839500,11:28:40,564.8,182262,50727,102871228300,2,0,1129600
sc2204,20220218,20220218,112840000,11:28:40,564.8,182262,50727,102871228300,0,0,0
sc2204,20220218,20220218,112840500,11:28:40,564.8,182262,50727,102871228300,0,0,0
sc2204,20220218,20220218,112841000,11:28:41,564.8,182262,50727,102871228300,0,0,0
sc2204,20220218,20220218,112841500,11:28:41,564.8,182262,50727,102871228300,0,0,0
sc2204,20220218,20220218,112842000,11:28:42,564.8,182265,50729,102872922700,3,2,1694400
sc2204,20220218,20220218,112842500,11:28:42,564.8,182265,50729,102872922700,0,0,0
sc2204,20220218,20220218,112843000,11:28:43,564.8,182268,50730,102874617100,3,1,1694400
sc2204,20220218,20220218,112843500,11:28:44,564.8,182268,50730,102874617100,0,0,0
sc2204,20220218,20220218,112844000,11:28:44,564.8,182268,50730,102874617100,0,0,0
sc2204,20220218,20220218,112844500,11:28:45,564.8,182268,50730,102874617100,0,0,0
sc2204,20220218,20220218,112845000,11:28:45,564.8,182268,50730,102874617100,0,0,0
sc2204,20220218,20220218,112845500,11:28:46,564.8,182268,50730,102874617100,0,0,0
sc2204,20220218,20220218,112846000,11:28:46,564.8,182270,50729,102875746700,2,-1,1129600
sc2204,20220218,20220218,112846500,11:28:46,564.8,182272,50728,102876876300,2,-1,1129600
sc2204,20220218,20220218,112847000,11:28:47,564.8,182272,50728,102876876300,0,0,0
sc2204,20220218,20220218,112847500,11:28:48,564.8,182272,50728,102876876300,0,0,0
sc2204,20220218,20220218,112848000,11:28:48,564.8,182272,50728,102876876300,0,0,0
sc2204,20220218,20220218,112848500,11:28:48,564.9,182274,50730,102878006100,2,2,1129800
sc2204,20220218,20220218,112849000,11:28:49,564.9,182280,50731,102881395500,6,1,3389400
sc2204,20220218,20220218,112849500,11:28:50,564.9,182281,50731,102881960400,1,0,564900
sc2204,20220218,20220218,112850000,11:28:50,564.9,182281,50731,102881960400,0,0,0
sc2204,20220218,20220218,112850500,11:28:51,564.9,182283,50730,102883090200,2,-1,1129800
sc2204,20220218,20220218,112851000,11:28:51,564.9,182284,50731,102883655100,1,1,564900
sc2204,20220218,20220218,112851500,11:28:51,564.9,182284,50731,102883655100,0,0,0
sc2204,20220218,20220218,112852000,11:28:53,564.9,182288,50732,102885914700,4,1,2259600
sc2204,20220218,20220218,112852500,11:28:54,564.8,182289,50733,102886479500,1,1,564800
sc2204,20220218,20220218,112853000,11:28:54,564.8,182289,50733,102886479500,0,0,0
sc2204,20220218,20220218,112853500,11:28:54,564.8,182289,50733,102886479500,0,0,0
sc2204,20220218,20220218,112854000,11:28:54,564.8,182290,50734,102887044300,1,1,564800
sc2204,20220218,20220218,112854500,11:28:54,564.8,182290,50734,102887044300,0,0,0
sc2204,20220218,20220218,112855000,11:28:55,564.8,182290,50734,102887044300,0,0,0
sc2204,20220218,20220218,112855500,11:28:56,564.9,182291,50734,102887609200,1,0,564900
sc2204,20220218,20220218,112856000,11:28:56,564.9,182292,50734,102888174100,1,0,564900
sc2204,20220218,20220218,112856500,11:28:57,564.9,182292,50734,102888174100,0,0,0
sc2204,20220218,20220218,112857000,11:28:57,564.9,182292,50734,102888174100,0,0,0
sc2204,20220218,20220218,112857500,11:28:58,564.9,182293,50735,102888739000,1,1,564900
sc2204,20220218,20220218,112858000,11:28:59,564.9,182293,50735,102888739000,0,0,0
sc2204,20220218,20220218,112858500,11:28:59,564.9,182293,50735,102888739000,0,0,0
sc2204,20220218,20220218,112859000,11:28:59,564.9,182294,50734,102889303900,1,-1,564900
sc2204,20220218,20220218,112859500,11:29:00,565,182300,50734,102892693700,6,0,3389800
sc2204,20220218,20220218,112900000,11:29:00,565,182300,50734,102892693700,0,0,0
sc2204,20220218,20220218,112900500,11:29:01,564.9,182301,50734,102893258600,1,0,564900
sc2204,20220218,20220218,112901000,11:29:01,564.9,182301,50734,102893258600,0,0,0
sc2204,20220218,20220218,112901500,11:29:01,564.9,182302,50735,102893823500,1,1,564900
sc2204,20220218,20220218,112902000,11:29:03,564.9,182304,50735,102894953400,2,0,1129900
sc2204,20220218,20220218,112902500,11:29:03,564.9,182304,50735,102894953400,0,0,0
sc2204,20220218,20220218,112903000,11:29:03,564.9,182304,50735,102894953400,0,0,0
sc2204,20220218,20220218,112903500,11:29:04,564.9,182304,50735,102894953400,0,0,0
sc2204,20220218,20220218,112904000,11:29:04,564.9,182304,50735,102894953400,0,0,0
sc2204,20220218,20220218,112904500,11:29:04,564.9,182304,50735,102894953400,0,0,0
sc2204,20220218,20220218,112905000,11:29:05,565,182305,50734,102895518400,1,-1,565000
sc2204,20220218,20220218,112905500,11:29:06,565,182305,50734,102895518400,0,0,0
sc2204,20220218,20220218,112906000,11:29:06,565,182307,50732,102896648400,2,-2,1130000
sc2204,20220218,20220218,112906500,11:29:06,565,182307,50732,102896648400,0,0,0
sc2204,20220218,20220218,112907000,11:29:08,564.9,182308,50732,102897213300,1,0,564900
sc2204,20220218,20220218,112907500,11:29:08,565,182309,50731,102897778300,1,-1,565000
sc2204,20220218,20220218,112908000,11:29:08,565,182309,50731,102897778300,0,0,0
sc2204,20220218,20220218,112908500,11:29:08,565,182309,50731,102897778300,0,0,0
sc2204,20220218,20220218,112909000,11:29:09,564.9,182311,50729,102898908100,2,-2,1129800
sc2204,20220218,20220218,112909500,11:29:09,564.9,182311,50729,102898908100,0,0,0
sc2204,20220218,20220218,112910000,11:29:10,565,182314,50726,102900603100,3,-3,1695000
sc2204,20220218,20220218,112910500,11:29:10,564.9,182315,50726,102901168000,1,0,564900
sc2204,20220218,20220218,112911000,11:29:11,564.9,182315,50726,102901168000,0,0,0
sc2204,20220218,20220218,112911500,11:29:12,564.9,182316,50727,102901732900,1,1,564900
sc2204,20220218,20220218,112912000,11:29:12,564.9,182316,50727,102901732900,0,0,0
sc2204,20220218,20220218,112912500,11:29:12,564.9,182316,50727,102901732900,0,0,0
sc2204,20220218,20220218,112913000,11:29:13,565,182317,50727,102902297900,1,0,565000
sc2204,20220218,20220218,112913500,11:29:14,565,182317,50727,102902297900,0,0,0
sc2204,20220218,20220218,112914000,11:29:14,565,182318,50728,102902862900,1,1,565000
sc2204,20220218,20220218,112914500,11:29:15,565,182318,50728,102902862900,0,0,0
sc2204,20220218,20220218,112915000,11:29:15,565,182318,50728,102902862900,0,0,0
sc2204,20220218,20220218,112915500,11:29:16,564.9,182319,50728,102903427800,1,0,564900
sc2204,20220218,20220218,112916000,11:29:16,565,182329,50738,102909077800,10,10,5650000
sc2204,20220218,20220218,112916500,11:29:20,565,182331,50738,102910207800,2,0,1130000
sc2204,20220218,20220218,112917000,11:29:20,565,182333,50739,102911337700,2,1,1129900
sc2204,20220218,20220218,112917500,11:29:21,565,182336,50737,102913032500,3,-2,1694800
sc2204,20220218,20220218,112918000,11:29:21,564.9,182337,50737,102913597400,1,0,564900
sc2204,20220218,20220218,112920500,11:29:22,564.9,182337,50737,102913597400,0,0,0
sc2204,20220218,20220218,112921000,11:29:22,564.9,182337,50737,102913597400,0,0,0
sc2204,20220218,20220218,112921500,11:29:24,564.9,182337,50737,102913597400,0,0,0
sc2204,20220218,20220218,112922000,11:29:24,564.9,182337,50737,102913597400,0,0,0
sc2204,20220218,20220218,112922500,11:29:24,564.9,182337,50737,102913597400,0,0,0
sc2204,20220218,20220218,112923000,11:29:24,564.9,182337,50737,102913597400,0,0,0
sc2204,20220218,20220218,112924000,11:29:24,564.9,182337,50737,102913597400,0,0,0
sc2204,20220218,20220218,112924500,11:29:24,564.9,182337,50737,102913597400,0,0,0
sc2204,20220218,20220218,112925000,11:29:25,565,182368,50719,102931111400,31,-18,17514000
sc2204,20220218,20220218,112925500,11:29:25,565,182368,50719,102931111400,0,0,0
sc2204,20220218,20220218,112926000,11:29:26,565,182368,50719,102931111400,0,0,0
sc2204,20220218,20220218,112926500,11:29:26,565,182370,50719,102932241300,2,0,1129900
sc2204,20220218,20220218,112927000,11:29:27,564.9,182372,50718,102933371200,2,-1,1129900
sc2204,20220218,20220218,112927500,11:29:27,565,182375,50718,102935066200,3,0,1695000
sc2204,20220218,20220218,112928000,11:29:28,564.9,182376,50719,102935631100,1,1,564900
sc2204,20220218,20220218,112928500,11:29:29,564.9,182376,50719,102935631100,0,0,0
sc2204,20220218,20220218,112929000,11:29:29,565,182379,50717,102937326100,3,-2,1695000
sc2204,20220218,20220218,112929500,11:29:29,565,182379,50717,102937326100,0,0,0
sc2204,20220218,20220218,112930000,11:29:30,564.9,182381,50716,102938455900,2,-1,1129800
sc2204,20220218,20220218,112930500,11:29:31,564.9,182382,50715,102939020800,1,-1,564900
sc2204,20220218,20220218,112931000,11:29:32,564.8,182383,50715,102939585600,1,0,564800
sc2204,20220218,20220218,112931500,11:29:32,564.8,182383,50715,102939585600,0,0,0
sc2204,20220218,20220218,112932000,11:29:36,564.8,182383,50715,102939585600,0,0,0
sc2204,20220218,20220218,112932500,11:29:37,564.9,182385,50714,102940715500,2,-1,1129900
sc2204,20220218,20220218,112933000,11:29:37,564.9,182385,50714,102940715500,0,0,0
sc2204,20220218,20220218,112936500,11:29:38,564.9,182385,50714,102940715500,0,0,0
sc2204,20220218,20220218,112937500,11:29:38,564.9,182385,50714,102940715500,0,0,0
sc2204,20220218,20220218,112938000,11:29:38,564.9,182385,50714,102940715500,0,0,0
sc2204,20220218,20220218,112939000,11:29:39,565,182394,50718,102945799900,9,4,5084400
sc2204,20220218,20220218,112939500,11:29:40,564.9,182395,50717,102946364800,1,-1,564900
sc2204,20220218,20220218,112940000,11:29:40,564.9,182400,50714,102949189300,5,-3,2824500
sc2204,20220218,20220218,112940500,11:29:40,565,182406,50715,102952579300,6,1,3390000
sc2204,20220218,20220218,112941000,11:29:41,564.9,182410,50718,102954838900,4,3,2259600
sc2204,20220218,20220218,112941500,11:29:42,564.9,182410,50718,102954838900,0,0,0
sc2204,20220218,20220218,112942000,11:29:44,564.9,182410,50718,102954838900,0,0,0
sc2204,20220218,20220218,112942500,11:29:44,564.9,182410,50718,102954838900,0,0,0
sc2204,20220218,20220218,112943000,11:29:45,564.9,182410,50718,102954838900,0,0,0
sc2204,20220218,20220218,112943500,11:29:45,564.9,182410,50718,102954838900,0,0,0
sc2204,20220218,20220218,112944500,11:29:46,565,182416,50721,102958228900,6,3,3390000
sc2204,20220218,20220218,112945000,11:29:46,565,182419,50721,102959923900,3,0,1695000
sc2204,20220218,20220218,112945500,11:29:46,564.9,182424,50718,102962748400,5,-3,2824500
sc2204,20220218,20220218,112946000,11:29:46,564.9,182430,50712,102966137800,6,-6,3389400
sc2204,20220218,20220218,112946500,11:29:47,565,182431,50711,102966702800,1,-1,565000
sc2204,20220218,20220218,112947000,11:29:47,565,182431,50711,102966702800,0,0,0
sc2204,20220218,20220218,112947500,11:29:48,564.9,182433,50710,102967832700,2,-1,1129900
sc2204,20220218,20220218,112948000,11:29:49,564.9,182437,50712,102970092400,4,2,2259700
sc2204,20220218,20220218,112948500,11:29:50,564.8,182440,50711,102971787000,3,-1,1694600
sc2204,20220218,20220218,112949000,11:29:50,565,182444,50711,102974047000,4,0,2260000
sc2204,20220218,20220218,112949500,11:29:51,564.9,182446,50711,102975176800,2,0,1129800
sc2204,20220218,20220218,112950000,11:29:51,564.9,182448,50711,102976306600,2,0,1129800
sc2204,20220218,20220218,112950500,11:29:51,564.9,182448,50711,102976306600,0,0,0
sc2204,20220218,20220218,112951500,11:29:52,564.9,182458,50707,102981955500,10,-4,5648900
sc2204,20220218,20220218,112952500,11:29:53,564.9,182459,50706,102982520400,1,-1,564900
sc2204,20220218,20220218,112953000,11:29:53,564.8,182461,50704,102983650000,2,-2,1129600
sc2204,20220218,20220218,112953500,11:29:54,564.8,182461,50704,102983650000,0,0,0
sc2204,20220218,20220218,112954000,11:29:54,564.8,182463,50704,102984779600,2,0,1129600
sc2204,20220218,20220218,112954500,11:29:54,564.8,182465,50702,102985909200,2,-2,1129600
sc2204,20220218,20220218,112955000,11:29:55,564.8,182466,50701,102986474000,1,-1,564800
sc2204,20220218,20220218,112955500,11:29:56,564.8,182466,50701,102986474000,0,0,0
sc2204,20220218,20220218,112956000,11:30:00,564.8,182467,50702,102987038800,1,1,564800
sc2204,20220218,20220218,112956500,11:30:00,564.8,182471,50703,102989298000,4,1,2259200
sc2204,20220218,20220218,112957000,11:30:00,564.8,182471,50703,102989298000,0,0,0
sc2204,20220218,20220218,112959500,11:30:02,564.8,182471,50703,102989298000,0,0,0
sc2204,20220218,20220218,113000000,11:30:03,564.8,182471,50703,102989298000,0,0,0
sc2204,20220218,20220218,113001000,11:30:03,564.8,182477,50702,102992687600,6,-1,3389600
sc2204,20220218,20220218,113001500,11:30:03,564.8,182477,50702,102992687600,0,0,0
sc2204,20220218,20220218,133002000,13:30:08,564.8,182480,50703,102994382000,3,1,1694400
sc2204,20220218,20220218,133002500,13:30:10,564.9,182489,50704,102999465400,9,1,5083400
sc2204,20220218,20220218,133008000,13:30:10,564.9,182489,50704,102999465400,0,0,0
sc2204,20220218,20220218,133008500,13:30:10,564.9,182513,50716,103013022100,24,12,13556700
sc2204,20220218,20220218,133009500,13:30:11,564.9,182521,50713,103017540100,8,-3,4518000
sc2204,20220218,20220218,133010000,13:30:11,564.7,182523,50713,103018669500,2,0,1129400
sc2204,20220218,20220218,133010500,13:30:12,564.6,182524,50712,103019234100,1,-1,564600
sc2204,20220218,20220218,133011000,13:30:13,564.6,182524,50712,103019234100,0,0,0
sc2204,20220218,20220218,133012500,13:30:13,564.6,182530,50710,103022622000,6,-2,3387900
sc2204,20220218,20220218,133013000,13:30:14,564.7,182533,50710,103024315900,3,0,1693900
sc2204,20220218,20220218,133013500,13:30:14,564.7,182533,50710,103024315900,0,0,0
sc2204,20220218,20220218,133014000,13:30:16,564.5,182534,50711,103024880400,1,1,564500
sc2204,20220218,20220218,133014500,13:30:17,564.5,182536,50712,103026009500,2,1,1129100
sc2204,20220218,20220218,133015000,13:30:18,564.5,182539,50715,103027703000,3,3,1693500
sc2204,20220218,20220218,133016500,13:30:18,564.5,182539,50715,103027703000,0,0,0
sc2204,20220218,20220218,133017000,13:30:18,564.5,182539,50715,103027703000,0,0,0
sc2204,20220218,20220218,133017500,13:30:19,564.4,182548,50711,103032782800,9,-4,5079800
sc2204,20220218,20220218,133018000,13:30:19,564.4,182554,50705,103036169200,6,-6,3386400
sc2204,20220218,20220218,133018500,13:30:20,564.5,182558,50705,103038426900,4,0,2257700
sc2204,20220218,20220218,133019000,13:30:20,564.5,182558,50705,103038426900,0,0,0
sc2204,20220218,20220218,133020000,13:30:21,564.5,182559,50704,103038991400,1,-1,564500
sc2204,20220218,20220218,133020500,13:30:21,564.4,182572,50706,103046329400,13,2,7338000
sc2204,20220218,20220218,133021000,13:30:21,564.5,182575,50705,103048022900,3,-1,1693500
sc2204,20220218,20220218,133021500,13:30:22,564.6,182576,50705,103048587500,1,0,564600
sc2204,20220218,20220218,133022000,13:30:38,564.6,182576,50705,103048587500,0,0,0
sc2204,20220218,20220218,133022500,13:30:38,564.6,182581,50701,103051410500,5,-4,2823000
sc2204,20220218,20220218,133023000,13:30:38,564.6,182581,50701,103051410500,0,0,0
sc2204,20220218,20220218,133038000,13:30:41,564.6,182581,50701,103051410500,0,0,0
sc2204,20220218,20220218,133038500,13:30:43,564.6,182581,50701,103051410500,0,0,0
sc2204,20220218,20220218,133042500,13:30:44,564.6,182581,50701,103051410500,0,0,0
sc2204,20220218,20220218,133043000,13:30:44,564.6,182607,50690,103066089700,26,-11,14679200
sc2204,20220218,20220218,133044000,13:30:46,564.6,182607,50690,103066089700,0,0,0
sc2204,20220218,20220218,133044500,13:30:46,564.5,182608,50689,103066654200,1,-1,564500
sc2204,20220218,20220218,133045000,13:30:46,564.5,182608,50689,103066654200,0,0,0
sc2204,20220218,20220218,133045500,13:30:47,564.6,182610,50687,103067783400,2,-2,1129200
sc2204,20220218,20220218,133046000,13:30:47,564.6,182610,50687,103067783400,0,0,0
sc2204,20220218,20220218,133046500,13:30:47,564.6,182611,50687,103068348000,1,0,564600
sc2204,20220218,20220218,133048000,13:30:49,564.7,182615,50686,103070606800,4,-1,2258800
sc2204,20220218,20220218,133048500,13:30:49,564.7,182620,50686,103073430300,5,0,2823500
sc2204,20220218,20220218,133049000,13:30:50,564.7,182620,50686,103073430300,0,0,0
sc2204,20220218,20220218,133049500,13:30:50,564.6,182621,50686,103073994900,1,0,564600
sc2204,20220218,20220218,133050000,13:30:51,564.6,182622,50686,103074559500,1,0,564600
sc2204,20220218,20220218,133050500,13:30:51,564.6,182624,50686,103075688700,2,0,1129200
sc2204,20220218,20220218,133051000,13:30:52,564.6,182624,50686,103075688700,0,0,0
sc2204,20220218,20220218,133051500,13:30:52,564.6,182624,50686,103075688700,0,0,0
sc2204,20220218,20220218,133052000,13:30:53,564.6,182624,50686,103075688700,0,0,0
sc2204,20220218,20220218,133052500,13:30:54,564.6,182624,50686,103075688700,0,0,0
sc2204,20220218,20220218,133053000,13:30:54,564.6,182624,50686,103075688700,0,0,0
sc2204,20220218,20220218,133055000,13:30:55,564.8,182631,50682,103079642300,7,-4,3953600
sc2204,20220218,20220218,133055500,13:30:56,564.8,182636,50682,103082466200,5,0,2823900
sc2204,20220218,20220218,133056000,13:30:57,564.8,182637,50682,103083031000,1,0,564800
sc2204,20220218,20220218,133056500,13:30:57,564.8,182637,50682,103083031000,0,0,0
sc2204,20220218,20220218,133057000,13:30:58,564.8,182637,50682,103083031000,0,0,0
sc2204,20220218,20220218,133057500,13:30:58,564.8,182637,50682,103083031000,0,0,0
sc2204,20220218,20220218,133058000,13:30:58,564.8,182637,50682,103083031000,0,0,0
sc2204,20220218,20220218,133058500,13:30:59,564.8,182637,50682,103083031000,0,0,0
sc2204,20220218,20220218,133059000,13:30:59,564.8,182637,50682,103083031000,0,0,0
sc2204,20220218,20220218,133059500,13:30:59,564.8,182637,50682,103083031000,0,0,0
sc2204,20220218,20220218,133101000,13:31:01,564.8,182638,50682,103083595800,1,0,564800
sc2204,20220218,20220218,133101500,13:31:01,564.8,182639,50682,103084160600,1,0,564800
sc2204,20220218,20220218,133102000,13:31:02,564.8,182639,50682,103084160600,0,0,0
sc2204,20220218,20220218,133103000,13:31:03,564.8,182640,50683,103084725400,1,1,564800
sc2204,20220218,20220218,133103500,13:31:05,564.9,182645,50681,103087549900,5,-2,2824500
sc2204,20220218,20220218,133104000,13:31:06,564.9,182645,50681,103087549900,0,0,0
sc2204,20220218,20220218,133104500,13:31:07,565,182664,50695,103098284800,19,14,10734900
sc2204,20220218,20220218,133105500,13:31:08,565,182671,50700,103102240400,7,5,3955600
sc2204,20220218,20220218,133107000,13:31:09,565,182677,50703,103105630700,6,3,3390300
sc2204,20220218,20220218,133107500,13:31:09,565.1,182678,50703,103106195800,1,0,565100
sc2204,20220218,20220218,133108500,13:31:09,565.1,182678,50703,103106195800,0,0,0
sc2204,20220218,20220218,133109000,13:31:10,565.1,182678,50703,103106195800,0,0,0
sc2204,20220218,20220218,133109500,13:31:10,565.1,182688,50702,103111846200,10,-1,5650400
sc2204,20220218,20220218,133110000,13:31:11,565.1,182689,50701,103112411300,1,-1,565100
sc2204,20220218,20220218,133110500,13:31:11,565.1,182693,50701,103114671600,4,0,2260300
sc2204,20220218,20220218,133111000,13:31:11,565.2,182712,50716,103125409800,19,15,10738200
sc2204,20220218,20220218,133111500,13:31:12,565.2,182716,50715,103127670600,4,-1,2260800
sc2204,20220218,20220218,133112000,13:31:12,565.3,182722,50718,103131062000,6,3,3391400
sc2204,20220218,20220218,133112500,13:31:13,565.3,182730,50719,103135584200,8,1,4522200
sc2204,20220218,20220218,133113000,13:31:14,565.3,182730,50719,103135584200,0,0,0
sc2204,20220218,20220218,133113500,13:31:15,565.3,182731,50720,103136149500,1,1,565300
sc2204,20220218,20220218,133114000,13:31:15,565.2,182732,50721,103136714700,1,1,565200
sc2204,20220218,20220218,133114500,13:31:15,565.2,182734,50723,103137845100,2,2,1130400
sc2204,20220218,20220218,133115000,13:31:15,565.2,182736,50725,103138975600,2,2,1130500
sc2204,20220218,20220218,133115500,13:31:16,565.3,182737,50726,103139540900,1,1,565300
sc2204,20220218,20220218,133116000,13:31:16,565.3,182737,50726,103139540900,0,0,0
sc2204,20220218,20220218,133116500,13:31:17,565.3,182737,50726,103139540900,0,0,0
sc2204,20220218,20220218,133117000,13:31:18,565.3,182745,50732,103144063300,8,6,4522400
sc2204,20220218,20220218,133117500,13:31:18,565.2,182746,50731,103144628500,1,-1,565200
sc2204,20220218,20220218,133118000,13:31:19,565.4,182748,50732,103145759200,2,1,1130700
sc2204,20220218,20220218,133118500,13:31:19,565.3,182755,50732,103149716800,7,0,3957600
sc2204,20220218,20220218,133119000,13:31:20,565.2,182758,50733,103151412500,3,1,1695700
sc2204,20220218,20220218,133119500,13:31:20,565.3,182759,50734,103151977800,1,1,565300
sc2204,20220218,20220218,133120000,13:31:20,565.3,182761,50736,103153108400,2,2,1130600
sc2204,20220218,20220218,133120500,13:31:21,565.3,182765,50737,103155369600,4,1,2261200
sc2204,20220218,20220218,133121000,13:31:21,565.3,182769,50737,103157631100,4,0,2261500
sc2204,20220218,20220218,133121500,13:31:22,565.4,182772,50736,103159327300,3,-1,1696200
sc2204,20220218,20220218,133122000,13:31:23,565.4,182774,50737,103160458100,2,1,1130800
sc2204,20220218,20220218,133122500,13:31:25,565.4,182778,50738,103162719700,4,1,2261600
sc2204,20220218,20220218,133123000,13:31:25,565.4,182778,50738,103162719700,0,0,0
sc2204,20220218,20220218,133123500,13:31:25,565.5,182779,50739,103163285200,1,1,565500
sc2204,20220218,20220218,133124500,13:31:25,565.5,182793,50737,103171201500,14,-2,7916300
sc2204,20220218,20220218,133155000,13:31:55,565.5,182794,50736,103171767000,1,-1,565500
sc2204,20220218,20220218,133158000,13:31:58,565.5,182798,50735,103174029000,4,-1,2262000
sc2204,20220218,20220218,133158500,13:31:58,565.5,182810,50737,103180814700,12,2,6785700
sc2204,20220218,20220218,133159500,13:32:00,565.4,182818,50738,103185338000,8,1,4523300
sc2204,20220218,20220218,133200500,13:32:01,565.4,182818,50738,103185338000,0,0,0
sc2204,20220218,20220218,133201000,13:32:01,565.7,183073,50812,103329542900,255,74,144204900
sc2204,20220218,20220218,133201500,13:32:01,565.7,183074,50813,103330108600,1,1,565700
sc2204,20220218,20220218,133202000,13:32:03,565.6,183080,50814,103333502700,6,1,3394100
sc2204,20220218,20220218,133202500,13:32:04,565.6,183080,50814,103333502700,0,0,0
sc2204,20220218,20220218,133203000,13:32:05,565.6,183080,50814,103333502700,0,0,0
sc2204,20220218,20220218,133203500,13:32:05,565.6,183081,50815,103334068300,1,1,565600
sc2204,20220218,20220218,133205000,13:32:06,565.5,183091,50811,103339724100,10,-4,5655800
sc2204,20220218,20220218,133205500,13:32:06,565.6,183095,50811,103341986500,4,0,2262400
sc2204,20220218,20220218,133206000,13:32:07,565.7,183102,50810,103345945300,7,-1,3958800
sc2204,20220218,20220218,133206500,13:32:07,565.6,183108,50810,103349339100,6,0,3393800
sc2204,20220218,20220218,133207000,13:32:07,565.6,183108,50810,103349339100,0,0,0
sc2204,20220218,20220218,133207500,13:32:07,565.6,183110,50808,103350470300,2,-2,1131200
sc2204,20220218,20220218,133208000,13:32:09,565.5,183113,50805,103352166800,3,-3,1696500
sc2204,20220218,20220218,133208500,13:32:10,565.5,183117,50806,103354428800,4,1,2262000
sc2204,20220218,20220218,133209000,13:32:10,565.5,183127,50813,103360082900,10,7,5654100
sc2204,20220218,20220218,133209500,13:32:10,565.5,183127,50813,103360082900,0,0,0
sc2204,20220218,20220218,133210000,13:32:13,565.4,183129,50813,103361213700,2,0,1130800
sc2204,20220218,20220218,133210500,13:32:13,565.4,183129,50813,103361213700,0,0,0
sc2204,20220218,20220218,133211000,13:32:14,565.4,183129,50813,103361213700,0,0,0
sc2204,20220218,20220218,133213000,13:32:15,565.3,183134,50814,103364040400,5,1,2826700
sc2204,20220218,20220218,133214000,13:32:15,565.3,183134,50814,103364040400,0,0,0
sc2204,20220218,20220218,133215000,13:32:16,565.3,183134,50814,103364040400,0,0,0
sc2204,20220218,20220218,133215500,13:32:17,565.3,183134,50814,103364040400,0,0,0
sc2204,20220218,20220218,133216000,13:32:17,565.3,183134,50814,103364040400,0,0,0
sc2204,20220218,20220218,133217000,13:32:18,565.3,183134,50814,103364040400,0,0,0
sc2204,20220218,20220218,133218000,13:32:18,565.3,183139,50813,103366867200,5,-1,2826800
sc2204,20220218,20220218,133218500,13:32:19,565.3,183139,50813,103366867200,0,0,0
sc2204,20220218,20220218,133219000,13:32:20,565.3,183139,50813,103366867200,0,0,0
sc2204,20220218,20220218,133219500,13:32:20,565.4,183140,50813,103367432600,1,0,565400
sc2204,20220218,20220218,133220000,13:32:20,565.4,183140,50813,103367432600,0,0,0
sc2204,20220218,20220218,133220500,13:32:21,565.4,183146,50808,103370825000,6,-5,3392400
sc2204,20220218,20220218,133221000,13:32:22,565.4,183147,50807,103371390400,1,-1,565400
sc2204,20220218,20220218,133221500,13:32:22,565.4,183147,50807,103371390400,0,0,0
sc2204,20220218,20220218,133222000,13:32:23,565.5,183152,50803,103374217800,5,-4,2827400
sc2204,20220218,20220218,133222500,13:32:24,565.5,183152,50803,103374217800,0,0,0
sc2204,20220218,20220218,133223000,13:32:24,565.5,183153,50803,103374783300,1,0,565500
sc2204,20220218,20220218,133223500,13:32:24,565.5,183153,50803,103374783300,0,0,0
sc2204,20220218,20220218,133224000,13:32:24,565.4,183154,50803,103375348700,1,0,565400
sc2204,20220218,20220218,133224500,13:32:25,565.4,183154,50803,103375348700,0,0,0
sc2204,20220218,20220218,133225000,13:32:25,565.4,183154,50803,103375348700,0,0,0
sc2204,20220218,20220218,133225500,13:32:25,565.4,183154,50803,103375348700,0,0,0
sc2204,20220218,20220218,133226000,13:32:27,565.4,183154,50803,103375348700,0,0,0
sc2204,20220218,20220218,133226500,13:32:27,565.4,183154,50803,103375348700,0,0,0
sc2204,20220218,20220218,133227000,13:32:27,565.4,183154,50803,103375348700,0,0,0
sc2204,20220218,20220218,133227500,13:32:32,565.5,183156,50803,103376479700,2,0,1131000
sc2204,20220218,20220218,133228000,13:32:32,565.5,183156,50803,103376479700,0,0,0
sc2204,20220218,20220218,133228500,13:32:33,565.5,183161,50804,103379307200,5,1,2827500
sc2204,20220218,20220218,133229000,13:32:33,565.5,183162,50804,103379872700,1,0,565500
sc2204,20220218,20220218,133232000,13:32:35,565.5,183182,50804,103391182900,20,0,11310200
sc2204,20220218,20220218,133234500,13:32:35,565.5,183182,50804,103391182900,0,0,0
sc2204,20220218,20220218,133235000,13:32:36,565.5,183182,50804,103391182900,0,0,0
sc2204,20220218,20220218,133235500,13:32:36,565.5,183185,50804,103392879400,3,0,1696500
sc2204,20220218,20220218,133236000,13:32:37,565.5,183187,50803,103394010400,2,-1,1131000
sc2204,20220218,20220218,133236500,13:32:37,565.5,183187,50803,103394010400,0,0,0
sc2204,20220218,20220218,133237000,13:32:37,565.5,183187,50803,103394010400,0,0,0
sc2204,20220218,20220218,133237500,13:32:38,565.5,183188,50804,103394575900,1,1,565500
sc2204,20220218,20220218,133238000,13:32:38,565.5,183188,50804,103394575900,0,0,0
sc2204,20220218,20220218,133238500,13:32:39,565.6,183189,50803,103395141500,1,-1,565600
sc2204,20220218,20220218,133239000,13:32:39,565.5,183190,50803,103395707000,1,0,565500
sc2204,20220218,20220218,133239500,13:32:40,565.5,183193,50802,103397403500,3,-1,1696500
sc2204,20220218,20220218,133240000,13:32:40,565.5,183193,50802,103397403500,0,0,0
sc2204,20220218,20220218,133240500,13:32:40,565.5,183193,50802,103397403500,0,0,0
sc2204,20220218,20220218,133241000,13:32:41,565.6,183198,50798,103400231500,5,-4,2828000
sc2204,20220218,20220218,133241500,13:32:42,565.6,183201,50800,103401928300,3,2,1696800
sc2204,20220218,20220218,133242000,13:32:42,565.6,183201,50800,103401928300,0,0,0
sc2204,20220218,20220218,133242500,13:32:42,565.6,183202,50800,103402493900,1,0,565600
sc2204,20220218,20220218,133243000,13:32:43,565.6,183202,50800,103402493900,0,0,0
sc2204,20220218,20220218,133243500,13:32:44,565.6,183202,50800,103402493900,0,0,0
sc2204,20220218,20220218,133244500,13:32:45,565.6,183202,50800,103402493900,0,0,0
sc2204,20220218,20220218,133245000,13:32:45,565.6,183203,50800,103403059500,1,0,565600
sc2204,20220218,20220218,133245500,13:32:45,565.5,183207,50802,103405321500,4,2,2262000
sc2204,20220218,20220218,133246000,13:32:47,565.5,183207,50802,103405321500,0,0,0
sc2204,20220218,20220218,133246500,13:32:47,565.5,183207,50802,103405321500,0,0,0
sc2204,20220218,20220218,133247000,13:32:47,565.5,183208,50802,103405887000,1,0,565500
sc2204,20220218,20220218,133247500,13:32:48,565.5,183209,50802,103406452500,1,0,565500
sc2204,20220218,20220218,133248500,13:32:49,565.5,183209,50802,103406452500,0,0,0
sc2204,20220218,20220218,133249000,13:32:49,565.4,183219,50799,103412106500,10,-3,5654000
sc2204,20220218,20220218,133249500,13:32:50,565.4,183220,50799,103412671900,1,0,565400
sc2204,20220218,20220218,133250000,13:32:50,565.4,183221,50799,103413237300,1,0,565400
sc2204,20220218,20220218,133250500,13:32:52,565.4,183221,50799,103413237300,0,0,0
sc2204,20220218,20220218,133251000,13:32:53,565.4,183221,50799,103413237300,0,0,0
sc2204,20220218,20220218,133251500,13:32:53,565.3,183223,50799,103414367900,2,0,1130600
sc2204,20220218,20220218,133252500,13:32:53,565.4,183226,50800,103416064000,3,1,1696100
sc2204,20220218,20220218,133253000,13:32:53,565.4,183228,50801,103417194800,2,1,1130800
sc2204,20220218,20220218,133253500,13:32:54,565.4,183228,50801,103417194800,0,0,0
sc2204,20220218,20220218,133254000,13:32:54,565.3,183230,50800,103418325500,2,-1,1130700
sc2204,20220218,20220218,133254500,13:32:55,565.3,183230,50800,103418325500,0,0,0
sc2204,20220218,20220218,133255000,13:32:55,565.3,183230,50800,103418325500,0,0,0
sc2204,20220218,20220218,133256000,13:32:56,565.4,183231,50800,103418890900,1,0,565400
sc2204,20220218,20220218,133257000,13:32:59,565.4,183231,50800,103418890900,0,0,0
sc2204,20220218,20220218,133257500,13:33:00,565.4,183233,50798,103420021700,2,-2,1130800
sc2204,20220218,20220218,133258000,13:33:00,565.4,183233,50798,103420021700,0,0,0
sc2204,20220218,20220218,133259500,13:33:01,565.4,183233,50798,103420021700,0,0,0
sc2204,20220218,20220218,133300000,13:33:01,565.4,183234,50799,103420587100,1,1,565400
sc2204,20220218,20220218,133300500,13:33:01,565.4,183234,50799,103420587100,0,0,0
sc2204,20220218,20220218,133301000,13:33:02,565.4,183235,50800,103421152500,1,1,565400
sc2204,20220218,20220218,133301500,13:33:02,565.5,183236,50799,103421718000,1,-1,565500
sc2204,20220218,20220218,133302000,13:33:03,565.5,183242,50802,103425111000,6,3,3393000
sc2204,20220218,20220218,133302500,13:33:03,565.4,183243,50802,103425676400,1,0,565400
sc2204,20220218,20220218,133303000,13:33:04,565.5,183245,50803,103426807500,2,1,1131100
sc2204,20220218,20220218,133303500,13:33:04,565.6,183248,50802,103428504100,3,-1,1696600
sc2204,20220218,20220218,133304000,13:33:04,565.6,183254,50799,103431897600,6,-3,3393500
sc2204,20220218,20220218,133304500,13:33:05,565.5,183257,50799,103433594200,3,0,1696600
sc2204,20220218,20220218,133305000,13:33:05,565.6,183258,50799,103434159800,1,0,565600
sc2204,20220218,20220218,133305500,13:33:06,565.6,183258,50799,103434159800,0,0,0
sc2204,20220218,20220218,133306000,13:33:06,565.6,183258,50799,103434159800,0,0,0
sc2204,20220218,20220218,133306500,13:33:06,565.6,183258,50799,103434159800,0,0,0
sc2204,20220218,20220218,133307000,13:33:07,565.6,183258,50799,103434159800,0,0,0
sc2204,20220218,20220218,133307500,13:33:08,565.6,183258,50799,103434159800,0,0,0
sc2204,20220218,20220218,133308000,13:33:08,565.5,183263,50804,103436987300,5,5,2827500
sc2204,20220218,20220218,133308500,13:33:09,565.5,183268,50805,103439814800,5,1,2827500
sc2204,20220218,20220218,133309000,13:33:09,565.4,183280,50798,103446599600,12,-7,6784800
sc2204,20220218,20220218,133309500,13:33:11,565.3,183282,50798,103447730300,2,0,1130700
sc2204,20220218,20220218,133310000,13:33:11,565.4,183283,50798,103448295700,1,0,565400
sc2204,20220218,20220218,133311000,13:33:14,565.4,183283,50798,103448295700,0,0,0
sc2204,20220218,20220218,133311500,13:33:14,565.4,183283,50798,103448295700,0,0,0
sc2204,20220218,20220218,133312000,13:33:14,565.4,183283,50798,103448295700,0,0,0
sc2204,20220218,20220218,133313500,13:33:15,565.4,183283,50798,103448295700,0,0,0
sc2204,20220218,20220218,133314000,13:33:17,565.4,183283,50798,103448295700,0,0,0
sc2204,20220218,20220218,133314500,13:33:17,565.4,183283,50798,103448295700,0,0,0
sc2204,20220218,20220218,133315000,13:33:18,565.4,183285,50799,103449426500,2,1,1130800
sc2204,20220218,20220218,133315500,13:33:18,565.4,183285,50799,103449426500,0,0,0
sc2204,20220218,20220218,133317000,13:33:19,565.4,183285,50799,103449426500,0,0,0
sc2204,20220218,20220218,133318000,13:33:19,565.4,183288,50800,103451122700,3,1,1696200
sc2204,20220218,20220218,133318500,13:33:19,565.4,183290,50798,103452253500,2,-2,1130800
sc2204,20220218,20220218,133319000,13:33:20,565.4,183290,50798,103452253500,0,0,0
sc2204,20220218,20220218,133319500,13:33:21,565.4,183290,50798,103452253500,0,0,0
sc2204,20220218,20220218,133320000,13:33:21,565.4,183290,50798,103452253500,0,0,0
sc2204,20220218,20220218,133320500,13:33:21,565.4,183290,50798,103452253500,0,0,0
sc2204,20220218,20220218,133321000,13:33:22,565.4,183290,50798,103452253500,0,0,0
sc2204,20220218,20220218,133321500,13:33:22,565.4,183290,50798,103452253500,0,0,0
sc2204,20220218,20220218,133322000,13:33:22,565.3,183291,50798,103452818800,1,0,565300
sc2204,20220218,20220218,133322500,13:33:22,565.4,183292,50798,103453384200,1,0,565400
sc2204,20220218,20220218,133323000,13:33:23,565.4,183292,50798,103453384200,0,0,0
sc2204,20220218,20220218,133323500,13:33:24,565.4,183292,50798,103453384200,0,0,0
sc2204,20220218,20220218,133324000,13:33:24,565.3,183305,50803,103460733100,13,5,7348900
sc2204,20220218,20220218,133324500,13:33:25,565.3,183305,50803,103460733100,0,0,0
sc2204,20220218,20220218,133325000,13:33:26,565.3,183305,50803,103460733100,0,0,0
sc2204,20220218,20220218,133325500,13:33:27,565.3,183305,50803,103460733100,0,0,0
sc2204,20220218,20220218,133326000,13:33:29,565.3,183305,50803,103460733100,0,0,0
sc2204,20220218,20220218,133326500,13:33:29,565.3,183305,50803,103460733100,0,0,0
sc2204,20220218,20220218,133327000,13:33:29,565.3,183305,50803,103460733100,0,0,0
sc2204,20220218,20220218,133328500,13:33:30,565.3,183305,50803,103460733100,0,0,0
sc2204,20220218,20220218,133329000,13:33:30,565.3,183305,50803,103460733100,0,0,0
sc2204,20220218,20220218,133329500,13:33:30,565.3,183305,50803,103460733100,0,0,0
sc2204,20220218,20220218,133330000,13:33:30,565.3,183305,50803,103460733100,0,0,0
sc2204,20220218,20220218,133330500,13:33:31,565.3,183305,50803,103460733100,0,0,0
sc2204,20220218,20220218,133331000,13:33:32,565.3,183305,50803,103460733100,0,0,0
sc2204,20220218,20220218,133331500,13:33:32,565.3,183305,50803,103460733100,0,0,0
sc2204,20220218,20220218,133332000,13:33:32,565.3,183305,50803,103460733100,0,0,0
sc2204,20220218,20220218,133332500,13:33:33,565.3,183305,50803,103460733100,0,0,0
sc2204,20220218,20220218,133333000,13:33:33,565.3,183305,50803,103460733100,0,0,0
sc2204,20220218,20220218,133333500,13:33:33,565.3,183305,50803,103460733100,0,0,0
sc2204,20220218,20220218,133334000,13:33:34,565.3,183308,50801,103462429000,3,-2,1695900
sc2204,20220218,20220218,133334500,13:33:34,565.3,183308,50801,103462429000,0,0,0
sc2204,20220218,20220218,133335000,13:33:35,565.3,183308,50801,103462429000,0,0,0
sc2204,20220218,20220218,133335500,13:33:35,565.3,183308,50801,103462429000,0,0,0
sc2204,20220218,20220218,133336000,13:33:36,565.3,183309,50802,103462994300,1,1,565300
sc2204,20220218,20220218,133336500,13:33:36,565.3,183310,50803,103463559600,1,1,565300
sc2204,20220218,20220218,133337000,13:33:37,565.3,183310,50803,103463559600,0,0,0
sc2204,20220218,20220218,133337500,13:33:37,565.3,183310,50803,103463559600,0,0,0
sc2204,20220218,20220218,133338000,13:33:38,565.3,183310,50803,103463559600,0,0,0
sc2204,20220218,20220218,133338500,13:33:39,565.3,183310,50803,103463559600,0,0,0
sc2204,20220218,20220218,133339000,13:33:39,565.3,183310,50803,103463559600,0,0,0
sc2204,20220218,20220218,133339500,13:33:40,565.4,183312,50803,103464690400,2,0,1130800
sc2204,20220218,20220218,133340000,13:33:40,565.4,183312,50803,103464690400,0,0,0
sc2204,20220218,20220218,133340500,13:33:41,565.4,183312,50803,103464690400,0,0,0
sc2204,20220218,20220218,133341000,13:33:41,565.5,183313,50804,103465255900,1,1,565500
sc2204,20220218,20220218,133341500,13:33:42,565.5,183313,50804,103465255900,0,0,0
sc2204,20220218,20220218,133342000,13:33:42,565.5,183318,50800,103468083400,5,-4,2827500
sc2204,20220218,20220218,133342500,13:33:42,565.5,183325,50798,103472041900,7,-2,3958500
sc2204,20220218,20220218,133343000,13:33:43,565.6,183326,50798,103472607500,1,0,565600
sc2204,20220218,20220218,133343500,13:33:44,565.6,183326,50798,103472607500,0,0,0
sc2204,20220218,20220218,133344000,13:33:45,565.6,183326,50798,103472607500,0,0,0
sc2204,20220218,20220218,133344500,13:33:45,565.6,183326,50798,103472607500,0,0,0
sc2204,20220218,20220218,133345000,13:33:45,565.5,183327,50798,103473173000,1,0,565500
sc2204,20220218,20220218,133345500,13:33:47,565.5,183327,50798,103473173000,0,0,0
sc2204,20220218,20220218,133346000,13:33:47,565.6,183330,50798,103474869700,3,0,1696700
sc2204,20220218,20220218,133346500,13:33:48,565.6,183330,50798,103474869700,0,0,0
sc2204,20220218,20220218,133347000,13:33:48,565.6,183331,50798,103475435300,1,0,565600
sc2204,20220218,20220218,133347500,13:33:49,565.6,183331,50798,103475435300,0,0,0
sc2204,20220218,20220218,133348000,13:33:49,565.6,183332,50797,103476000900,1,-1,565600
sc2204,20220218,20220218,133348500,13:33:49,565.6,183333,50797,103476566500,1,0,565600
sc2204,20220218,20220218,133349000,13:33:50,565.6,183333,50797,103476566500,0,0,0
sc2204,20220218,20220218,133349500,13:33:50,565.6,183333,50797,103476566500,0,0,0
sc2204,20220218,20220218,133350000,13:33:50,565.6,183333,50797,103476566500,0,0,0
sc2204,20220218,20220218,133350500,13:33:50,565.6,183334,50798,103477132100,1,1,565600
sc2204,20220218,20220218,133351000,13:33:51,565.6,183334,50798,103477132100,0,0,0
sc2204,20220218,20220218,133351500,13:33:52,565.5,183335,50798,103477697600,1,0,565500
sc2204,20220218,20220218,133352000,13:33:52,565.5,183335,50798,103477697600,0,0,0
sc2204,20220218,20220218,133352500,13:33:53,565.5,183335,50798,103477697600,0,0,0
sc2204,20220218,20220218,133353500,13:33:53,565.5,183335,50798,103477697600,0,0,0
sc2204,20220218,20220218,133354000,13:33:54,565.5,183335,50798,103477697600,0,0,0
sc2204,20220218,20220218,133354500,13:33:55,565.5,183335,50798,103477697600,0,0,0
sc2204,20220218,20220218,133355000,13:33:56,565.5,183336,50799,103478263100,1,1,565500
sc2204,20220218,20220218,133355500,13:33:56,565.5,183337,50799,103478828600,1,0,565500
sc2204,20220218,20220218,133356000,13:33:57,565.5,183337,50799,103478828600,0,0,0
sc2204,20220218,20220218,133356500,13:33:57,565.5,183337,50799,103478828600,0,0,0
sc2204,20220218,20220218,133357000,13:33:57,565.5,183337,50799,103478828600,0,0,0
sc2204,20220218,20220218,133357500,13:33:58,565.5,183337,50799,103478828600,0,0,0
sc2204,20220218,20220218,133358000,13:33:58,565.5,183337,50799,103478828600,0,0,0
sc2204,20220218,20220218,133358500,13:33:59,565.5,183337,50799,103478828600,0,0,0
sc2204,20220218,20220218,133359000,13:33:59,565.5,183337,50799,103478828600,0,0,0
sc2204,20220218,20220218,133359500,13:34:00,565.4,183339,50798,103479959400,2,-1,1130800
sc2204,20220218,20220218,133400000,13:34:00,565.4,183340,50798,103480524800,1,0,565400
sc2204,20220218,20220218,133400500,13:34:01,565.4,183340,50798,103480524800,0,0,0
sc2204,20220218,20220218,133401000,13:34:02,565.4,183340,50798,103480524800,0,0,0
sc2204,20220218,20220218,133401500,13:34:02,565.4,183340,50798,103480524800,0,0,0
sc2204,20220218,20220218,133402000,13:34:10,565.4,183340,50798,103480524800,0,0,0
sc2204,20220218,20220218,133402500,13:34:10,565.4,183340,50798,103480524800,0,0,0
sc2204,20220218,20220218,133403000,13:34:10,565.4,183340,50798,103480524800,0,0,0
sc2204,20220218,20220218,133410000,13:34:12,565.4,183340,50798,103480524800,0,0,0
sc2204,20220218,20220218,133410500,13:34:12,565.4,183340,50798,103480524800,0,0,0
sc2204,20220218,20220218,133411000,13:34:12,565.4,183340,50798,103480524800,0,0,0
sc2204,20220218,20220218,133411500,13:34:12,565.4,183340,50798,103480524800,0,0,0
sc2204,20220218,20220218,133412000,13:34:12,565.4,183340,50798,103480524800,0,0,0
sc2204,20220218,20220218,133412500,13:34:13,565.4,183340,50798,103480524800,0,0,0
sc2204,20220218,20220218,133413000,13:34:13,565.4,183340,50798,103480524800,0,0,0
sc2204,20220218,20220218,133413500,13:34:14,565.4,183340,50798,103480524800,0,0,0
sc2204,20220218,20220218,133414000,13:34:14,565.4,183340,50798,103480524800,0,0,0
sc2204,20220218,20220218,133414500,13:34:15,565.4,183340,50798,103480524800,0,0,0
sc2204,20220218,20220218,133415000,13:34:15,565.4,183340,50798,103480524800,0,0,0
sc2204,20220218,20220218,133415500,13:34:16,565.4,183340,50798,103480524800,0,0,0
sc2204,20220218,20220218,133416000,13:34:16,565.4,183340,50798,103480524800,0,0,0
sc2204,20220218,20220218,133416500,13:34:17,565.4,183340,50798,103480524800,0,0,0
sc2204,20220218,20220218,133417000,13:34:17,565.4,183340,50798,103480524800,0,0,0
sc2204,20220218,20220218,133417500,13:34:17,565.4,183340,50798,103480524800,0,0,0
sc2204,20220218,20220218,133418000,13:34:18,565.4,183340,50798,103480524800,0,0,0
sc2204,20220218,20220218,133418500,13:34:19,565.4,183340,50798,103480524800,0,0,0
sc2204,20220218,20220218,133419000,13:34:19,565.4,183340,50798,103480524800,0,0,0
sc2204,20220218,20220218,133419500,13:34:20,565.4,183340,50798,103480524800,0,0,0
sc2204,20220218,20220218,133420000,13:34:20,565.4,183340,50798,103480524800,0,0,0
sc2204,20220218,20220218,133420500,13:34:21,565.4,183348,50797,103485048600,8,-1,4523800
sc2204,20220218,20220218,133421000,13:34:23,565.4,183348,50797,103485048600,0,0,0
sc2204,20220218,20220218,133421500,13:34:24,565.4,183348,50797,103485048600,0,0,0
sc2204,20220218,20220218,133423000,13:34:24,565.4,183348,50797,103485048600,0,0,0
sc2204,20220218,20220218,133423500,13:34:24,565.4,183348,50797,103485048600,0,0,0
sc2204,20220218,20220218,133424000,13:34:24,565.4,183348,50797,103485048600,0,0,0
sc2204,20220218,20220218,133424500,13:34:24,565.4,183348,50797,103485048600,0,0,0
sc2204,20220218,20220218,133425000,13:34:25,565.5,183349,50797,103485614100,1,0,565500
sc2204,20220218,20220218,133425500,13:34:25,565.5,183349,50797,103485614100,0,0,0
sc2204,20220218,20220218,133426000,13:34:26,565.5,183349,50797,103485614100,0,0,0
sc2204,20220218,20220218,133426500,13:34:26,565.5,183349,50797,103485614100,0,0,0
sc2204,20220218,20220218,133427000,13:34:27,565.5,183350,50797,103486179600,1,0,565500
sc2204,20220218,20220218,133427500,13:34:28,565.5,183350,50797,103486179600,0,0,0
sc2204,20220218,20220218,133428000,13:34:28,565.5,183350,50797,103486179600,0,0,0
sc2204,20220218,20220218,133428500,13:34:29,565.5,183350,50797,103486179600,0,0,0
sc2204,20220218,20220218,133429000,13:34:29,565.5,183350,50797,103486179600,0,0,0
sc2204,20220218,20220218,133429500,13:34:29,565.5,183350,50797,103486179600,0,0,0
sc2204,20220218,20220218,133430000,13:34:30,565.5,183350,50797,103486179600,0,0,0
sc2204,20220218,20220218,133430500,13:34:30,565.5,183350,50797,103486179600,0,0,0
sc2204,20220218,20220218,133431000,13:34:31,565.4,183353,50794,103487875800,3,-3,1696200
sc2204,20220218,20220218,133431500,13:34:31,565.4,183353,50794,103487875800,0,0,0
sc2204,20220218,20220218,133432000,13:34:32,565.4,183353,50794,103487875800,0,0,0
sc2204,20220218,20220218,133432500,13:34:32,565.4,183353,50794,103487875800,0,0,0
sc2204,20220218,20220218,133433000,13:34:34,565.4,183353,50794,103487875800,0,0,0
sc2204,20220218,20220218,133433500,13:34:34,565.4,183353,50794,103487875800,0,0,0
sc2204,20220218,20220218,133434000,13:34:34,565.4,183353,50794,103487875800,0,0,0
sc2204,20220218,20220218,133434500,13:34:35,565.4,183353,50794,103487875800,0,0,0
sc2204,20220218,20220218,133435000,13:34:35,565.4,183365,50801,103494660600,12,7,6784800
sc2204,20220218,20220218,133435500,13:34:36,565.4,183365,50801,103494660600,0,0,0
sc2204,20220218,20220218,133436000,13:34:36,565.4,183365,50801,103494660600,0,0,0
sc2204,20220218,20220218,133436500,13:34:36,565.4,183365,50801,103494660600,0,0,0
sc2204,20220218,20220218,133437000,13:34:37,565.4,183365,50801,103494660600,0,0,0
sc2204,20220218,20220218,133437500,13:34:38,565.4,183365,50801,103494660600,0,0,0
sc2204,20220218,20220218,133438000,13:34:38,565.4,183365,50801,103494660600,0,0,0
sc2204,20220218,20220218,133438500,13:34:39,565.4,183365,50801,103494660600,0,0,0
sc2204,20220218,20220218,133439000,13:34:39,565.4,183365,50801,103494660600,0,0,0
sc2204,20220218,20220218,133439500,13:34:39,565.4,183366,50801,103495226000,1,0,565400
sc2204,20220218,20220218,133440000,13:34:40,565.4,183366,50801,103495226000,0,0,0
sc2204,20220218,20220218,133440500,13:34:41,565.4,183366,50801,103495226000,0,0,0
