sc2205,20220218,20220218,112003000,11:20:08,559.7,24169,16504,13538017600,24169,-174,13538017600
sc2205,20220218,20220218,112004500,11:20:10,559.7,24170,16504,13538577300,1,0,559700
sc2205,20220218,20220218,112006000,11:20:10,559.7,24170,16504,13538577300,0,0,0
sc2205,20220218,20220218,112006500,11:20:10,559.7,24170,16504,13538577300,0,0,0
sc2205,20220218,20220218,112007000,11:20:10,559.7,24170,16504,13538577300,0,0,0
sc2205,20220218,20220218,112007500,11:20:10,559.7,24170,16504,13538577300,0,0,0
sc2205,20220218,20220218,112008000,11:20:10,559.7,24170,16504,13538577300,0,0,0
sc2205,20220218,20220218,112008500,11:20:10,559.7,24170,16504,13538577300,0,0,0
sc2205,20220218,20220218,112009000,11:20:10,559.7,24170,16504,13538577300,0,0,0
sc2205,20220218,20220218,112010000,11:20:10,559.7,24170,16504,13538577300,0,0,0
sc2205,20220218,20220218,112010500,11:20:10,559.7,24170,16504,13538577300,0,0,0
sc2205,20220218,20220218,112011000,11:20:11,559.7,24170,16504,13538577300,0,0,0
sc2205,20220218,20220218,112011500,11:20:12,559.7,24170,16504,13538577300,0,0,0
sc2205,20220218,20220218,112012000,11:20:12,559.7,24170,16504,13538577300,0,0,0
sc2205,20220218,20220218,112012500,11:20:12,559.7,24170,16504,13538577300,0,0,0
sc2205,20220218,20220218,112013000,11:20:13,559.7,24170,16504,13538577300,0,0,0
sc2205,20220218,20220218,112013500,11:20:13,559.7,24170,16504,13538577300,0,0,0
sc2205,20220218,20220218,112014000,11:20:14,559.7,24170,16504,13538577300,0,0,0
sc2205,20220218,20220218,112014500,11:20:14,559.7,24170,16504,13538577300,0,0,0
sc2205,20220218,20220218,112015000,11:20:15,559.7,24170,16504,13538577300,0,0,0
sc2205,20220218,20220218,112015500,11:20:16,559.7,24170,16504,13538577300,0,0,0
sc2205,20220218,20220218,112016000,11:20:16,559.7,24170,16504,13538577300,0,0,0
sc2205,20220218,20220218,112016500,11:20:16,559.7,24170,16504,13538577300,0,0,0
sc2205,20220218,20220218,112017000,11:20:17,559.7,24170,16504,13538577300,0,0,0
sc2205,20220218,20220218,112017500,11:20:17,559.7,24170,16504,13538577300,0,0,0
sc2205,20220218,20220218,112018000,11:20:18,559.7,24170,16504,13538577300,0,0,0
sc2205,20220218,20220218,112018500,11:20:18,559.7,24170,16504,13538577300,0,0,0
sc2205,20220218,20220218,112019000,11:20:19,559.7,24170,16504,13538577300,0,0,0
sc2205,20220218,20220218,112019500,11:20:20,559.7,24170,16504,13538577300,0,0,0
sc2205,20220218,20220218,112020000,11:20:20,559.7,24170,16504,13538577300,0,0,0
sc2205,20220218,20220218,112020500,11:20:20,559.7,24170,16504,13538577300,0,0,0
sc2205,20220218,20220218,112021000,11:20:21,559.7,24170,16504,13538577300,0,0,0
sc2205,20220218,20220218,112021500,11:20:21,559.7,24170,16504,13538577300,0,0,0
sc2205,20220218,20220218,112022000,11:20:22,559.7,24170,16504,13538577300,0,0,0
sc2205,20220218,20220218,112022500,11:20:23,559.7,24170,16504,13538577300,0,0,0
sc2205,20220218,20220218,112023000,11:20:23,559.7,24170,16504,13538577300,0,0,0
sc2205,20220218,20220218,112023500,11:20:23,559.7,24170,16504,13538577300,0,0,0
sc2205,20220218,20220218,112024000,11:20:24,559.7,24170,16504,13538577300,0,0,0
sc2205,20220218,20220218,112024500,11:20:24,559.7,24170,16504,13538577300,0,0,0
sc2205,20220218,20220218,112025000,11:20:25,559.7,24170,16504,13538577300,0,0,0
sc2205,20220218,20220218,112025500,11:20:26,559.7,24170,16504,13538577300,0,0,0
sc2205,20220218,20220218,112026000,11:20:26,559.7,24170,16504,13538577300,0,0,0
sc2205,20220218,20220218,112026500,11:20:26,559.7,24170,16504,13538577300,0,0,0
sc2205,20220218,20220218,112027000,11:20:27,559.7,24170,16504,13538577300,0,0,0
sc2205,20220218,20220218,112027500,11:20:28,559.7,24170,16504,13538577300,0,0,0
sc2205,20220218,20220218,112028000,11:20:28,559.7,24170,16504,13538577300,0,0,0
sc2205,20220218,20220218,112028500,11:20:28,559.7,24170,16504,13538577300,0,0,0
sc2205,20220218,20220218,112029000,11:20:29,559.7,24170,16504,13538577300,0,0,0
sc2205,20220218,20220218,112029500,11:20:31,559.7,24170,16504,13538577300,0,0,0
sc2205,20220218,20220218,112030000,11:20:31,559.7,24170,16504,13538577300,0,0,0
sc2205,20220218,20220218,112030500,11:20:31,559.7,24170,16504,13538577300,0,0,0
sc2205,20220218,20220218,112031000,11:20:32,559.7,24170,16504,13538577300,0,0,0
sc2205,20220218,20220218,112031500,11:20:32,559.7,24170,16504,13538577300,0,0,0
sc2205,20220218,20220218,112032000,11:20:32,559.6,24172,16502,13539696500,2,-2,1119200
sc2205,20220218,20220218,112032500,11:20:32,559.6,24172,16502,13539696500,0,0,0
sc2205,20220218,20220218,112033000,11:20:33,559.6,24172,16502,13539696500,0,0,0
sc2205,20220218,20220218,112033500,11:20:33,559.6,24172,16502,13539696500,0,0,0
sc2205,20220218,20220218,112034000,11:20:34,559.6,24172,16502,13539696500,0,0,0
sc2205,20220218,20220218,112034500,11:20:34,559.6,24172,16502,13539696500,0,0,0
sc2205,20220218,20220218,112035000,11:20:35,559.6,24172,16502,13539696500,0,0,0
sc2205,20220218,20220218,112035500,11:20:35,559.6,24172,16502,13539696500,0,0,0
sc2205,20220218,20220218,112036000,11:20:36,559.6,24172,16502,13539696500,0,0,0
sc2205,20220218,20220218,112036500,11:20:37,559.6,24172,16502,13539696500,0,0,0
sc2205,20220218,20220218,112037000,11:20:37,559.6,24172,16502,13539696500,0,0,0
sc2205,20220218,20220218,112037500,11:20:38,559.6,24172,16502,13539696500,0,0,0
sc2205,20220218,20220218,112038000,11:20:38,559.6,24172,16502,13539696500,0,0,0
sc2205,20220218,20220218,112038500,11:20:38,559.6,24172,16502,13539696500,0,0,0
sc2205,20220218,20220218,112039000,11:20:39,559.6,24172,16502,13539696500,0,0,0
sc2205,20220218,20220218,112039500,11:20:40,559.6,24172,16502,13539696500,0,0,0
sc2205,20220218,20220218,112040000,11:20:40,559.6,24172,16502,13539696500,0,0,0
sc2205,20220218,20220218,112040500,11:20:41,559.6,24172,16502,13539696500,0,0,0
sc2205,20220218,20220218,112041000,11:20:41,559.6,24172,16502,13539696500,0,0,0
sc2205,20220218,20220218,112041500,11:20:41,559.6,24172,16502,13539696500,0,0,0
sc2205,20220218,20220218,112042000,11:20:42,559.6,24172,16502,13539696500,0,0,0
sc2205,20220218,20220218,112042500,11:20:43,559.6,24172,16502,13539696500,0,0,0
sc2205,20220218,20220218,112043000,11:20:43,559.6,24172,16502,13539696500,0,0,0
sc2205,20220218,20220218,112043500,11:20:44,559.6,24172,16502,13539696500,0,0,0
sc2205,20220218,20220218,112044000,11:20:44,559.6,24172,16502,13539696500,0,0,0
sc2205,20220218,20220218,112044500,11:20:45,559.6,24172,16502,13539696500,0,0,0
sc2205,20220218,20220218,112045000,11:20:45,559.6,24172,16502,13539696500,0,0,0
sc2205,20220218,20220218,112045500,11:20:46,559.6,24172,16502,13539696500,0,0,0
sc2205,20220218,20220218,112046000,11:20:46,559.6,24172,16502,13539696500,0,0,0
sc2205,20220218,20220218,112046500,11:20:46,559.6,24172,16502,13539696500,0,0,0
sc2205,20220218,20220218,112047000,11:20:48,559.6,24172,16502,13539696500,0,0,0
sc2205,20220218,20220218,112047500,11:20:48,559.6,24172,16502,13539696500,0,0,0
sc2205,20220218,20220218,112048000,11:20:48,559.6,24172,16502,13539696500,0,0,0
sc2205,20220218,20220218,112048500,11:20:50,559.6,24172,16502,13539696500,0,0,0
sc2205,20220218,20220218,112049000,11:20:50,559.6,24172,16502,13539696500,0,0,0
sc2205,20220218,20220218,112049500,11:20:50,559.6,24172,16502,13539696500,0,0,0
sc2205,20220218,20220218,112050500,11:20:51,559.6,24172,16502,13539696500,0,0,0
sc2205,20220218,20220218,112051000,11:20:51,559.6,24172,16502,13539696500,0,0,0
sc2205,20220218,20220218,112051500,11:20:51,559.6,24172,16502,13539696500,0,0,0
sc2205,20220218,20220218,112052000,11:20:53,559.6,24172,16502,13539696500,0,0,0
sc2205,20220218,20220218,112052500,11:20:53,559.6,24172,16502,13539696500,0,0,0
sc2205,20220218,20220218,112053000,11:20:53,559.6,24172,16502,13539696500,0,0,0
sc2205,20220218,20220218,112053500,11:20:53,559.6,24172,16502,13539696500,0,0,0
sc2205,20220218,20220218,112054000,11:20:54,559.6,24172,16502,13539696500,0,0,0
sc2205,20220218,20220218,112054500,11:20:55,559.6,24172,16502,13539696500,0,0,0
sc2205,20220218,20220218,112055000,11:20:55,559.6,24172,16502,13539696500,0,0,0
sc2205,20220218,20220218,112055500,11:20:56,559.6,24172,16502,13539696500,0,0,0
sc2205,20220218,20220218,112056000,11:20:56,559.6,24172,16502,13539696500,0,0,0
sc2205,20220218,20220218,112056500,11:20:56,559.8,24175,16503,13541375700,3,1,1679200
sc2205,20220218,20220218,112057000,11:20:58,559.8,24175,16503,13541375700,0,0,0
sc2205,20220218,20220218,112057500,11:20:58,559.8,24176,16503,13541935500,1,0,559800
sc2205,20220218,20220218,112058000,11:20:59,559.8,24176,16503,13541935500,0,0,0
sc2205,20220218,20220218,112058500,11:20:59,559.8,24176,16503,13541935500,0,0,0
sc2205,20220218,20220218,112059000,11:21:00,559.8,24176,16503,13541935500,0,0,0
sc2205,20220218,20220218,112059500,11:21:00,559.8,24176,16503,13541935500,0,0,0
sc2205,20220218,20220218,112100000,11:21:00,559.8,24176,16503,13541935500,0,0,0
sc2205,20220218,20220218,112100500,11:21:01,559.8,24176,16503,13541935500,0,0,0
sc2205,20220218,20220218,112101000,11:21:01,559.8,24176,16503,13541935500,0,0,0
sc2205,20220218,20220218,112101500,11:21:02,559.8,24176,16503,13541935500,0,0,0
sc2205,20220218,20220218,112102000,11:21:02,559.8,24176,16503,13541935500,0,0,0
sc2205,20220218,20220218,112102500,11:21:03,559.8,24176,16503,13541935500,0,0,0
sc2205,20220218,20220218,112103000,11:21:03,559.8,24176,16503,13541935500,0,0,0
sc2205,20220218,20220218,112103500,11:21:04,559.8,24176,16503,13541935500,0,0,0
sc2205,20220218,20220218,112104000,11:21:04,559.8,24176,16503,13541935500,0,0,0
sc2205,20220218,20220218,112104500,11:21:05,559.8,24176,16503,13541935500,0,0,0
sc2205,20220218,20220218,112105000,11:21:06,559.8,24176,16503,13541935500,0,0,0
sc2205,20220218,20220218,112105500,11:21:07,559.7,24177,16503,13542495200,1,0,559700
sc2205,20220218,20220218,112106000,11:21:07,559.7,24177,16503,13542495200,0,0,0
sc2205,20220218,20220218,112106500,11:21:09,559.7,24177,16503,13542495200,0,0,0
sc2205,20220218,20220218,112107000,11:21:10,559.7,24177,16503,13542495200,0,0,0
sc2205,20220218,20220218,112107500,11:21:10,559.7,24177,16503,13542495200,0,0,0
sc2205,20220218,20220218,112108000,11:21:10,559.7,24177,16503,13542495200,0,0,0
sc2205,20220218,20220218,112110000,11:21:11,559.7,24177,16503,13542495200,0,0,0
sc2205,20220218,20220218,112110500,11:21:11,559.7,24177,16503,13542495200,0,0,0
sc2205,20220218,20220218,112111000,11:21:11,559.7,24177,16503,13542495200,0,0,0
sc2205,20220218,20220218,112111500,11:21:12,559.7,24177,16503,13542495200,0,0,0
sc2205,20220218,20220218,112112000,11:21:12,559.7,24177,16503,13542495200,0,0,0
sc2205,20220218,20220218,112112500,11:21:13,559.7,24177,16503,13542495200,0,0,0
sc2205,20220218,20220218,112113000,11:21:13,559.7,24177,16503,13542495200,0,0,0
sc2205,20220218,20220218,112113500,11:21:13,559.7,24177,16503,13542495200,0,0,0
sc2205,20220218,20220218,112114000,11:21:14,559.7,24177,16503,13542495200,0,0,0
sc2205,20220218,20220218,112114500,11:21:15,559.7,24177,16503,13542495200,0,0,0
sc2205,20220218,20220218,112115000,11:21:15,559.7,24177,16503,13542495200,0,0,0
sc2205,20220218,20220218,112115500,11:21:15,559.7,24177,16503,13542495200,0,0,0
sc2205,20220218,20220218,112116000,11:21:16,559.7,24177,16503,13542495200,0,0,0
sc2205,20220218,20220218,112116500,11:21:17,559.7,24177,16503,13542495200,0,0,0
sc2205,20220218,20220218,112117000,11:21:17,559.9,24178,16503,13543055100,1,0,559900
sc2205,20220218,20220218,112117500,11:21:18,559.9,24178,16503,13543055100,0,0,0
sc2205,20220218,20220218,112118000,11:21:18,559.9,24178,16503,13543055100,0,0,0
sc2205,20220218,20220218,112118500,11:21:18,559.9,24178,16503,13543055100,0,0,0
sc2205,20220218,20220218,112119000,11:21:19,559.9,24178,16503,13543055100,0,0,0
sc2205,20220218,20220218,112119500,11:21:20,559.9,24178,16503,13543055100,0,0,0
sc2205,20220218,20220218,112120000,11:21:21,559.9,24178,16503,13543055100,0,0,0
sc2205,20220218,20220218,112120500,11:21:22,559.9,24178,16503,13543055100,0,0,0
sc2205,20220218,20220218,112121000,11:21:22,559.9,24178,16503,13543055100,0,0,0
sc2205,20220218,20220218,112121500,11:21:22,559.9,24178,16503,13543055100,0,0,0
sc2205,20220218,20220218,112122000,11:21:22,559.9,24178,16503,13543055100,0,0,0
sc2205,20220218,20220218,112122500,11:21:22,559.9,24178,16503,13543055100,0,0,0
sc2205,20220218,20220218,112123000,11:21:23,559.9,24178,16503,13543055100,0,0,0
sc2205,20220218,20220218,112123500,11:21:24,559.9,24178,16503,13543055100,0,0,0
sc2205,20220218,20220218,112124000,11:21:24,559.9,24178,16503,13543055100,0,0,0
sc2205,20220218,20220218,112124500,11:21:25,559.9,24178,16503,13543055100,0,0,0
sc2205,20220218,20220218,112125000,11:21:33,559.9,24178,16503,13543055100,0,0,0
sc2205,20220218,20220218,112125500,11:23:32,559.9,24179,16504,13543615000,1,1,559900
sc2205,20220218,20220218,112126000,11:23:33,559.9,24179,16504,13543615000,0,0,0
sc2205,20220218,20220218,112126500,11:23:33,559.9,24179,16504,13543615000,0,0,0
sc2205,20220218,20220218,112332500,11:23:33,559.9,24179,16504,13543615000,0,0,0
sc2205,20220218,20220218,112333000,11:23:33,559.9,24179,16504,13543615000,0,0,0
sc2205,20220218,20220218,112333500,11:23:33,559.9,24179,16504,13543615000,0,0,0
sc2205,20220218,20220218,112334000,11:23:34,559.9,24179,16504,13543615000,0,0,0
sc2205,20220218,20220218,112334500,11:23:34,559.9,24179,16504,13543615000,0,0,0
sc2205,20220218,20220218,112335000,11:23:35,559.9,24179,16504,13543615000,0,0,0
sc2205,20220218,20220218,112335500,11:23:35,559.9,24179,16504,13543615000,0,0,0
sc2205,20220218,20220218,112336000,11:23:37,559.9,24179,16504,13543615000,0,0,0
sc2205,20220218,20220218,112336500,11:23:38,559.9,24179,16504,13543615000,0,0,0
sc2205,20220218,20220218,112337000,11:23:38,559.9,24179,16504,13543615000,0,0,0
sc2205,20220218,20220218,112337500,11:23:38,559.9,24179,16504,13543615000,0,0,0
sc2205,20220218,20220218,112338000,11:23:38,559.9,24179,16504,13543615000,0,0,0
sc2205,20220218,20220218,112338500,11:23:38,559.9,24179,16504,13543615000,0,0,0
sc2205,20220218,20220218,112339000,11:23:39,559.9,24179,16504,13543615000,0,0,0
sc2205,20220218,20220218,112339500,11:23:39,559.9,24179,16504,13543615000,0,0,0
sc2205,20220218,20220218,112340000,11:23:40,559.9,24179,16504,13543615000,0,0,0
sc2205,20220218,20220218,112340500,11:23:40,559.9,24179,16504,13543615000,0,0,0
sc2205,20220218,20220218,112341000,11:23:41,559.9,24179,16504,13543615000,0,0,0
sc2205,20220218,20220218,112341500,11:23:42,559.9,24179,16504,13543615000,0,0,0
sc2205,20220218,20220218,112342000,11:23:42,559.9,24179,16504,13543615000,0,0,0
sc2205,20220218,20220218,112342500,11:23:42,559.9,24179,16504,13543615000,0,0,0
sc2205,20220218,20220218,112343000,11:23:43,559.9,24179,16504,13543615000,0,0,0
sc2205,20220218,20220218,112343500,11:23:43,559.9,24179,16504,13543615000,0,0,0
sc2205,20220218,20220218,112344000,11:23:48,559.9,24179,16504,13543615000,0,0,0
sc2205,20220218,20220218,112344500,11:23:48,559.9,24179,16504,13543615000,0,0,0
sc2205,20220218,20220218,112345000,11:23:48,559.9,24179,16504,13543615000,0,0,0
sc2205,20220218,20220218,112345500,11:23:48,559.9,24179,16504,13543615000,0,0,0
sc2205,20220218,20220218,112348000,11:23:48,559.9,24179,16504,13543615000,0,0,0
sc2205,20220218,20220218,112348500,11:23:49,559.9,24179,16504,13543615000,0,0,0
sc2205,20220218,20220218,112349000,11:23:49,559.9,24179,16504,13543615000,0,0,0
sc2205,20220218,20220218,112349500,11:23:50,559.9,24179,16504,13543615000,0,0,0
sc2205,20220218,20220218,112350000,11:23:50,559.9,24179,16504,13543615000,0,0,0
sc2205,20220218,20220218,112350500,11:23:50,559.9,24179,16504,13543615000,0,0,0
sc2205,20220218,20220218,112351000,11:23:51,559.9,24179,16504,13543615000,0,0,0
sc2205,20220218,20220218,112351500,11:23:51,559.9,24179,16504,13543615000,0,0,0
sc2205,20220218,20220218,112352000,11:23:52,559.9,24179,16504,13543615000,0,0,0
sc2205,20220218,20220218,112352500,11:23:52,559.9,24179,16504,13543615000,0,0,0
sc2205,20220218,20220218,112353000,11:23:53,559.9,24179,16504,13543615000,0,0,0
sc2205,20220218,20220218,112353500,11:23:53,559.9,24179,16504,13543615000,0,0,0
sc2205,20220218,20220218,112354000,11:23:54,559.9,24179,16504,13543615000,0,0,0
sc2205,20220218,20220218,112354500,11:23:55,559.9,24179,16504,13543615000,0,0,0
sc2205,20220218,20220218,112355000,11:23:55,559.9,24179,16504,13543615000,0,0,0
sc2205,20220218,20220218,112355500,11:23:55,559.9,24179,16504,13543615000,0,0,0
sc2205,20220218,20220218,112356000,11:23:56,559.9,24179,16504,13543615000,0,0,0
sc2205,20220218,20220218,112356500,11:23:56,559.9,24179,16504,13543615000,0,0,0
sc2205,20220218,20220218,112357000,11:23:57,559.9,24179,16504,13543615000,0,0,0
sc2205,20220218,20220218,112357500,11:23:57,559.9,24179,16504,13543615000,0,0,0
sc2205,20220218,20220218,112358000,11:23:58,559.9,24179,16504,13543615000,0,0,0
sc2205,20220218,20220218,112358500,11:23:58,559.9,24179,16504,13543615000,0,0,0
sc2205,20220218,20220218,112359000,11:23:59,559.9,24179,16504,13543615000,0,0,0
sc2205,20220218,20220218,112359500,11:23:59,559.9,24179,16504,13543615000,0,0,0
sc2205,20220218,20220218,112400000,11:24:00,559.9,24179,16504,13543615000,0,0,0
sc2205,20220218,20220218,112400500,11:24:00,559.9,24179,16504,13543615000,0,0,0
sc2205,20220218,20220218,112401000,11:24:01,559.9,24179,16504,13543615000,0,0,0
sc2205,20220218,20220218,112401500,11:24:01,559.9,24179,16504,13543615000,0,0,0
sc2205,20220218,20220218,112402000,11:24:02,559.9,24179,16504,13543615000,0,0,0
sc2205,20220218,20220218,112402500,11:24:02,559.9,24179,16504,13543615000,0,0,0
sc2205,20220218,20220218,112403000,11:24:03,559.9,24179,16504,13543615000,0,0,0
sc2205,20220218,20220218,112403500,11:24:04,559.9,24179,16504,13543615000,0,0,0
sc2205,20220218,20220218,112404000,11:24:04,559.9,24179,16504,13543615000,0,0,0
sc2205,20220218,20220218,112404500,11:24:04,559.9,24179,16504,13543615000,0,0,0
sc2205,20220218,20220218,112405000,11:24:05,559.9,24179,16504,13543615000,0,0,0
sc2205,20220218,20220218,112405500,11:24:05,559.9,24179,16504,13543615000,0,0,0
sc2205,20220218,20220218,112406000,11:24:06,559.9,24179,16504,13543615000,0,0,0
sc2205,20220218,20220218,112406500,11:24:06,559.9,24179,16504,13543615000,0,0,0
sc2205,20220218,20220218,112407000,11:24:07,559.9,24179,16504,13543615000,0,0,0
sc2205,20220218,20220218,112407500,11:24:08,559.9,24179,16504,13543615000,0,0,0
sc2205,20220218,20220218,112408000,11:24:08,559.9,24179,16504,13543615000,0,0,0
sc2205,20220218,20220218,112408500,11:24:08,559.9,24179,16504,13543615000,0,0,0
sc2205,20220218,20220218,112409000,11:24:11,559.9,24179,16504,13543615000,0,0,0
sc2205,20220218,20220218,112409500,11:24:11,559.9,24179,16504,13543615000,0,0,0
sc2205,20220218,20220218,112410000,11:24:12,559.9,24179,16504,13543615000,0,0,0
sc2205,20220218,20220218,112410500,11:24:12,559.9,24179,16504,13543615000,0,0,0
sc2205,20220218,20220218,112411000,11:24:12,559.9,24179,16504,13543615000,0,0,0
sc2205,20220218,20220218,112411500,11:24:12,559.9,24179,16504,13543615000,0,0,0
sc2205,20220218,20220218,112412000,11:24:12,559.9,24179,16504,13543615000,0,0,0
sc2205,20220218,20220218,112412500,11:24:13,559.9,24179,16504,13543615000,0,0,0
sc2205,20220218,20220218,112413000,11:24:13,559.9,24179,16504,13543615000,0,0,0
sc2205,20220218,20220218,112413500,11:24:14,559.9,24179,16504,13543615000,0,0,0
sc2205,20220218,20220218,112414000,11:24:14,559.9,24179,16504,13543615000,0,0,0
sc2205,20220218,20220218,112414500,11:24:15,559.9,24179,16504,13543615000,0,0,0
sc2205,20220218,20220218,112415000,11:24:15,559.9,24179,16504,13543615000,0,0,0
sc2205,20220218,20220218,112415500,11:24:15,559.9,24179,16504,13543615000,0,0,0
sc2205,20220218,20220218,112416000,11:24:16,559.9,24179,16504,13543615000,0,0,0
sc2205,20220218,20220218,112416500,11:24:17,559.9,24179,16504,13543615000,0,0,0
sc2205,20220218,20220218,112417000,11:24:17,559.9,24179,16504,13543615000,0,0,0
sc2205,20220218,20220218,112417500,11:24:18,559.9,24179,16504,13543615000,0,0,0
sc2205,20220218,20220218,112418000,11:24:18,559.9,24179,16504,13543615000,0,0,0
sc2205,20220218,20220218,112418500,11:24:19,559.9,24179,16504,13543615000,0,0,0
sc2205,20220218,20220218,112419000,11:24:19,559.9,24179,16504,13543615000,0,0,0
sc2205,20220218,20220218,112419500,11:24:20,559.9,24179,16504,13543615000,0,0,0
sc2205,20220218,20220218,112420000,11:24:20,559.9,24179,16504,13543615000,0,0,0
sc2205,20220218,20220218,112420500,11:24:21,559.9,24179,16504,13543615000,0,0,0
sc2205,20220218,20220218,112421000,11:24:21,559.9,24179,16504,13543615000,0,0,0
sc2205,20220218,20220218,112421500,11:24:22,559.9,24179,16504,13543615000,0,0,0
sc2205,20220218,20220218,112422000,11:24:22,559.9,24179,16504,13543615000,0,0,0
sc2205,20220218,20220218,112422500,11:24:23,559.9,24179,16504,13543615000,0,0,0
sc2205,20220218,20220218,112423000,11:24:23,559.9,24179,16504,13543615000,0,0,0
sc2205,20220218,20220218,112423500,11:24:23,559.9,24179,16504,13543615000,0,0,0
sc2205,20220218,20220218,112424000,11:24:24,559.9,24179,16504,13543615000,0,0,0
sc2205,20220218,20220218,112424500,11:24:24,559.9,24179,16504,13543615000,0,0,0
sc2205,20220218,20220218,112425000,11:24:25,559.9,24179,16504,13543615000,0,0,0
sc2205,20220218,20220218,112425500,11:24:25,559.9,24179,16504,13543615000,0,0,0
sc2205,20220218,20220218,112426000,11:24:26,559.9,24179,16504,13543615000,0,0,0
sc2205,20220218,20220218,112426500,11:24:26,559.9,24179,16504,13543615000,0,0,0
sc2205,20220218,20220218,112427000,11:24:27,559.9,24179,16504,13543615000,0,0,0
sc2205,20220218,20220218,112427500,11:24:28,559.9,24179,16504,13543615000,0,0,0
sc2205,20220218,20220218,112428000,11:24:28,559.9,24179,16504,13543615000,0,0,0
sc2205,20220218,20220218,112428500,11:24:28,559.9,24179,16504,13543615000,0,0,0
sc2205,20220218,20220218,112429000,11:24:29,559.9,24179,16504,13543615000,0,0,0
sc2205,20220218,20220218,112429500,11:24:29,559.9,24179,16504,13543615000,0,0,0
sc2205,20220218,20220218,112430000,11:24:30,559.9,24179,16504,13543615000,0,0,0
sc2205,20220218,20220218,112430500,11:24:30,559.9,24179,16504,13543615000,0,0,0
sc2205,20220218,20220218,112431000,11:24:31,559.9,24179,16504,13543615000,0,0,0
sc2205,20220218,20220218,112431500,11:24:31,559.9,24179,16504,13543615000,0,0,0
sc2205,20220218,20220218,112432000,11:24:32,559.9,24179,16504,13543615000,0,0,0
sc2205,20220218,20220218,112432500,11:24:32,559.9,24179,16504,13543615000,0,0,0
sc2205,20220218,20220218,112433000,11:24:33,559.9,24179,16504,13543615000,0,0,0
sc2205,20220218,20220218,112433500,11:24:33,559.9,24179,16504,13543615000,0,0,0
sc2205,20220218,20220218,112434000,11:24:34,559.9,24179,16504,13543615000,0,0,0
sc2205,20220218,20220218,112434500,11:24:34,559.9,24179,16504,13543615000,0,0,0
sc2205,20220218,20220218,112435000,11:24:35,559.9,24179,16504,13543615000,0,0,0
sc2205,20220218,20220218,112435500,11:24:35,559.9,24179,16504,13543615000,0,0,0
sc2205,20220218,20220218,112436000,11:24:36,559.9,24179,16504,13543615000,0,0,0
sc2205,20220218,20220218,112436500,11:24:36,559.9,24198,16506,13554254200,19,2,10639200
sc2205,20220218,20220218,112437000,11:24:37,559.9,24198,16506,13554254200,0,0,0
sc2205,20220218,20220218,112437500,11:24:37,559.9,24198,16506,13554254200,0,0,0
sc2205,20220218,20220218,112438000,11:24:39,559.9,24198,16506,13554254200,0,0,0
sc2205,20220218,20220218,112438500,11:24:40,559.9,24198,16506,13554254200,0,0,0
sc2205,20220218,20220218,112439000,11:24:40,559.9,24198,16506,13554254200,0,0,0
sc2205,20220218,20220218,112439500,11:24:40,559.9,24198,16506,13554254200,0,0,0
sc2205,20220218,20220218,112440000,11:24:40,559.9,24198,16506,13554254200,0,0,0
sc2205,20220218,20220218,112440500,11:24:40,559.9,24198,16506,13554254200,0,0,0
sc2205,20220218,20220218,112441000,11:24:41,559.9,24198,16506,13554254200,0,0,0
sc2205,20220218,20220218,112441500,11:24:41,559.9,24198,16506,13554254200,0,0,0
sc2205,20220218,20220218,112442000,11:24:42,559.9,24198,16506,13554254200,0,0,0
sc2205,20220218,20220218,112442500,11:24:42,559.9,24198,16506,13554254200,0,0,0
sc2205,20220218,20220218,112443000,11:24:43,559.9,24198,16506,13554254200,0,0,0
sc2205,20220218,20220218,112443500,11:24:43,559.9,24198,16506,13554254200,0,0,0
sc2205,20220218,20220218,112444000,11:24:44,559.9,24198,16506,13554254200,0,0,0
sc2205,20220218,20220218,112444500,11:24:44,559.9,24198,16506,13554254200,0,0,0
sc2205,20220218,20220218,112445000,11:24:45,559.9,24198,16506,13554254200,0,0,0
sc2205,20220218,20220218,112445500,11:24:45,559.9,24198,16506,13554254200,0,0,0
sc2205,20220218,20220218,112446000,11:24:46,559.9,24198,16506,13554254200,0,0,0
sc2205,20220218,20220218,112446500,11:24:46,559.9,24198,16506,13554254200,0,0,0
sc2205,20220218,20220218,112447000,11:24:47,559.9,24198,16506,13554254200,0,0,0
sc2205,20220218,20220218,112447500,11:24:47,559.9,24198,16506,13554254200,0,0,0
sc2205,20220218,20220218,112448000,11:24:48,559.9,24198,16506,13554254200,0,0,0
sc2205,20220218,20220218,112448500,11:24:49,559.9,24198,16506,13554254200,0,0,0
sc2205,20220218,20220218,112449000,11:24:49,559.9,24198,16506,13554254200,0,0,0
sc2205,20220218,20220218,112449500,11:24:49,559.9,24198,16506,13554254200,0,0,0
sc2205,20220218,20220218,112450000,11:24:50,559.9,24198,16506,13554254200,0,0,0
sc2205,20220218,20220218,112450500,11:24:50,559.9,24198,16506,13554254200,0,0,0
sc2205,20220218,20220218,112451000,11:24:51,559.9,24198,16506,13554254200,0,0,0
sc2205,20220218,20220218,112451500,11:24:52,559.9,24198,16506,13554254200,0,0,0
sc2205,20220218,20220218,112452000,11:24:52,559.9,24198,16506,13554254200,0,0,0
sc2205,20220218,20220218,112452500,11:24:52,559.9,24198,16506,13554254200,0,0,0
sc2205,20220218,20220218,112453000,11:24:53,559.9,24198,16506,13554254200,0,0,0
sc2205,20220218,20220218,112453500,11:24:53,559.9,24198,16506,13554254200,0,0,0
sc2205,20220218,20220218,112454000,11:24:54,559.9,24198,16506,13554254200,0,0,0
sc2205,20220218,20220218,112454500,11:24:54,560,24200,16507,13555374200,2,1,1120000
sc2205,20220218,20220218,112455000,11:24:55,560,24200,16507,13555374200,0,0,0
sc2205,20220218,20220218,112455500,11:24:56,560,24200,16507,13555374200,0,0,0
sc2205,20220218,20220218,112456000,11:24:56,560,24200,16507,13555374200,0,0,0
sc2205,20220218,20220218,112456500,11:24:56,560,24200,16507,13555374200,0,0,0
sc2205,20220218,20220218,112457000,11:24:57,560,24200,16507,13555374200,0,0,0
sc2205,20220218,20220218,112457500,11:24:57,560,24200,16507,13555374200,0,0,0
sc2205,20220218,20220218,112458000,11:24:58,560,24200,16507,13555374200,0,0,0
sc2205,20220218,20220218,112458500,11:24:58,560,24200,16507,13555374200,0,0,0
sc2205,20220218,20220218,112459000,11:24:59,560,24200,16507,13555374200,0,0,0
sc2205,20220218,20220218,112459500,11:24:59,560,24200,16507,13555374200,0,0,0
sc2205,20220218,20220218,112500000,11:25:00,560,24200,16507,13555374200,0,0,0
sc2205,20220218,20220218,112500500,11:25:01,560,24200,16507,13555374200,0,0,0
sc2205,20220218,20220218,112501000,11:25:02,560,24200,16507,13555374200,0,0,0
sc2205,20220218,20220218,112501500,11:25:05,560,24200,16507,13555374200,0,0,0
sc2205,20220218,20220218,112502000,11:25:05,560,24200,16507,13555374200,0,0,0
sc2205,20220218,20220218,112502500,11:25:06,560,24200,16507,13555374200,0,0,0
sc2205,20220218,20220218,112504500,11:25:06,560,24200,16507,13555374200,0,0,0
sc2205,20220218,20220218,112505500,11:25:06,560,24200,16507,13555374200,0,0,0
sc2205,20220218,20220218,112506000,11:25:07,560,24200,16507,13555374200,0,0,0
sc2205,20220218,20220218,112506500,11:25:07,560,24200,16507,13555374200,0,0,0
sc2205,20220218,20220218,112507000,11:25:07,560,24200,16507,13555374200,0,0,0
sc2205,20220218,20220218,112507500,11:25:07,560,24200,16507,13555374200,0,0,0
sc2205,20220218,20220218,112508000,11:25:08,560,24200,16507,13555374200,0,0,0
sc2205,20220218,20220218,112508500,11:25:08,560,24200,16507,13555374200,0,0,0
sc2205,20220218,20220218,112509000,11:25:09,560,24200,16507,13555374200,0,0,0
sc2205,20220218,20220218,112509500,11:25:10,560,24200,16507,13555374200,0,0,0
sc2205,20220218,20220218,112510000,11:25:10,560,24200,16507,13555374200,0,0,0
sc2205,20220218,20220218,112510500,11:25:10,560,24200,16507,13555374200,0,0,0
sc2205,20220218,20220218,112511000,11:25:11,560,24200,16507,13555374200,0,0,0
sc2205,20220218,20220218,112511500,11:25:11,560,24200,16507,13555374200,0,0,0
sc2205,20220218,20220218,112512000,11:25:12,560,24200,16507,13555374200,0,0,0
sc2205,20220218,20220218,112512500,11:25:12,560,24200,16507,13555374200,0,0,0
sc2205,20220218,20220218,112513000,11:25:13,560,24200,16507,13555374200,0,0,0
sc2205,20220218,20220218,112513500,11:25:15,560,24200,16507,13555374200,0,0,0
sc2205,20220218,20220218,112514000,11:25:15,560,24200,16507,13555374200,0,0,0
sc2205,20220218,20220218,112514500,11:25:15,560,24200,16507,13555374200,0,0,0
sc2205,20220218,20220218,112515000,11:25:16,560,24200,16507,13555374200,0,0,0
sc2205,20220218,20220218,112515500,11:25:16,560,24200,16507,13555374200,0,0,0
sc2205,20220218,20220218,112516000,11:25:16,560,24200,16507,13555374200,0,0,0
sc2205,20220218,20220218,112516500,11:25:16,560,24200,16507,13555374200,0,0,0
sc2205,20220218,20220218,112517000,11:25:18,560,24201,16506,13555934200,1,-1,560000
sc2205,20220218,20220218,112517500,11:25:18,560,24201,16506,13555934200,0,0,0
sc2205,20220218,20220218,112518000,11:25:18,560,24201,16506,13555934200,0,0,0
sc2205,20220218,20220218,112518500,11:25:19,560,24201,16506,13555934200,0,0,0
sc2205,20220218,20220218,112519000,11:25:19,560,24201,16506,13555934200,0,0,0
sc2205,20220218,20220218,112519500,11:25:20,560,24201,16506,13555934200,0,0,0
sc2205,20220218,20220218,112520000,11:25:21,560,24201,16506,13555934200,0,0,0
sc2205,20220218,20220218,112520500,11:25:21,560,24201,16506,13555934200,0,0,0
sc2205,20220218,20220218,112521000,11:25:21,560,24201,16506,13555934200,0,0,0
sc2205,20220218,20220218,112521500,11:25:22,560,24201,16506,13555934200,0,0,0
sc2205,20220218,20220218,112522000,11:25:22,560,24201,16506,13555934200,0,0,0
sc2205,20220218,20220218,112522500,11:25:23,560,24201,16506,13555934200,0,0,0
sc2205,20220218,20220218,112523000,11:25:23,560,24202,16505,13556494200,1,-1,560000
sc2205,20220218,20220218,112523500,11:25:24,560,24202,16505,13556494200,0,0,0
sc2205,20220218,20220218,112524000,11:25:25,560,24202,16505,13556494200,0,0,0
sc2205,20220218,20220218,112524500,11:25:25,560,24202,16505,13556494200,0,0,0
sc2205,20220218,20220218,112525000,11:25:25,560,24202,16505,13556494200,0,0,0
sc2205,20220218,20220218,112525500,11:25:26,560,24202,16505,13556494200,0,0,0
sc2205,20220218,20220218,112526000,11:25:26,560,24204,16506,13557614200,2,1,1120000
sc2205,20220218,20220218,112526500,11:25:27,560,24204,16506,13557614200,0,0,0
sc2205,20220218,20220218,112527000,11:25:28,560,24204,16506,13557614200,0,0,0
sc2205,20220218,20220218,112527500,11:25:28,560,24204,16506,13557614200,0,0,0
sc2205,20220218,20220218,112528000,11:25:28,560,24204,16506,13557614200,0,0,0
sc2205,20220218,20220218,112528500,11:25:28,560,24204,16506,13557614200,0,0,0
sc2205,20220218,20220218,112529000,11:25:29,560,24204,16506,13557614200,0,0,0
sc2205,20220218,20220218,112529500,11:25:30,560,24204,16506,13557614200,0,0,0
sc2205,20220218,20220218,112530000,11:25:31,560,24204,16506,13557614200,0,0,0
sc2205,20220218,20220218,112530500,11:25:31,560,24204,16506,13557614200,0,0,0
sc2205,20220218,20220218,112531000,11:25:31,560,24204,16506,13557614200,0,0,0
sc2205,20220218,20220218,112531500,11:25:32,560,24204,16506,13557614200,0,0,0
sc2205,20220218,20220218,112532000,11:25:32,560,24204,16506,13557614200,0,0,0
sc2205,20220218,20220218,112532500,11:25:33,560,24204,16506,13557614200,0,0,0
sc2205,20220218,20220218,112533000,11:25:33,560,24204,16506,13557614200,0,0,0
sc2205,20220218,20220218,112533500,11:25:33,560,24204,16506,13557614200,0,0,0
sc2205,20220218,20220218,112534000,11:25:34,560,24204,16506,13557614200,0,0,0
sc2205,20220218,20220218,112534500,11:25:36,560,24204,16506,13557614200,0,0,0
sc2205,20220218,20220218,112535000,11:25:36,560,24204,16506,13557614200,0,0,0
sc2205,20220218,20220218,112535500,11:25:37,560,24204,16506,13557614200,0,0,0
sc2205,20220218,20220218,112536000,11:25:37,560,24204,16506,13557614200,0,0,0
sc2205,20220218,20220218,112536500,11:25:37,560,24204,16506,13557614200,0,0,0
sc2205,20220218,20220218,112537000,11:25:38,560,24204,16506,13557614200,0,0,0
sc2205,20220218,20220218,112537500,11:25:38,560,24204,16506,13557614200,0,0,0
sc2205,20220218,20220218,112538000,11:25:38,560,24204,16506,13557614200,0,0,0
sc2205,20220218,20220218,112538500,11:25:39,560,24204,16506,13557614200,0,0,0
sc2205,20220218,20220218,112539000,11:25:39,560,24204,16506,13557614200,0,0,0
sc2205,20220218,20220218,112539500,11:25:40,560,24204,16506,13557614200,0,0,0
sc2205,20220218,20220218,112540000,11:25:40,560,24204,16506,13557614200,0,0,0
sc2205,20220218,20220218,112540500,11:25:40,560,24204,16506,13557614200,0,0,0
sc2205,20220218,20220218,112541000,11:25:41,560,24204,16506,13557614200,0,0,0
sc2205,20220218,20220218,112541500,11:25:41,559.9,24210,16506,13560973600,6,0,3359400
sc2205,20220218,20220218,112542000,11:25:42,559.9,24210,16506,13560973600,0,0,0
sc2205,20220218,20220218,112542500,11:25:43,559.9,24210,16506,13560973600,0,0,0
sc2205,20220218,20220218,112543000,11:25:43,559.9,24210,16506,13560973600,0,0,0
sc2205,20220218,20220218,112543500,11:25:43,559.9,24210,16506,13560973600,0,0,0
sc2205,20220218,20220218,112544000,11:25:44,559.9,24210,16506,13560973600,0,0,0
sc2205,20220218,20220218,112544500,11:25:44,559.9,24210,16506,13560973600,0,0,0
sc2205,20220218,20220218,112545000,11:25:45,559.9,24210,16506,13560973600,0,0,0
sc2205,20220218,20220218,112545500,11:25:46,559.9,24210,16506,13560973600,0,0,0
sc2205,20220218,20220218,112546000,11:25:47,559.9,24210,16506,13560973600,0,0,0
sc2205,20220218,20220218,112546500,11:25:48,559.9,24210,16506,13560973600,0,0,0
sc2205,20220218,20220218,112547000,11:25:48,559.9,24210,16506,13560973600,0,0,0
sc2205,20220218,20220218,112547500,11:25:48,559.9,24211,16506,13561533500,1,0,559900
sc2205,20220218,20220218,112548000,11:25:48,559.9,24211,16506,13561533500,0,0,0
sc2205,20220218,20220218,112548500,11:25:48,559.9,24211,16506,13561533500,0,0,0
sc2205,20220218,20220218,112549000,11:25:49,559.9,24211,16506,13561533500,0,0,0
sc2205,20220218,20220218,112549500,11:25:49,559.9,24211,16506,13561533500,0,0,0
sc2205,20220218,20220218,112550000,11:25:50,559.9,24211,16506,13561533500,0,0,0
sc2205,20220218,20220218,112550500,11:25:51,559.9,24211,16506,13561533500,0,0,0
sc2205,20220218,20220218,112551000,11:25:51,559.9,24211,16506,13561533500,0,0,0
sc2205,20220218,20220218,112551500,11:25:51,559.9,24211,16506,13561533500,0,0,0
sc2205,20220218,20220218,112552000,11:25:52,559.9,24211,16506,13561533500,0,0,0
sc2205,20220218,20220218,112552500,11:25:53,559.9,24211,16506,13561533500,0,0,0
sc2205,20220218,20220218,112553000,11:25:53,559.9,24211,16506,13561533500,0,0,0
sc2205,20220218,20220218,112553500,11:25:54,559.9,24211,16506,13561533500,0,0,0
sc2205,20220218,20220218,112554000,11:25:54,559.9,24211,16506,13561533500,0,0,0
sc2205,20220218,20220218,112554500,11:25:55,559.9,24211,16506,13561533500,0,0,0
sc2205,20220218,20220218,112555000,11:25:56,559.9,24211,16506,13561533500,0,0,0
sc2205,20220218,20220218,112555500,11:25:56,559.9,24211,16506,13561533500,0,0,0
sc2205,20220218,20220218,112556000,11:25:57,559.9,24211,16506,13561533500,0,0,0
sc2205,20220218,20220218,112556500,11:25:57,559.9,24211,16506,13561533500,0,0,0
sc2205,20220218,20220218,112557000,11:25:57,559.9,24211,16506,13561533500,0,0,0
sc2205,20220218,20220218,112557500,11:25:57,559.9,24211,16506,13561533500,0,0,0
sc2205,20220218,20220218,112558000,11:25:59,559.9,24211,16506,13561533500,0,0,0
sc2205,20220218,20220218,112558500,11:25:59,559.9,24211,16506,13561533500,0,0,0
sc2205,20220218,20220218,112559000,11:26:00,559.9,24211,16506,13561533500,0,0,0
sc2205,20220218,20220218,112559500,11:26:00,559.9,24211,16506,13561533500,0,0,0
sc2205,20220218,20220218,112600000,11:26:00,559.9,24211,16506,13561533500,0,0,0
sc2205,20220218,20220218,112600500,11:26:01,559.9,24211,16506,13561533500,0,0,0
sc2205,20220218,20220218,112601000,11:26:01,559.8,24212,16506,13562093300,1,0,559800
sc2205,20220218,20220218,112601500,11:26:02,559.8,24212,16506,13562093300,0,0,0
sc2205,20220218,20220218,112602000,11:26:03,559.8,24212,16506,13562093300,0,0,0
sc2205,20220218,20220218,112602500,11:26:03,559.8,24212,16506,13562093300,0,0,0
sc2205,20220218,20220218,112603000,11:26:03,559.8,24212,16506,13562093300,0,0,0
sc2205,20220218,20220218,112603500,11:26:04,559.8,24212,16506,13562093300,0,0,0
sc2205,20220218,20220218,112604000,11:26:05,559.8,24212,16506,13562093300,0,0,0
sc2205,20220218,20220218,112604500,11:26:05,559.8,24212,16506,13562093300,0,0,0
sc2205,20220218,20220218,112605000,11:26:05,559.8,24212,16506,13562093300,0,0,0
sc2205,20220218,20220218,112605500,11:26:06,559.8,24212,16506,13562093300,0,0,0
sc2205,20220218,20220218,112606000,11:26:06,559.8,24212,16506,13562093300,0,0,0
sc2205,20220218,20220218,112606500,11:26:09,559.8,24212,16506,13562093300,0,0,0
sc2205,20220218,20220218,112607000,11:26:09,559.8,24212,16506,13562093300,0,0,0
sc2205,20220218,20220218,112607500,11:26:09,559.8,24212,16506,13562093300,0,0,0
sc2205,20220218,20220218,112609000,11:26:10,559.8,24212,16506,13562093300,0,0,0
sc2205,20220218,20220218,112609500,11:26:10,559.8,24212,16506,13562093300,0,0,0
sc2205,20220218,20220218,112610000,11:26:10,559.8,24212,16506,13562093300,0,0,0
sc2205,20220218,20220218,112610500,11:26:11,559.8,24212,16506,13562093300,0,0,0
sc2205,20220218,20220218,112611000,11:26:11,559.8,24212,16506,13562093300,0,0,0
sc2205,20220218,20220218,112611500,11:26:13,559.8,24212,16506,13562093300,0,0,0
sc2205,20220218,20220218,112612000,11:26:14,559.8,24212,16506,13562093300,0,0,0
sc2205,20220218,20220218,112612500,11:26:14,559.8,24212,16506,13562093300,0,0,0
sc2205,20220218,20220218,112613000,11:26:15,559.8,24212,16506,13562093300,0,0,0
sc2205,20220218,20220218,112613500,11:26:15,559.8,24212,16506,13562093300,0,0,0
sc2205,20220218,20220218,112614000,11:26:15,559.8,24212,16506,13562093300,0,0,0
sc2205,20220218,20220218,112614500,11:26:16,559.8,24212,16506,13562093300,0,0,0
sc2205,20220218,20220218,112615000,11:26:16,559.8,24212,16506,13562093300,0,0,0
sc2205,20220218,20220218,112615500,11:26:16,559.8,24212,16506,13562093300,0,0,0
sc2205,20220218,20220218,112616000,11:26:16,559.8,24212,16506,13562093300,0,0,0
sc2205,20220218,20220218,112616500,11:26:17,559.8,24212,16506,13562093300,0,0,0
sc2205,20220218,20220218,112617000,11:26:17,559.8,24212,16506,13562093300,0,0,0
sc2205,20220218,20220218,112617500,11:26:17,559.8,24212,16506,13562093300,0,0,0
sc2205,20220218,20220218,112618000,11:26:18,559.8,24212,16506,13562093300,0,0,0
sc2205,20220218,20220218,112618500,11:26:19,559.8,24212,16506,13562093300,0,0,0
sc2205,20220218,20220218,112619000,11:26:19,559.8,24212,16506,13562093300,0,0,0
sc2205,20220218,20220218,112619500,11:26:20,559.8,24212,16506,13562093300,0,0,0
sc2205,20220218,20220218,112620000,11:26:20,559.8,24212,16506,13562093300,0,0,0
sc2205,20220218,20220218,112620500,11:26:20,559.8,24212,16506,13562093300,0,0,0
sc2205,20220218,20220218,112621000,11:26:21,559.8,24212,16506,13562093300,0,0,0
sc2205,20220218,20220218,112621500,11:26:21,559.8,24212,16506,13562093300,0,0,0
sc2205,20220218,20220218,112622000,11:26:22,559.8,24212,16506,13562093300,0,0,0
sc2205,20220218,20220218,112622500,11:26:23,559.8,24212,16506,13562093300,0,0,0
sc2205,20220218,20220218,112623000,11:26:23,559.8,24212,16506,13562093300,0,0,0
sc2205,20220218,20220218,112623500,11:26:23,559.7,24213,16505,13562653000,1,-1,559700
sc2205,20220218,20220218,112624000,11:26:24,559.7,24213,16505,13562653000,0,0,0
sc2205,20220218,20220218,112624500,11:26:24,559.7,24213,16505,13562653000,0,0,0
sc2205,20220218,20220218,112625000,11:26:25,559.7,24213,16505,13562653000,0,0,0
sc2205,20220218,20220218,112625500,11:26:26,559.7,24213,16505,13562653000,0,0,0
sc2205,20220218,20220218,112626000,11:26:26,559.7,24213,16505,13562653000,0,0,0
sc2205,20220218,20220218,112626500,11:26:26,559.7,24213,16505,13562653000,0,0,0
sc2205,20220218,20220218,112627000,11:26:27,559.7,24213,16505,13562653000,0,0,0
sc2205,20220218,20220218,112627500,11:26:27,559.7,24213,16505,13562653000,0,0,0
sc2205,20220218,20220218,112628000,11:26:28,559.7,24213,16505,13562653000,0,0,0
sc2205,20220218,20220218,112628500,11:26:28,559.7,24213,16505,13562653000,0,0,0
sc2205,20220218,20220218,112629000,11:26:30,559.7,24213,16505,13562653000,0,0,0
sc2205,20220218,20220218,112629500,11:26:30,559.7,24213,16505,13562653000,0,0,0
sc2205,20220218,20220218,112630000,11:26:31,559.7,24213,16505,13562653000,0,0,0
sc2205,20220218,20220218,112630500,11:26:31,559.7,24214,16505,13563212700,1,0,559700
sc2205,20220218,20220218,112631000,11:26:31,559.7,24214,16505,13563212700,0,0,0
sc2205,20220218,20220218,112631500,11:26:32,559.7,24214,16505,13563212700,0,0,0
sc2205,20220218,20220218,112632000,11:26:32,559.7,24214,16505,13563212700,0,0,0
sc2205,20220218,20220218,112632500,11:26:32,559.7,24214,16505,13563212700,0,0,0
sc2205,20220218,20220218,112633000,11:26:33,559.7,24214,16505,13563212700,0,0,0
sc2205,20220218,20220218,112633500,11:26:34,559.7,24214,16505,13563212700,0,0,0
sc2205,20220218,20220218,112634000,11:26:36,559.7,24215,16504,13563772400,1,-1,559700
sc2205,20220218,20220218,112634500,11:26:37,559.7,24215,16504,13563772400,0,0,0
sc2205,20220218,20220218,112635000,11:26:37,559.7,24215,16504,13563772400,0,0,0
sc2205,20220218,20220218,112635500,11:26:38,559.7,24215,16504,13563772400,0,0,0
sc2205,20220218,20220218,112637000,11:26:54,559.7,24215,16504,13563772400,0,0,0
sc2205,20220218,20220218,112637500,11:27:10,559.7,24215,16504,13563772400,0,0,0
sc2205,20220218,20220218,112638000,11:27:10,559.7,24215,16504,13563772400,0,0,0
sc2205,20220218,20220218,112653500,11:27:11,559.7,24215,16504,13563772400,0,0,0
sc2205,20220218,20220218,112710000,11:27:12,559.7,24215,16504,13563772400,0,0,0
sc2205,20220218,20220218,112712000,11:27:13,559.7,24215,16504,13563772400,0,0,0
sc2205,20220218,20220218,112712500,11:27:13,559.7,24215,16504,13563772400,0,0,0
sc2205,20220218,20220218,112713000,11:27:14,559.7,24215,16504,13563772400,0,0,0
sc2205,20220218,20220218,112713500,11:27:14,559.7,24215,16504,13563772400,0,0,0
sc2205,20220218,20220218,112714000,11:27:15,559.7,24215,16504,13563772400,0,0,0
sc2205,20220218,20220218,112714500,11:27:15,559.7,24215,16504,13563772400,0,0,0
sc2205,20220218,20220218,112715000,11:27:16,559.7,24215,16504,13563772400,0,0,0
sc2205,20220218,20220218,112715500,11:27:16,559.7,24215,16504,13563772400,0,0,0
sc2205,20220218,20220218,112716000,11:27:17,559.7,24215,16504,13563772400,0,0,0
sc2205,20220218,20220218,112716500,11:27:17,559.7,24215,16504,13563772400,0,0,0
sc2205,20220218,20220218,112717000,11:27:17,559.7,24215,16504,13563772400,0,0,0
sc2205,20220218,20220218,112717500,11:27:17,559.7,24215,16504,13563772400,0,0,0
sc2205,20220218,20220218,112718000,11:27:18,559.7,24215,16504,13563772400,0,0,0
sc2205,20220218,20220218,112718500,11:27:19,559.7,24215,16504,13563772400,0,0,0
sc2205,20220218,20220218,112719000,11:27:19,559.7,24215,16504,13563772400,0,0,0
sc2205,20220218,20220218,112719500,11:27:20,559.7,24215,16504,13563772400,0,0,0
sc2205,20220218,20220218,112720000,11:27:20,559.7,24215,16504,13563772400,0,0,0
sc2205,20220218,20220218,112720500,11:27:21,559.7,24215,16504,13563772400,0,0,0
sc2205,20220218,20220218,112721000,11:27:21,559.7,24215,16504,13563772400,0,0,0
sc2205,20220218,20220218,112721500,11:27:22,559.7,24215,16504,13563772400,0,0,0
sc2205,20220218,20220218,112722000,11:27:22,559.7,24215,16504,13563772400,0,0,0
sc2205,20220218,20220218,112722500,11:27:26,559.7,24215,16504,13563772400,0,0,0
sc2205,20220218,20220218,112723000,11:27:26,559.7,24215,16504,13563772400,0,0,0
sc2205,20220218,20220218,112723500,11:27:27,559.7,24215,16504,13563772400,0,0,0
sc2205,20220218,20220218,112724000,11:27:27,559.7,24215,16504,13563772400,0,0,0
sc2205,20220218,20220218,112726500,11:27:27,559.7,24215,16504,13563772400,0,0,0
sc2205,20220218,20220218,112727000,11:27:27,559.7,24215,16504,13563772400,0,0,0
sc2205,20220218,20220218,112727500,11:27:27,559.7,24215,16504,13563772400,0,0,0
sc2205,20220218,20220218,112728000,11:27:28,559.7,24215,16504,13563772400,0,0,0
sc2205,20220218,20220218,112728500,11:27:28,559.7,24215,16504,13563772400,0,0,0
sc2205,20220218,20220218,112729000,11:27:29,559.7,24215,16504,13563772400,0,0,0
sc2205,20220218,20220218,112729500,11:27:30,559.7,24215,16504,13563772400,0,0,0
sc2205,20220218,20220218,112730000,11:27:30,559.7,24215,16504,13563772400,0,0,0
sc2205,20220218,20220218,112730500,11:27:31,559.6,24217,16505,13564891700,2,1,1119300
sc2205,20220218,20220218,112731000,11:27:33,559.6,24217,16505,13564891700,0,0,0
sc2205,20220218,20220218,112731500,11:27:35,559.6,24217,16505,13564891700,0,0,0
sc2205,20220218,20220218,112732000,11:27:36,559.6,24217,16505,13564891700,0,0,0
sc2205,20220218,20220218,112732500,11:27:36,559.6,24217,16505,13564891700,0,0,0
sc2205,20220218,20220218,112735500,11:27:36,559.6,24217,16505,13564891700,0,0,0
sc2205,20220218,20220218,112736000,11:27:37,559.6,24217,16505,13564891700,0,0,0
sc2205,20220218,20220218,112736500,11:27:38,559.6,24217,16505,13564891700,0,0,0
sc2205,20220218,20220218,112737000,11:27:38,559.6,24217,16505,13564891700,0,0,0
sc2205,20220218,20220218,112737500,11:27:38,559.6,24217,16505,13564891700,0,0,0
sc2205,20220218,20220218,112738000,11:27:38,559.6,24217,16505,13564891700,0,0,0
sc2205,20220218,20220218,112738500,11:27:39,559.6,24217,16505,13564891700,0,0,0
sc2205,20220218,20220218,112739000,11:27:39,559.6,24217,16505,13564891700,0,0,0
sc2205,20220218,20220218,112739500,11:27:39,559.6,24217,16505,13564891700,0,0,0
sc2205,20220218,20220218,112740000,11:27:40,559.6,24217,16505,13564891700,0,0,0
sc2205,20220218,20220218,112740500,11:27:40,559.6,24217,16505,13564891700,0,0,0
sc2205,20220218,20220218,112741000,11:27:41,559.6,24217,16505,13564891700,0,0,0
sc2205,20220218,20220218,112741500,11:27:42,559.6,24217,16505,13564891700,0,0,0
sc2205,20220218,20220218,112742000,11:27:42,559.6,24217,16505,13564891700,0,0,0
sc2205,20220218,20220218,112742500,11:27:43,559.6,24217,16505,13564891700,0,0,0
sc2205,20220218,20220218,112743000,11:27:43,559.6,24217,16505,13564891700,0,0,0
sc2205,20220218,20220218,112743500,11:27:44,559.6,24217,16505,13564891700,0,0,0
sc2205,20220218,20220218,112744000,11:27:44,559.6,24217,16505,13564891700,0,0,0
sc2205,20220218,20220218,112744500,11:27:45,559.6,24217,16505,13564891700,0,0,0
sc2205,20220218,20220218,112745000,11:27:45,559.6,24217,16505,13564891700,0,0,0
sc2205,20220218,20220218,112745500,11:27:46,559.6,24217,16505,13564891700,0,0,0
sc2205,20220218,20220218,112746000,11:27:46,559.6,24217,16505,13564891700,0,0,0
sc2205,20220218,20220218,112746500,11:27:47,559.6,24217,16505,13564891700,0,0,0
sc2205,20220218,20220218,112747000,11:27:47,559.6,24217,16505,13564891700,0,0,0
sc2205,20220218,20220218,112747500,11:27:48,559.6,24217,16505,13564891700,0,0,0
sc2205,20220218,20220218,112748000,11:27:52,559.6,24217,16505,13564891700,0,0,0
sc2205,20220218,20220218,112748500,11:27:54,559.6,24217,16505,13564891700,0,0,0
sc2205,20220218,20220218,112749000,11:27:54,559.6,24217,16505,13564891700,0,0,0
sc2205,20220218,20220218,112749500,11:27:54,559.6,24217,16505,13564891700,0,0,0
sc2205,20220218,20220218,112754000,11:27:54,559.6,24217,16505,13564891700,0,0,0
sc2205,20220218,20220218,112754500,11:27:54,559.6,24217,16505,13564891700,0,0,0
sc2205,20220218,20220218,112755000,11:27:55,559.6,24217,16505,13564891700,0,0,0
sc2205,20220218,20220218,112755500,11:27:55,559.6,24217,16505,13564891700,0,0,0
sc2205,20220218,20220218,112756000,11:27:56,559.6,24217,16505,13564891700,0,0,0
sc2205,20220218,20220218,112756500,11:27:56,559.6,24217,16505,13564891700,0,0,0
sc2205,20220218,20220218,112757000,11:27:57,559.6,24217,16505,13564891700,0,0,0
sc2205,20220218,20220218,112757500,11:27:57,559.6,24217,16505,13564891700,0,0,0
sc2205,20220218,20220218,112758000,11:27:58,559.6,24217,16505,13564891700,0,0,0
sc2205,20220218,20220218,112758500,11:27:59,559.6,24217,16505,13564891700,0,0,0
sc2205,20220218,20220218,112759000,11:27:59,559.6,24217,16505,13564891700,0,0,0
sc2205,20220218,20220218,112759500,11:27:59,559.6,24217,16505,13564891700,0,0,0
sc2205,20220218,20220218,112800000,11:28:00,559.6,24217,16505,13564891700,0,0,0
sc2205,20220218,20220218,112800500,11:28:01,559.6,24217,16505,13564891700,0,0,0
sc2205,20220218,20220218,112801000,11:28:01,559.6,24217,16505,13564891700,0,0,0
sc2205,20220218,20220218,112801500,11:28:02,559.6,24217,16505,13564891700,0,0,0
sc2205,20220218,20220218,112802000,11:28:03,559.9,24220,16506,13566571000,3,1,1679300
sc2205,20220218,20220218,112802500,11:28:03,559.9,24220,16506,13566571000,0,0,0
sc2205,20220218,20220218,112803000,11:28:04,559.7,24221,16506,13567130700,1,0,559700
sc2205,20220218,20220218,112803500,11:28:04,559.7,24221,16506,13567130700,0,0,0
sc2205,20220218,20220218,112804000,11:28:04,559.7,24221,16506,13567130700,0,0,0
sc2205,20220218,20220218,112804500,11:28:05,559.7,24221,16506,13567130700,0,0,0
sc2205,20220218,20220218,112805000,11:28:06,559.7,24221,16506,13567130700,0,0,0
sc2205,20220218,20220218,112805500,11:28:06,559.7,24221,16506,13567130700,0,0,0
sc2205,20220218,20220218,112806000,11:28:10,559.7,24221,16506,13567130700,0,0,0
sc2205,20220218,20220218,112806500,11:28:10,559.7,24221,16506,13567130700,0,0,0
sc2205,20220218,20220218,112807000,11:28:10,559.7,24221,16506,13567130700,0,0,0
sc2205,20220218,20220218,112807500,11:28:10,559.7,24221,16506,13567130700,0,0,0
sc2205,20220218,20220218,112810000,11:28:11,559.7,24221,16506,13567130700,0,0,0
sc2205,20220218,20220218,112810500,11:28:12,559.7,24221,16506,13567130700,0,0,0
sc2205,20220218,20220218,112811000,11:28:12,559.7,24221,16506,13567130700,0,0,0
sc2205,20220218,20220218,112811500,11:28:12,559.7,24221,16506,13567130700,0,0,0
sc2205,20220218,20220218,112812000,11:28:13,559.7,24221,16506,13567130700,0,0,0
sc2205,20220218,20220218,112812500,11:28:13,559.7,24221,16506,13567130700,0,0,0
sc2205,20220218,20220218,112813000,11:28:13,559.7,24221,16506,13567130700,0,0,0
sc2205,20220218,20220218,112813500,11:28:14,559.7,24221,16506,13567130700,0,0,0
sc2205,20220218,20220218,112814000,11:28:14,559.7,24221,16506,13567130700,0,0,0
sc2205,20220218,20220218,112814500,11:28:14,559.7,24221,16506,13567130700,0,0,0
sc2205,20220218,20220218,112815000,11:28:15,559.7,24221,16506,13567130700,0,0,0
sc2205,20220218,20220218,112815500,11:28:15,559.7,24221,16506,13567130700,0,0,0
sc2205,20220218,20220218,112816000,11:28:16,559.7,24221,16506,13567130700,0,0,0
sc2205,20220218,20220218,112816500,11:28:16,559.7,24221,16506,13567130700,0,0,0
sc2205,20220218,20220218,112817000,11:28:17,559.7,24221,16506,13567130700,0,0,0
sc2205,20220218,20220218,112817500,11:28:18,559.7,24221,16506,13567130700,0,0,0
sc2205,20220218,20220218,112818000,11:28:18,559.7,24221,16506,13567130700,0,0,0
sc2205,20220218,20220218,112818500,11:28:18,559.7,24221,16506,13567130700,0,0,0
sc2205,20220218,20220218,112819000,11:28:19,559.7,24221,16506,13567130700,0,0,0
sc2205,20220218,20220218,112819500,11:28:20,559.7,24221,16506,13567130700,0,0,0
sc2205,20220218,20220218,112820000,11:28:20,559.7,24221,16506,13567130700,0,0,0
sc2205,20220218,20220218,112820500,11:28:21,559.7,24221,16506,13567130700,0,0,0
sc2205,20220218,20220218,112821000,11:28:21,559.7,24221,16506,13567130700,0,0,0
sc2205,20220218,20220218,112821500,11:28:22,559.7,24221,16506,13567130700,0,0,0
sc2205,20220218,20220218,112822000,11:28:22,559.7,24221,16506,13567130700,0,0,0
sc2205,20220218,20220218,112822500,11:28:22,559.9,24222,16507,13567690600,1,1,559900
sc2205,20220218,20220218,112823000,11:28:23,559.9,24222,16507,13567690600,0,0,0
sc2205,20220218,20220218,112823500,11:28:23,559.9,24222,16507,13567690600,0,0,0
sc2205,20220218,20220218,112824000,11:28:24,559.9,24222,16507,13567690600,0,0,0
sc2205,20220218,20220218,112824500,11:28:25,559.9,24222,16507,13567690600,0,0,0
sc2205,20220218,20220218,112825000,11:28:25,559.9,24222,16507,13567690600,0,0,0
sc2205,20220218,20220218,112825500,11:28:25,559.9,24222,16507,13567690600,0,0,0
sc2205,20220218,20220218,112826000,11:28:26,559.9,24222,16507,13567690600,0,0,0
sc2205,20220218,20220218,112826500,11:28:27,559.9,24222,16507,13567690600,0,0,0
sc2205,20220218,20220218,112827000,11:28:27,559.9,24222,16507,13567690600,0,0,0
sc2205,20220218,20220218,112827500,11:28:27,559.9,24222,16507,13567690600,0,0,0
sc2205,20220218,20220218,112828000,11:28:28,559.9,24222,16507,13567690600,0,0,0
sc2205,20220218,20220218,112828500,11:28:28,559.9,24222,16507,13567690600,0,0,0
sc2205,20220218,20220218,112829000,11:28:29,559.9,24222,16507,13567690600,0,0,0
sc2205,20220218,20220218,112829500,11:28:30,559.9,24222,16507,13567690600,0,0,0
sc2205,20220218,20220218,112830000,11:28:30,559.9,24222,16507,13567690600,0,0,0
sc2205,20220218,20220218,112830500,11:28:31,559.9,24222,16507,13567690600,0,0,0
sc2205,20220218,20220218,112831000,11:28:31,559.9,24222,16507,13567690600,0,0,0
sc2205,20220218,20220218,112831500,11:28:31,559.9,24222,16507,13567690600,0,0,0
sc2205,20220218,20220218,112832000,11:28:33,559.9,24222,16507,13567690600,0,0,0
sc2205,20220218,20220218,112832500,11:28:33,559.9,24222,16507,13567690600,0,0,0
sc2205,20220218,20220218,112833000,11:28:33,559.9,24222,16507,13567690600,0,0,0
sc2205,20220218,20220218,112833500,11:28:34,559.9,24222,16507,13567690600,0,0,0
sc2205,20220218,20220218,112834000,11:28:34,559.9,24222,16507,13567690600,0,0,0
sc2205,20220218,20220218,112834500,11:28:34,559.9,24222,16507,13567690600,0,0,0
sc2205,20220218,20220218,112835000,11:28:35,559.9,24222,16507,13567690600,0,0,0
sc2205,20220218,20220218,112835500,11:28:37,559.9,24222,16507,13567690600,0,0,0
sc2205,20220218,20220218,112836000,11:28:37,559.9,24222,16507,13567690600,0,0,0
sc2205,20220218,20220218,112836500,11:28:37,559.9,24222,16507,13567690600,0,0,0
sc2205,20220218,20220218,112837000,11:28:37,559.9,24222,16507,13567690600,0,0,0
sc2205,20220218,20220218,112837500,11:28:37,559.9,24222,16507,13567690600,0,0,0
sc2205,20220218,20220218,112838000,11:28:38,559.9,24222,16507,13567690600,0,0,0
sc2205,20220218,20220218,112838500,11:28:38,559.9,24222,16507,13567690600,0,0,0
sc2205,20220218,20220218,112839000,11:28:40,559.8,24223,16507,13568250400,1,0,559800
sc2205,20220218,20220218,112839500,11:28:40,559.8,24223,16507,13568250400,0,0,0
sc2205,20220218,20220218,112840000,11:28:40,559.8,24223,16507,13568250400,0,0,0
sc2205,20220218,20220218,112840500,11:28:40,559.8,24223,16507,13568250400,0,0,0
sc2205,20220218,20220218,112841000,11:28:41,559.8,24223,16507,13568250400,0,0,0
sc2205,20220218,20220218,112841500,11:28:41,559.8,24223,16507,13568250400,0,0,0
sc2205,20220218,20220218,112842000,11:28:42,559.8,24223,16507,13568250400,0,0,0
sc2205,20220218,20220218,112842500,11:28:42,559.8,24223,16507,13568250400,0,0,0
sc2205,20220218,20220218,112843000,11:28:43,559.8,24223,16507,13568250400,0,0,0
sc2205,20220218,20220218,112843500,11:28:44,559.8,24223,16507,13568250400,0,0,0
sc2205,20220218,20220218,112844000,11:28:44,559.8,24223,16507,13568250400,0,0,0
sc2205,20220218,20220218,112844500,11:28:44,559.8,24223,16507,13568250400,0,0,0
sc2205,20220218,20220218,112845000,11:28:45,559.8,24223,16507,13568250400,0,0,0
sc2205,20220218,20220218,112845500,11:28:46,559.8,24223,16507,13568250400,0,0,0
sc2205,20220218,20220218,112846000,11:28:46,559.8,24223,16507,13568250400,0,0,0
sc2205,20220218,20220218,112846500,11:28:46,559.8,24223,16507,13568250400,0,0,0
sc2205,20220218,20220218,112847000,11:28:47,560,24224,16508,13568810400,1,1,560000
sc2205,20220218,20220218,112847500,11:28:48,560,24224,16508,13568810400,0,0,0
sc2205,20220218,20220218,112848000,11:28:48,560,24224,16508,13568810400,0,0,0
sc2205,20220218,20220218,112848500,11:28:48,560,24224,16508,13568810400,0,0,0
sc2205,20220218,20220218,112849000,11:28:49,560,24224,16508,13568810400,0,0,0
sc2205,20220218,20220218,112849500,11:28:50,560,24224,16508,13568810400,0,0,0
sc2205,20220218,20220218,112850000,11:28:50,560,24224,16508,13568810400,0,0,0
sc2205,20220218,20220218,112850500,11:28:51,560,24224,16508,13568810400,0,0,0
sc2205,20220218,20220218,112851000,11:28:51,560,24224,16508,13568810400,0,0,0
sc2205,20220218,20220218,112851500,11:28:51,560,24224,16508,13568810400,0,0,0
sc2205,20220218,20220218,112852000,11:28:53,560,24224,16508,13568810400,0,0,0
sc2205,20220218,20220218,112852500,11:28:54,560,24224,16508,13568810400,0,0,0
sc2205,20220218,20220218,112853000,11:28:54,560,24224,16508,13568810400,0,0,0
sc2205,20220218,20220218,112853500,11:28:54,560,24224,16508,13568810400,0,0,0
sc2205,20220218,20220218,112854000,11:28:54,560,24224,16508,13568810400,0,0,0
sc2205,20220218,20220218,112854500,11:28:54,560,24224,16508,13568810400,0,0,0
sc2205,20220218,20220218,112855000,11:28:55,560,24224,16508,13568810400,0,0,0
sc2205,20220218,20220218,112855500,11:28:56,560,24224,16508,13568810400,0,0,0
sc2205,20220218,20220218,112856000,11:28:56,560,24224,16508,13568810400,0,0,0
sc2205,20220218,20220218,112856500,11:28:56,560,24224,16508,13568810400,0,0,0
sc2205,20220218,20220218,112857000,11:28:57,560,24224,16508,13568810400,0,0,0
sc2205,20220218,20220218,112857500,11:28:58,560,24224,16508,13568810400,0,0,0
sc2205,20220218,20220218,112858000,11:28:59,560.2,24225,16508,13569370600,1,0,560200
sc2205,20220218,20220218,112858500,11:28:59,560.2,24225,16508,13569370600,0,0,0
sc2205,20220218,20220218,112859000,11:28:59,560.2,24225,16508,13569370600,0,0,0
sc2205,20220218,20220218,112859500,11:29:00,560,24226,16509,13569930600,1,1,560000
sc2205,20220218,20220218,112900000,11:29:00,560,24226,16509,13569930600,0,0,0
sc2205,20220218,20220218,112900500,11:29:01,560,24226,16509,13569930600,0,0,0
sc2205,20220218,20220218,112901000,11:29:01,560,24226,16509,13569930600,0,0,0
sc2205,20220218,20220218,112901500,11:29:01,560,24226,16509,13569930600,0,0,0
sc2205,20220218,20220218,112902000,11:29:03,560,24226,16509,13569930600,0,0,0
sc2205,20220218,20220218,112902500,11:29:03,560,24226,16509,13569930600,0,0,0
sc2205,20220218,20220218,112903000,11:29:03,560,24226,16509,13569930600,0,0,0
sc2205,20220218,20220218,112903500,11:29:04,560,24226,16509,13569930600,0,0,0
sc2205,20220218,20220218,112904000,11:29:04,560,24226,16509,13569930600,0,0,0
sc2205,20220218,20220218,112904500,11:29:04,560,24226,16509,13569930600,0,0,0
sc2205,20220218,20220218,112905000,11:29:05,560,24226,16509,13569930600,0,0,0
sc2205,20220218,20220218,112905500,11:29:06,560,24226,16509,13569930600,0,0,0
sc2205,20220218,20220218,112906000,11:29:06,560,24226,16509,13569930600,0,0,0
sc2205,20220218,20220218,112906500,11:29:06,560,24226,16509,13569930600,0,0,0
sc2205,20220218,20220218,112907000,11:29:08,560,24226,16509,13569930600,0,0,0
sc2205,20220218,20220218,112907500,11:29:08,560,24227,16509,13570490600,1,0,560000
sc2205,20220218,20220218,112908000,11:29:08,560,24227,16509,13570490600,0,0,0
sc2205,20220218,20220218,112908500,11:29:08,560,24227,16509,13570490600,0,0,0
sc2205,20220218,20220218,112909000,11:29:09,560,24227,16509,13570490600,0,0,0
sc2205,20220218,20220218,112909500,11:29:09,560,24227,16509,13570490600,0,0,0
sc2205,20220218,20220218,112910000,11:29:10,560,24227,16509,13570490600,0,0,0
sc2205,20220218,20220218,112910500,11:29:10,560,24227,16509,13570490600,0,0,0
sc2205,20220218,20220218,112911000,11:29:11,560,24227,16509,13570490600,0,0,0
sc2205,20220218,20220218,112911500,11:29:12,560,24227,16509,13570490600,0,0,0
sc2205,20220218,20220218,112912000,11:29:12,560,24227,16509,13570490600,0,0,0
sc2205,20220218,20220218,112912500,11:29:12,560,24227,16509,13570490600,0,0,0
sc2205,20220218,20220218,112913000,11:29:13,560,24227,16509,13570490600,0,0,0
sc2205,20220218,20220218,112913500,11:29:14,560,24227,16509,13570490600,0,0,0
sc2205,20220218,20220218,112914000,11:29:14,560,24227,16509,13570490600,0,0,0
sc2205,20220218,20220218,112914500,11:29:15,560,24227,16509,13570490600,0,0,0
sc2205,20220218,20220218,112915000,11:29:15,560,24227,16509,13570490600,0,0,0
sc2205,20220218,20220218,112915500,11:29:16,560,24227,16509,13570490600,0,0,0
sc2205,20220218,20220218,112916000,11:29:16,560,24227,16509,13570490600,0,0,0
sc2205,20220218,20220218,112916500,11:29:20,560,24227,16509,13570490600,0,0,0
sc2205,20220218,20220218,112917000,11:29:20,560,24227,16509,13570490600,0,0,0
sc2205,20220218,20220218,112917500,11:29:21,560,24227,16509,13570490600,0,0,0
sc2205,20220218,20220218,112918000,11:29:21,560,24227,16509,13570490600,0,0,0
sc2205,20220218,20220218,112920500,11:29:22,560,24227,16509,13570490600,0,0,0
sc2205,20220218,20220218,112921000,11:29:22,560,24227,16509,13570490600,0,0,0
sc2205,20220218,20220218,112921500,11:29:24,560,24227,16509,13570490600,0,0,0
sc2205,20220218,20220218,112922000,11:29:24,560,24227,16509,13570490600,0,0,0
sc2205,20220218,20220218,112922500,11:29:24,560,24227,16509,13570490600,0,0,0
sc2205,20220218,20220218,112923000,11:29:24,560,24227,16509,13570490600,0,0,0
sc2205,20220218,20220218,112924000,11:29:24,560,24227,16509,13570490600,0,0,0
sc2205,20220218,20220218,112924500,11:29:24,560,24227,16509,13570490600,0,0,0
sc2205,20220218,20220218,112925000,11:29:25,560,24227,16509,13570490600,0,0,0
sc2205,20220218,20220218,112925500,11:29:25,560,24227,16509,13570490600,0,0,0
sc2205,20220218,20220218,112926000,11:29:26,560,24227,16509,13570490600,0,0,0
sc2205,20220218,20220218,112926500,11:29:26,560,24227,16509,13570490600,0,0,0
sc2205,20220218,20220218,112927000,11:29:27,560,24227,16509,13570490600,0,0,0
sc2205,20220218,20220218,112927500,11:29:27,560,24227,16509,13570490600,0,0,0
sc2205,20220218,20220218,112928000,11:29:28,560,24227,16509,13570490600,0,0,0
sc2205,20220218,20220218,112928500,11:29:29,560,24227,16509,13570490600,0,0,0
sc2205,20220218,20220218,112929000,11:29:29,560,24227,16509,13570490600,0,0,0
sc2205,20220218,20220218,112929500,11:29:29,560,24227,16509,13570490600,0,0,0
sc2205,20220218,20220218,112930000,11:29:30,560,24227,16509,13570490600,0,0,0
sc2205,20220218,20220218,112930500,11:29:31,560,24227,16509,13570490600,0,0,0
sc2205,20220218,20220218,112931000,11:29:32,560,24227,16509,13570490600,0,0,0
sc2205,20220218,20220218,112931500,11:29:32,560,24227,16509,13570490600,0,0,0
sc2205,20220218,20220218,112932000,11:29:32,560,24228,16508,13571050600,1,-1,560000
sc2205,20220218,20220218,112932500,11:29:37,560,24228,16508,13571050600,0,0,0
sc2205,20220218,20220218,112936000,11:29:38,560,24228,16508,13571050600,0,0,0
sc2205,20220218,20220218,112937000,11:29:38,560,24228,16508,13571050600,0,0,0
sc2205,20220218,20220218,112940500,11:29:40,560,24228,16508,13571050600,0,0,0
sc2205,20220218,20220218,112941000,11:29:41,560,24228,16508,13571050600,0,0,0
sc2205,20220218,20220218,112941500,11:29:42,560,24228,16508,13571050600,0,0,0
sc2205,20220218,20220218,112942000,11:29:44,560,24228,16508,13571050600,0,0,0
sc2205,20220218,20220218,112942500,11:29:44,560,24228,16508,13571050600,0,0,0
sc2205,20220218,20220218,112944500,11:29:46,560,24228,16508,13571050600,0,0,0
sc2205,20220218,20220218,112945000,11:29:46,560.1,24231,16508,13572731000,3,0,1680400
sc2205,20220218,20220218,112945500,11:29:46,560.1,24232,16508,13573291100,1,0,560100
sc2205,20220218,20220218,112946000,11:29:46,560.1,24232,16508,13573291100,0,0,0
sc2205,20220218,20220218,112946500,11:29:47,560.1,24232,16508,13573291100,0,0,0
sc2205,20220218,20220218,112947000,11:29:47,560.1,24232,16508,13573291100,0,0,0
sc2205,20220218,20220218,112947500,11:29:48,560.1,24232,16508,13573291100,0,0,0
sc2205,20220218,20220218,112948000,11:29:49,560.1,24232,16508,13573291100,0,0,0
sc2205,20220218,20220218,112948500,11:29:50,560.1,24232,16508,13573291100,0,0,0
sc2205,20220218,20220218,112949500,11:29:50,560.1,24232,16508,13573291100,0,0,0
sc2205,20220218,20220218,112950000,11:29:51,560.1,24232,16508,13573291100,0,0,0
sc2205,20220218,20220218,112950500,11:29:51,560.1,24232,16508,13573291100,0,0,0
sc2205,20220218,20220218,112951500,11:29:52,560.1,24232,16508,13573291100,0,0,0
sc2205,20220218,20220218,112953000,11:29:53,560.1,24232,16508,13573291100,0,0,0
sc2205,20220218,20220218,112954500,11:29:54,560.3,24233,16508,13573851400,1,0,560300
sc2205,20220218,20220218,112955000,11:29:55,560.3,24233,16508,13573851400,0,0,0
sc2205,20220218,20220218,112955500,11:29:56,560.3,24233,16508,13573851400,0,0,0
sc2205,20220218,20220218,112956000,11:30:00,560.3,24233,16508,13573851400,0,0,0
sc2205,20220218,20220218,112957000,11:30:00,560.3,24233,16508,13573851400,0,0,0
sc2205,20220218,20220218,112959500,11:30:02,560.3,24233,16508,13573851400,0,0,0
sc2205,20220218,20220218,113000000,11:30:03,560.3,24233,16508,13573851400,0,0,0
sc2205,20220218,20220218,113001500,11:30:03,560.3,24233,16508,13573851400,0,0,0
sc2205,20220218,20220218,133002000,13:30:08,559.8,24235,16507,13574971500,2,-1,1120100
sc2205,20220218,20220218,133002500,13:30:10,559.8,24235,16507,13574971500,0,0,0
sc2205,20220218,20220218,133008000,13:30:10,559.8,24235,16507,13574971500,0,0,0
sc2205,20220218,20220218,133008500,13:30:10,559.8,24240,16508,13577770800,5,1,2799300
sc2205,20220218,20220218,133009500,13:30:11,559.8,24240,16508,13577770800,0,0,0
sc2205,20220218,20220218,133010000,13:30:11,559.8,24240,16508,13577770800,0,0,0
sc2205,20220218,20220218,133010500,13:30:12,559.8,24240,16508,13577770800,0,0,0
sc2205,20220218,20220218,133011000,13:30:13,559.9,24241,16507,13578330700,1,-1,559900
sc2205,20220218,20220218,133012500,13:30:13,559.9,24243,16508,13579450400,2,1,1119700
sc2205,20220218,20220218,133013000,13:30:14,559.8,24244,16507,13580010200,1,-1,559800
sc2205,20220218,20220218,133013500,13:30:14,559.8,24244,16507,13580010200,0,0,0
sc2205,20220218,20220218,133014000,13:30:16,559.8,24244,16507,13580010200,0,0,0
sc2205,20220218,20220218,133014500,13:30:17,559.8,24244,16507,13580010200,0,0,0
sc2205,20220218,20220218,133015000,13:30:18,559.7,24246,16507,13581129600,2,0,1119400
sc2205,20220218,20220218,133016500,13:30:18,559.7,24246,16507,13581129600,0,0,0
sc2205,20220218,20220218,133017000,13:30:18,559.7,24247,16507,13581689300,1,0,559700
sc2205,20220218,20220218,133017500,13:30:19,559.7,24247,16507,13581689300,0,0,0
sc2205,20220218,20220218,133018000,13:30:19,559.7,24247,16507,13581689300,0,0,0
sc2205,20220218,20220218,133018500,13:30:20,559.7,24247,16507,13581689300,0,0,0
sc2205,20220218,20220218,133019000,13:30:20,559.7,24247,16507,13581689300,0,0,0
sc2205,20220218,20220218,133021000,13:30:21,559.7,24247,16507,13581689300,0,0,0
sc2205,20220218,20220218,133021500,13:30:22,559.7,24247,16507,13581689300,0,0,0
sc2205,20220218,20220218,133022000,13:30:38,559.7,24247,16507,13581689300,0,0,0
sc2205,20220218,20220218,133023000,13:30:38,559.7,24247,16507,13581689300,0,0,0
sc2205,20220218,20220218,133036000,13:30:41,559.7,24247,16507,13581689300,0,0,0
sc2205,20220218,20220218,133038500,13:30:41,559.7,24247,16507,13581689300,0,0,0
sc2205,20220218,20220218,133039000,13:30:43,559.7,24247,16507,13581689300,0,0,0
sc2205,20220218,20220218,133041000,13:30:43,559.7,24247,16507,13581689300,0,0,0
sc2205,20220218,20220218,133043500,13:30:45,559.7,24247,16507,13581689300,0,0,0
sc2205,20220218,20220218,133044000,13:30:46,559.7,24247,16507,13581689300,0,0,0
sc2205,20220218,20220218,133045500,13:30:47,559.8,24251,16506,13583928200,4,-1,2238900
sc2205,20220218,20220218,133046000,13:30:47,559.7,24252,16507,13584487900,1,1,559700
sc2205,20220218,20220218,133046500,13:30:47,559.7,24252,16507,13584487900,0,0,0
sc2205,20220218,20220218,133047500,13:30:48,559.7,24252,16507,13584487900,0,0,0
sc2205,20220218,20220218,133048000,13:30:48,559.7,24252,16507,13584487900,0,0,0
sc2205,20220218,20220218,133048500,13:30:49,559.9,24253,16507,13585047800,1,0,559900
sc2205,20220218,20220218,133049000,13:30:50,559.9,24253,16507,13585047800,0,0,0
sc2205,20220218,20220218,133049500,13:30:50,559.9,24253,16507,13585047800,0,0,0
sc2205,20220218,20220218,133050000,13:30:51,559.9,24253,16507,13585047800,0,0,0
sc2205,20220218,20220218,133050500,13:30:51,559.9,24253,16507,13585047800,0,0,0
sc2205,20220218,20220218,133051000,13:30:52,559.9,24253,16507,13585047800,0,0,0
sc2205,20220218,20220218,133051500,13:30:52,559.9,24253,16507,13585047800,0,0,0
sc2205,20220218,20220218,133052000,13:30:53,559.9,24253,16507,13585047800,0,0,0
sc2205,20220218,20220218,133052500,13:30:54,559.9,24253,16507,13585047800,0,0,0
sc2205,20220218,20220218,133055500,13:30:56,559.9,24253,16507,13585047800,0,0,0
sc2205,20220218,20220218,133056000,13:30:57,559.9,24253,16507,13585047800,0,0,0
sc2205,20220218,20220218,133056500,13:30:57,559.9,24253,16507,13585047800,0,0,0
sc2205,20220218,20220218,133057500,13:30:58,559.9,24253,16507,13585047800,0,0,0
sc2205,20220218,20220218,133058500,13:30:59,560,24255,16509,13586167800,2,2,1120000
sc2205,20220218,20220218,133059000,13:30:59,560,24255,16509,13586167800,0,0,0
sc2205,20220218,20220218,133059500,13:30:59,560,24255,16509,13586167800,0,0,0
sc2205,20220218,20220218,133100000,13:31:00,560,24255,16509,13586167800,0,0,0
sc2205,20220218,20220218,133101500,13:31:01,560,24255,16509,13586167800,0,0,0
sc2205,20220218,20220218,133102000,13:31:02,560,24255,16509,13586167800,0,0,0
sc2205,20220218,20220218,133103500,13:31:05,560,24255,16509,13586167800,0,0,0
sc2205,20220218,20220218,133104000,13:31:06,560,24255,16509,13586167800,0,0,0
sc2205,20220218,20220218,133104500,13:31:07,560.1,24257,16510,13587288000,2,1,1120200
sc2205,20220218,20220218,133105500,13:31:08,560.1,24257,16510,13587288000,0,0,0
sc2205,20220218,20220218,133107000,13:31:09,560.1,24257,16510,13587288000,0,0,0
sc2205,20220218,20220218,133107500,13:31:09,560.1,24257,16510,13587288000,0,0,0
sc2205,20220218,20220218,133108500,13:31:09,560.1,24257,16510,13587288000,0,0,0
sc2205,20220218,20220218,133109000,13:31:10,560.1,24257,16510,13587288000,0,0,0
sc2205,20220218,20220218,133109500,13:31:10,560.1,24257,16510,13587288000,0,0,0
sc2205,20220218,20220218,133110000,13:31:11,560.1,24257,16510,13587288000,0,0,0
sc2205,20220218,20220218,133110500,13:31:11,560.1,24257,16510,13587288000,0,0,0
sc2205,20220218,20220218,133111000,13:31:11,560.1,24257,16510,13587288000,0,0,0
sc2205,20220218,20220218,133111500,13:31:12,560.2,24259,16510,13588408400,2,0,1120400
sc2205,20220218,20220218,133112000,13:31:12,560.2,24259,16510,13588408400,0,0,0
sc2205,20220218,20220218,133112500,13:31:13,560.2,24259,16510,13588408400,0,0,0
sc2205,20220218,20220218,133113000,13:31:13,560.2,24259,16510,13588408400,0,0,0
sc2205,20220218,20220218,133113500,13:31:15,560.2,24259,16510,13588408400,0,0,0
sc2205,20220218,20220218,133115000,13:31:15,560.3,24261,16511,13589529000,2,1,1120600
sc2205,20220218,20220218,133115500,13:31:16,560.3,24261,16511,13589529000,0,0,0
sc2205,20220218,20220218,133116000,13:31:16,560.4,24262,16511,13590089400,1,0,560400
sc2205,20220218,20220218,133116500,13:31:17,560.4,24262,16511,13590089400,0,0,0
sc2205,20220218,20220218,133117000,13:31:18,560.4,24263,16512,13590649800,1,1,560400
sc2205,20220218,20220218,133117500,13:31:18,560.4,24263,16512,13590649800,0,0,0
sc2205,20220218,20220218,133119000,13:31:20,560.4,24264,16511,13591210200,1,-1,560400
sc2205,20220218,20220218,133120500,13:31:21,560.4,24264,16511,13591210200,0,0,0
sc2205,20220218,20220218,133121000,13:31:21,560.4,24264,16511,13591210200,0,0,0
sc2205,20220218,20220218,133121500,13:31:22,560.4,24264,16511,13591210200,0,0,0
sc2205,20220218,20220218,133122000,13:31:23,560.5,24267,16513,13592891700,3,2,1681500
sc2205,20220218,20220218,133122500,13:31:25,560.5,24267,16513,13592891700,0,0,0
sc2205,20220218,20220218,133123000,13:31:25,560.5,24267,16513,13592891700,0,0,0
sc2205,20220218,20220218,133123500,13:31:25,560.5,24267,16513,13592891700,0,0,0
sc2205,20220218,20220218,133124500,13:31:25,560.5,24267,16513,13592891700,0,0,0
sc2205,20220218,20220218,133155000,13:31:55,560.5,24267,16513,13592891700,0,0,0
sc2205,20220218,20220218,133158000,13:31:58,560.5,24267,16513,13592891700,0,0,0
sc2205,20220218,20220218,133158500,13:31:58,560.5,24268,16513,13593452200,1,0,560500
sc2205,20220218,20220218,133200500,13:32:01,560.5,24268,16513,13593452200,0,0,0
sc2205,20220218,20220218,133201000,13:32:01,560.7,24287,16514,13604102300,19,1,10650100
sc2205,20220218,20220218,133201500,13:32:01,560.7,24287,16514,13604102300,0,0,0
sc2205,20220218,20220218,133202000,13:32:03,560.7,24287,16514,13604102300,0,0,0
sc2205,20220218,20220218,133202500,13:32:04,560.7,24287,16514,13604102300,0,0,0
sc2205,20220218,20220218,133203000,13:32:05,560.7,24287,16514,13604102300,0,0,0
sc2205,20220218,20220218,133203500,13:32:05,560.7,24287,16514,13604102300,0,0,0
sc2205,20220218,20220218,133205000,13:32:06,560.7,24287,16514,13604102300,0,0,0
sc2205,20220218,20220218,133205500,13:32:06,560.7,24287,16514,13604102300,0,0,0
sc2205,20220218,20220218,133206000,13:32:07,560.7,24287,16514,13604102300,0,0,0
sc2205,20220218,20220218,133206500,13:32:07,560.7,24287,16514,13604102300,0,0,0
sc2205,20220218,20220218,133207000,13:32:07,560.7,24287,16514,13604102300,0,0,0
sc2205,20220218,20220218,133207500,13:32:07,560.7,24287,16514,13604102300,0,0,0
sc2205,20220218,20220218,133208000,13:32:09,560.7,24287,16514,13604102300,0,0,0
sc2205,20220218,20220218,133208500,13:32:10,560.7,24287,16514,13604102300,0,0,0
sc2205,20220218,20220218,133209000,13:32:10,560.7,24287,16514,13604102300,0,0,0
sc2205,20220218,20220218,133209500,13:32:10,560.7,24287,16514,13604102300,0,0,0
sc2205,20220218,20220218,133210000,13:32:13,560.7,24287,16514,13604102300,0,0,0
sc2205,20220218,20220218,133210500,13:32:13,560.7,24287,16514,13604102300,0,0,0
sc2205,20220218,20220218,133211000,13:32:14,560.7,24287,16514,13604102300,0,0,0
sc2205,20220218,20220218,133211500,13:32:15,560.7,24287,16514,13604102300,0,0,0
sc2205,20220218,20220218,133214000,13:32:15,560.7,24287,16514,13604102300,0,0,0
sc2205,20220218,20220218,133216500,13:32:17,560.7,24287,16514,13604102300,0,0,0
sc2205,20220218,20220218,133217000,13:32:18,560.7,24287,16514,13604102300,0,0,0
sc2205,20220218,20220218,133217500,13:32:18,560.7,24287,16514,13604102300,0,0,0
sc2205,20220218,20220218,133218000,13:32:18,560.7,24287,16514,13604102300,0,0,0
sc2205,20220218,20220218,133218500,13:32:19,560.7,24287,16514,13604102300,0,0,0
sc2205,20220218,20220218,133219000,13:32:20,560.7,24287,16514,13604102300,0,0,0
sc2205,20220218,20220218,133219500,13:32:20,560.7,24287,16514,13604102300,0,0,0
sc2205,20220218,20220218,133220000,13:32:20,560.7,24287,16514,13604102300,0,0,0
sc2205,20220218,20220218,133220500,13:32:21,560.6,24289,16513,13605223600,2,-1,1121300
sc2205,20220218,20220218,133221000,13:32:22,560.5,24290,16512,13605784100,1,-1,560500
sc2205,20220218,20220218,133221500,13:32:22,560.5,24290,16512,13605784100,0,0,0
sc2205,20220218,20220218,133222000,13:32:23,560.5,24290,16512,13605784100,0,0,0
sc2205,20220218,20220218,133222500,13:32:24,560.5,24290,16512,13605784100,0,0,0
sc2205,20220218,20220218,133223000,13:32:24,560.5,24290,16512,13605784100,0,0,0
sc2205,20220218,20220218,133223500,13:32:24,560.5,24290,16512,13605784100,0,0,0
sc2205,20220218,20220218,133224000,13:32:24,560.5,24290,16512,13605784100,0,0,0
sc2205,20220218,20220218,133224500,13:32:25,560.5,24290,16512,13605784100,0,0,0
sc2205,20220218,20220218,133225000,13:32:25,560.5,24290,16512,13605784100,0,0,0
sc2205,20220218,20220218,133225500,13:32:25,560.5,24290,16512,13605784100,0,0,0
sc2205,20220218,20220218,133226000,13:32:27,560.5,24290,16512,13605784100,0,0,0
sc2205,20220218,20220218,133226500,13:32:27,560.5,24290,16512,13605784100,0,0,0
sc2205,20220218,20220218,133227000,13:32:27,560.5,24290,16512,13605784100,0,0,0
sc2205,20220218,20220218,133227500,13:32:32,560.5,24290,16512,13605784100,0,0,0
sc2205,20220218,20220218,133228000,13:32:32,560.5,24290,16512,13605784100,0,0,0
sc2205,20220218,20220218,133228500,13:32:33,560.7,24291,16512,13606344800,1,0,560700
sc2205,20220218,20220218,133229000,13:32:33,560.7,24291,16512,13606344800,0,0,0
sc2205,20220218,20220218,133232000,13:32:35,560.7,24291,16512,13606344800,0,0,0
sc2205,20220218,20220218,133234500,13:32:35,560.7,24291,16512,13606344800,0,0,0
sc2205,20220218,20220218,133235000,13:32:36,560.7,24291,16512,13606344800,0,0,0
sc2205,20220218,20220218,133235500,13:32:36,560.8,24292,16511,13606905600,1,-1,560800
sc2205,20220218,20220218,133236000,13:32:37,560.8,24292,16511,13606905600,0,0,0
sc2205,20220218,20220218,133236500,13:32:37,560.8,24292,16511,13606905600,0,0,0
sc2205,20220218,20220218,133237000,13:32:37,560.8,24292,16511,13606905600,0,0,0
sc2205,20220218,20220218,133237500,13:32:38,560.7,24293,16512,13607466300,1,1,560700
sc2205,20220218,20220218,133238000,13:32:38,560.7,24293,16512,13607466300,0,0,0
sc2205,20220218,20220218,133238500,13:32:39,560.7,24293,16512,13607466300,0,0,0
sc2205,20220218,20220218,133239000,13:32:39,560.7,24293,16512,13607466300,0,0,0
sc2205,20220218,20220218,133239500,13:32:40,560.7,24293,16512,13607466300,0,0,0
sc2205,20220218,20220218,133240000,13:32:40,560.7,24293,16512,13607466300,0,0,0
sc2205,20220218,20220218,133240500,13:32:40,560.7,24293,16512,13607466300,0,0,0
sc2205,20220218,20220218,133241000,13:32:41,560.7,24293,16512,13607466300,0,0,0
sc2205,20220218,20220218,133241500,13:32:42,560.7,24293,16512,13607466300,0,0,0
sc2205,20220218,20220218,133242000,13:32:42,560.7,24293,16512,13607466300,0,0,0
sc2205,20220218,20220218,133242500,13:32:42,560.7,24293,16512,13607466300,0,0,0
sc2205,20220218,20220218,133243000,13:32:43,560.7,24293,16512,13607466300,0,0,0
sc2205,20220218,20220218,133243500,13:32:44,560.7,24293,16512,13607466300,0,0,0
sc2205,20220218,20220218,133244000,13:32:44,560.7,24293,16512,13607466300,0,0,0
sc2205,20220218,20220218,133244500,13:32:45,560.7,24293,16512,13607466300,0,0,0
sc2205,20220218,20220218,133245000,13:32:45,560.7,24293,16512,13607466300,0,0,0
sc2205,20220218,20220218,133245500,13:32:45,560.7,24293,16512,13607466300,0,0,0
sc2205,20220218,20220218,133246000,13:32:47,560.7,24293,16512,13607466300,0,0,0
sc2205,20220218,20220218,133246500,13:32:47,560.7,24293,16512,13607466300,0,0,0
sc2205,20220218,20220218,133247000,13:32:47,560.7,24293,16512,13607466300,0,0,0
sc2205,20220218,20220218,133247500,13:32:48,560.7,24293,16512,13607466300,0,0,0
sc2205,20220218,20220218,133248000,13:32:48,560.7,24293,16512,13607466300,0,0,0
sc2205,20220218,20220218,133248500,13:32:49,560.7,24293,16512,13607466300,0,0,0
sc2205,20220218,20220218,133249000,13:32:49,560.7,24293,16512,13607466300,0,0,0
sc2205,20220218,20220218,133249500,13:32:50,560.5,24294,16512,13608026800,1,0,560500
sc2205,20220218,20220218,133250000,13:32:50,560.5,24294,16512,13608026800,0,0,0
sc2205,20220218,20220218,133250500,13:32:52,560.5,24294,16512,13608026800,0,0,0
sc2205,20220218,20220218,133251000,13:32:53,560.5,24294,16512,13608026800,0,0,0
sc2205,20220218,20220218,133251500,13:32:53,560.5,24294,16512,13608026800,0,0,0
sc2205,20220218,20220218,133252500,13:32:53,560.5,24294,16512,13608026800,0,0,0
sc2205,20220218,20220218,133253000,13:32:53,560.5,24294,16512,13608026800,0,0,0
sc2205,20220218,20220218,133253500,13:32:54,560.5,24294,16512,13608026800,0,0,0
sc2205,20220218,20220218,133254000,13:32:54,560.5,24294,16512,13608026800,0,0,0
sc2205,20220218,20220218,133254500,13:32:55,560.5,24294,16512,13608026800,0,0,0
sc2205,20220218,20220218,133255000,13:32:55,560.5,24294,16512,13608026800,0,0,0
sc2205,20220218,20220218,133255500,13:32:56,560.5,24294,16512,13608026800,0,0,0
sc2205,20220218,20220218,133256000,13:32:56,560.5,24294,16512,13608026800,0,0,0
sc2205,20220218,20220218,133256500,13:32:56,560.5,24294,16512,13608026800,0,0,0
sc2205,20220218,20220218,133257000,13:32:59,560.5,24294,16512,13608026800,0,0,0
sc2205,20220218,20220218,133257500,13:33:00,560.5,24294,16512,13608026800,0,0,0
sc2205,20220218,20220218,133258000,13:33:00,560.5,24294,16512,13608026800,0,0,0
sc2205,20220218,20220218,133259500,13:33:01,560.5,24295,16513,13608587300,1,1,560500
sc2205,20220218,20220218,133300000,13:33:01,560.5,24295,16513,13608587300,0,0,0
sc2205,20220218,20220218,133300500,13:33:01,560.5,24295,16513,13608587300,0,0,0
sc2205,20220218,20220218,133301000,13:33:02,560.5,24295,16513,13608587300,0,0,0
sc2205,20220218,20220218,133301500,13:33:02,560.5,24295,16513,13608587300,0,0,0
sc2205,20220218,20220218,133302000,13:33:03,560.5,24295,16513,13608587300,0,0,0
sc2205,20220218,20220218,133302500,13:33:03,560.5,24295,16513,13608587300,0,0,0
sc2205,20220218,20220218,133303000,13:33:04,560.5,24295,16513,13608587300,0,0,0
sc2205,20220218,20220218,133303500,13:33:04,560.5,24295,16513,13608587300,0,0,0
sc2205,20220218,20220218,133304000,13:33:04,560.5,24295,16513,13608587300,0,0,0
sc2205,20220218,20220218,133304500,13:33:05,560.5,24295,16513,13608587300,0,0,0
sc2205,20220218,20220218,133305000,13:33:05,560.5,24295,16513,13608587300,0,0,0
sc2205,20220218,20220218,133305500,13:33:06,560.5,24295,16513,13608587300,0,0,0
sc2205,20220218,20220218,133306000,13:33:06,560.5,24295,16513,13608587300,0,0,0
sc2205,20220218,20220218,133306500,13:33:06,560.5,24295,16513,13608587300,0,0,0
sc2205,20220218,20220218,133307000,13:33:07,560.5,24295,16513,13608587300,0,0,0
sc2205,20220218,20220218,133307500,13:33:08,560.5,24295,16513,13608587300,0,0,0
sc2205,20220218,20220218,133308000,13:33:08,560.5,24295,16513,13608587300,0,0,0
sc2205,20220218,20220218,133308500,13:33:09,560.6,24297,16513,13609708500,2,0,1121200
sc2205,20220218,20220218,133309000,13:33:09,560.6,24297,16513,13609708500,0,0,0
sc2205,20220218,20220218,133309500,13:33:11,560.6,24297,16513,13609708500,0,0,0
sc2205,20220218,20220218,133310000,13:33:11,560.6,24297,16513,13609708500,0,0,0
sc2205,20220218,20220218,133310500,13:33:12,560.6,24297,16513,13609708500,0,0,0
sc2205,20220218,20220218,133311000,13:33:14,560.6,24297,16513,13609708500,0,0,0
sc2205,20220218,20220218,133311500,13:33:14,560.6,24297,16513,13609708500,0,0,0
sc2205,20220218,20220218,133312000,13:33:14,560.6,24297,16513,13609708500,0,0,0
sc2205,20220218,20220218,133312500,13:33:14,560.6,24297,16513,13609708500,0,0,0
sc2205,20220218,20220218,133313500,13:33:15,560.6,24297,16513,13609708500,0,0,0
sc2205,20220218,20220218,133314000,13:33:17,560.6,24297,16513,13609708500,0,0,0
sc2205,20220218,20220218,133314500,13:33:17,560.6,24297,16513,13609708500,0,0,0
sc2205,20220218,20220218,133315000,13:33:18,560.6,24297,16513,13609708500,0,0,0
sc2205,20220218,20220218,133315500,13:33:18,560.6,24297,16513,13609708500,0,0,0
sc2205,20220218,20220218,133317000,13:33:19,560.6,24297,16513,13609708500,0,0,0
sc2205,20220218,20220218,133318000,13:33:19,560.6,24297,16513,13609708500,0,0,0
sc2205,20220218,20220218,133318500,13:33:19,560.6,24297,16513,13609708500,0,0,0
sc2205,20220218,20220218,133319000,13:33:20,560.6,24297,16513,13609708500,0,0,0
sc2205,20220218,20220218,133319500,13:33:21,560.6,24297,16513,13609708500,0,0,0
sc2205,20220218,20220218,133320000,13:33:21,560.6,24297,16513,13609708500,0,0,0
sc2205,20220218,20220218,133320500,13:33:21,560.6,24297,16513,13609708500,0,0,0
sc2205,20220218,20220218,133321000,13:33:22,560.6,24297,16513,13609708500,0,0,0
sc2205,20220218,20220218,133321500,13:33:22,560.6,24297,16513,13609708500,0,0,0
sc2205,20220218,20220218,133322000,13:33:22,560.6,24297,16513,13609708500,0,0,0
sc2205,20220218,20220218,133322500,13:33:22,560.6,24297,16513,13609708500,0,0,0
sc2205,20220218,20220218,133323000,13:33:23,560.6,24297,16513,13609708500,0,0,0
sc2205,20220218,20220218,133323500,13:33:24,560.6,24297,16513,13609708500,0,0,0
sc2205,20220218,20220218,133324000,13:33:24,560.6,24297,16513,13609708500,0,0,0
sc2205,20220218,20220218,133324500,13:33:25,560.6,24297,16513,13609708500,0,0,0
sc2205,20220218,20220218,133325000,13:33:26,560.6,24297,16513,13609708500,0,0,0
sc2205,20220218,20220218,133325500,13:33:27,560.6,24297,16513,13609708500,0,0,0
sc2205,20220218,20220218,133326000,13:33:29,560.6,24297,16513,13609708500,0,0,0
sc2205,20220218,20220218,133326500,13:33:29,560.6,24297,16513,13609708500,0,0,0
sc2205,20220218,20220218,133327000,13:33:29,560.6,24297,16513,13609708500,0,0,0
sc2205,20220218,20220218,133328500,13:33:30,560.6,24297,16513,13609708500,0,0,0
sc2205,20220218,20220218,133329000,13:33:30,560.6,24297,16513,13609708500,0,0,0
sc2205,20220218,20220218,133329500,13:33:30,560.6,24297,16513,13609708500,0,0,0
sc2205,20220218,20220218,133330000,13:33:30,560.6,24297,16513,13609708500,0,0,0
sc2205,20220218,20220218,133330500,13:33:31,560.6,24297,16513,13609708500,0,0,0
sc2205,20220218,20220218,133331000,13:33:32,560.6,24297,16513,13609708500,0,0,0
sc2205,20220218,20220218,133331500,13:33:32,560.6,24297,16513,13609708500,0,0,0
sc2205,20220218,20220218,133332000,13:33:32,560.6,24297,16513,13609708500,0,0,0
sc2205,20220218,20220218,133332500,13:33:33,560.6,24297,16513,13609708500,0,0,0
sc2205,20220218,20220218,133333000,13:33:33,560.6,24297,16513,13609708500,0,0,0
sc2205,20220218,20220218,133333500,13:33:33,560.6,24297,16513,13609708500,0,0,0
sc2205,20220218,20220218,133334000,13:33:34,560.6,24297,16513,13609708500,0,0,0
sc2205,20220218,20220218,133334500,13:33:34,560.6,24297,16513,13609708500,0,0,0
sc2205,20220218,20220218,133335000,13:33:35,560.6,24297,16513,13609708500,0,0,0
sc2205,20220218,20220218,133335500,13:33:35,560.6,24297,16513,13609708500,0,0,0
sc2205,20220218,20220218,133336000,13:33:36,560.6,24297,16513,13609708500,0,0,0
sc2205,20220218,20220218,133336500,13:33:36,560.6,24297,16513,13609708500,0,0,0
sc2205,20220218,20220218,133337000,13:33:37,560.6,24297,16513,13609708500,0,0,0
sc2205,20220218,20220218,133337500,13:33:37,560.6,24297,16513,13609708500,0,0,0
sc2205,20220218,20220218,133338000,13:33:38,560.6,24297,16513,13609708500,0,0,0
sc2205,20220218,20220218,133338500,13:33:39,560.6,24297,16513,13609708500,0,0,0
sc2205,20220218,20220218,133339000,13:33:39,560.6,24297,16513,13609708500,0,0,0
sc2205,20220218,20220218,133339500,13:33:40,560.6,24297,16513,13609708500,0,0,0
sc2205,20220218,20220218,133340000,13:33:40,560.6,24297,16513,13609708500,0,0,0
sc2205,20220218,20220218,133340500,13:33:41,560.6,24297,16513,13609708500,0,0,0
sc2205,20220218,20220218,133341000,13:33:41,560.6,24297,16513,13609708500,0,0,0
sc2205,20220218,20220218,133341500,13:33:42,560.6,24297,16513,13609708500,0,0,0
sc2205,20220218,20220218,133342000,13:33:42,560.6,24297,16513,13609708500,0,0,0
sc2205,20220218,20220218,133342500,13:33:42,560.7,24298,16512,13610269200,1,-1,560700
sc2205,20220218,20220218,133343000,13:33:43,560.7,24298,16512,13610269200,0,0,0
sc2205,20220218,20220218,133343500,13:33:44,560.7,24298,16512,13610269200,0,0,0
sc2205,20220218,20220218,133344000,13:33:44,560.7,24298,16512,13610269200,0,0,0
sc2205,20220218,20220218,133344500,13:33:45,560.7,24298,16512,13610269200,0,0,0
sc2205,20220218,20220218,133345000,13:33:45,560.7,24298,16512,13610269200,0,0,0
sc2205,20220218,20220218,133345500,13:33:47,560.7,24298,16512,13610269200,0,0,0
sc2205,20220218,20220218,133346000,13:33:47,560.7,24298,16512,13610269200,0,0,0
sc2205,20220218,20220218,133346500,13:33:48,560.7,24298,16512,13610269200,0,0,0
sc2205,20220218,20220218,133347000,13:33:48,560.7,24298,16512,13610269200,0,0,0
sc2205,20220218,20220218,133347500,13:33:49,560.7,24298,16512,13610269200,0,0,0
sc2205,20220218,20220218,133348000,13:33:49,560.7,24298,16512,13610269200,0,0,0
sc2205,20220218,20220218,133348500,13:33:49,560.7,24298,16512,13610269200,0,0,0
sc2205,20220218,20220218,133349000,13:33:50,560.7,24298,16512,13610269200,0,0,0
sc2205,20220218,20220218,133349500,13:33:50,560.7,24298,16512,13610269200,0,0,0
sc2205,20220218,20220218,133350000,13:33:50,560.7,24298,16512,13610269200,0,0,0
sc2205,20220218,20220218,133350500,13:33:50,560.7,24298,16512,13610269200,0,0,0
sc2205,20220218,20220218,133351000,13:33:51,560.7,24298,16512,13610269200,0,0,0
sc2205,20220218,20220218,133351500,13:33:52,560.7,24298,16512,13610269200,0,0,0
sc2205,20220218,20220218,133352000,13:33:52,560.7,24298,16512,13610269200,0,0,0
sc2205,20220218,20220218,133352500,13:33:53,560.7,24298,16512,13610269200,0,0,0
sc2205,20220218,20220218,133353000,13:33:53,560.7,24298,16512,13610269200,0,0,0
sc2205,20220218,20220218,133353500,13:33:53,560.7,24298,16512,13610269200,0,0,0
sc2205,20220218,20220218,133354000,13:33:54,560.7,24298,16512,13610269200,0,0,0
sc2205,20220218,20220218,133354500,13:33:55,560.7,24298,16512,13610269200,0,0,0
sc2205,20220218,20220218,133355000,13:33:56,560.7,24298,16512,13610269200,0,0,0
sc2205,20220218,20220218,133355500,13:33:56,560.6,24300,16512,13611390400,2,0,1121200
sc2205,20220218,20220218,133356000,13:33:57,560.6,24300,16512,13611390400,0,0,0
sc2205,20220218,20220218,133356500,13:33:57,560.6,24300,16512,13611390400,0,0,0
sc2205,20220218,20220218,133357000,13:33:57,560.6,24300,16512,13611390400,0,0,0
sc2205,20220218,20220218,133357500,13:33:58,560.6,24300,16512,13611390400,0,0,0
sc2205,20220218,20220218,133358000,13:33:58,560.6,24300,16512,13611390400,0,0,0
sc2205,20220218,20220218,133358500,13:33:58,560.6,24300,16512,13611390400,0,0,0
sc2205,20220218,20220218,133359000,13:33:59,560.6,24300,16512,13611390400,0,0,0
sc2205,20220218,20220218,133359500,13:33:59,560.6,24300,16512,13611390400,0,0,0
sc2205,20220218,20220218,133400000,13:34:00,560.6,24300,16512,13611390400,0,0,0
sc2205,20220218,20220218,133400500,13:34:01,560.6,24300,16512,13611390400,0,0,0
sc2205,20220218,20220218,133401000,13:34:01,560.6,24300,16512,13611390400,0,0,0
sc2205,20220218,20220218,133401500,13:34:02,560.6,24300,16512,13611390400,0,0,0
sc2205,20220218,20220218,133402000,13:34:10,560.6,24300,16512,13611390400,0,0,0
sc2205,20220218,20220218,133402500,13:34:10,560.6,24300,16512,13611390400,0,0,0
sc2205,20220218,20220218,133403000,13:34:10,560.6,24300,16512,13611390400,0,0,0
sc2205,20220218,20220218,133410000,13:34:12,560.6,24300,16512,13611390400,0,0,0
sc2205,20220218,20220218,133410500,13:34:12,560.6,24300,16512,13611390400,0,0,0
sc2205,20220218,20220218,133411000,13:34:12,560.6,24300,16512,13611390400,0,0,0
sc2205,20220218,20220218,133411500,13:34:12,560.6,24300,16512,13611390400,0,0,0
sc2205,20220218,20220218,133412000,13:34:12,560.6,24300,16512,13611390400,0,0,0
sc2205,20220218,20220218,133412500,13:34:13,560.6,24300,16512,13611390400,0,0,0
sc2205,20220218,20220218,133413000,13:34:13,560.6,24300,16512,13611390400,0,0,0
sc2205,20220218,20220218,133413500,13:34:14,560.6,24300,16512,13611390400,0,0,0
sc2205,20220218,20220218,133414000,13:34:14,560.6,24300,16512,13611390400,0,0,0
sc2205,20220218,20220218,133414500,13:34:15,560.6,24300,16512,13611390400,0,0,0
sc2205,20220218,20220218,133415000,13:34:15,560.6,24300,16512,13611390400,0,0,0
sc2205,20220218,20220218,133415500,13:34:16,560.6,24300,16512,13611390400,0,0,0
sc2205,20220218,20220218,133416000,13:34:16,560.6,24300,16512,13611390400,0,0,0
sc2205,20220218,20220218,133416500,13:34:17,560.6,24300,16512,13611390400,0,0,0
sc2205,20220218,20220218,133417000,13:34:17,560.6,24300,16512,13611390400,0,0,0
sc2205,20220218,20220218,133417500,13:34:17,560.6,24300,16512,13611390400,0,0,0
sc2205,20220218,20220218,133418000,13:34:18,560.6,24300,16512,13611390400,0,0,0
sc2205,20220218,20220218,133418500,13:34:19,560.6,24300,16512,13611390400,0,0,0
sc2205,20220218,20220218,133419000,13:34:19,560.6,24300,16512,13611390400,0,0,0
sc2205,20220218,20220218,133419500,13:34:20,560.6,24300,16512,13611390400,0,0,0
sc2205,20220218,20220218,133420000,13:34:20,560.6,24300,16512,13611390400,0,0,0
sc2205,20220218,20220218,133420500,13:34:21,560.6,24300,16512,13611390400,0,0,0
sc2205,20220218,20220218,133421000,13:34:23,560.6,24300,16512,13611390400,0,0,0
sc2205,20220218,20220218,133421500,13:34:24,560.6,24300,16512,13611390400,0,0,0
sc2205,20220218,20220218,133423000,13:34:24,560.6,24300,16512,13611390400,0,0,0
sc2205,20220218,20220218,133423500,13:34:24,560.6,24300,16512,13611390400,0,0,0
sc2205,20220218,20220218,133424000,13:34:24,560.6,24300,16512,13611390400,0,0,0
sc2205,20220218,20220218,133424500,13:34:24,560.6,24300,16512,13611390400,0,0,0
sc2205,20220218,20220218,133425000,13:34:25,560.6,24300,16512,13611390400,0,0,0
sc2205,20220218,20220218,133425500,13:34:25,560.6,24300,16512,13611390400,0,0,0
sc2205,20220218,20220218,133426000,13:34:26,560.6,24300,16512,13611390400,0,0,0
sc2205,20220218,20220218,133426500,13:34:26,560.6,24300,16512,13611390400,0,0,0
sc2205,20220218,20220218,133427000,13:34:27,560.6,24300,16512,13611390400,0,0,0
sc2205,20220218,20220218,133427500,13:34:28,560.6,24300,16512,13611390400,0,0,0
sc2205,20220218,20220218,133428000,13:34:28,560.6,24300,16512,13611390400,0,0,0
sc2205,20220218,20220218,133428500,13:34:29,560.6,24300,16512,13611390400,0,0,0
sc2205,20220218,20220218,133429000,13:34:29,560.6,24300,16512,13611390400,0,0,0
sc2205,20220218,20220218,133429500,13:34:29,560.6,24300,16512,13611390400,0,0,0
sc2205,20220218,20220218,133430000,13:34:30,560.6,24300,16512,13611390400,0,0,0
sc2205,20220218,20220218,133430500,13:34:30,560.6,24300,16512,13611390400,0,0,0
sc2205,20220218,20220218,133431000,13:34:31,560.6,24300,16512,13611390400,0,0,0
sc2205,20220218,20220218,133431500,13:34:31,560.6,24300,16512,13611390400,0,0,0
sc2205,20220218,20220218,133432000,13:34:32,560.6,24300,16512,13611390400,0,0,0
sc2205,20220218,20220218,133432500,13:34:32,560.6,24300,16512,13611390400,0,0,0
sc2205,20220218,20220218,133433000,13:34:34,560.6,24300,16512,13611390400,0,0,0
sc2205,20220218,20220218,133433500,13:34:34,560.6,24300,16512,13611390400,0,0,0
sc2205,20220218,20220218,133434000,13:34:34,560.6,24300,16512,13611390400,0,0,0
sc2205,20220218,20220218,133434500,13:34:35,560.6,24300,16512,13611390400,0,0,0
sc2205,20220218,20220218,133435000,13:34:35,560.6,24300,16512,13611390400,0,0,0
sc2205,20220218,20220218,133435500,13:34:36,560.6,24301,16511,13611951000,1,-1,560600
sc2205,20220218,20220218,133436000,13:34:36,560.6,24301,16511,13611951000,0,0,0
sc2205,20220218,20220218,133436500,13:34:36,560.6,24301,16511,13611951000,0,0,0
sc2205,20220218,20220218,133437000,13:34:37,560.6,24301,16511,13611951000,0,0,0
sc2205,20220218,20220218,133437500,13:34:38,560.6,24301,16511,13611951000,0,0,0
sc2205,20220218,20220218,133438000,13:34:38,560.6,24301,16511,13611951000,0,0,0
sc2205,20220218,20220218,133438500,13:34:39,560.6,24301,16511,13611951000,0,0,0
sc2205,20220218,20220218,133439000,13:34:39,560.6,24301,16511,13611951000,0,0,0
sc2205,20220218,20220218,133439500,13:34:39,560.6,24301,16511,13611951000,0,0,0
sc2205,20220218,20220218,133440000,13:34:40,560.6,24301,16511,13611951000,0,0,0
sc2205,20220218,20220218,133440500,13:34:41,560.6,24301,16511,13611951000,0,0,0
sc2205,20220218,20220218,133441000,13:34:41,560.6,24301,16511,13611951000,0,0,0
sc2205,20220218,20220218,133441500,13:34:42,560.6,24301,16511,13611951000,0,0,0
sc2205,20220218,20220218,133442000,13:34:44,560.6,24301,16511,13611951000,0,0,0
sc2205,20220218,20220218,133442500,13:34:44,560.6,24301,16511,13611951000,0,0,0
sc2205,20220218,20220218,133443500,13:34:45,560.6,24301,16511,13611951000,0,0,0
sc2205,20220218,20220218,133444000,13:34:45,560.6,24301,16511,13611951000,0,0,0
sc2205,20220218,20220218,133445000,13:34:46,560.6,24301,16511,13611951000,0,0,0
sc2205,20220218,20220218,133445500,13:34:46,560.6,24301,16511,13611951000,0,0,0
sc2205,20220218,20220218,133446000,13:34:46,560.6,24301,16511,13611951000,0,0,0
sc2205,20220218,20220218,133446500,13:34:47,560.6,24301,16511,13611951000,0,0,0
sc2205,20220218,20220218,133447000,13:34:47,560.6,24301,16511,13611951000,0,0,0
sc2205,20220218,20220218,133447500,13:34:47,560.6,24301,16511,13611951000,0,0,0
sc2205,20220218,20220218,133448000,13:34:48,560.6,24301,16511,13611951000,0,0,0
sc2205,20220218,20220218,133448500,13:34:49,560.6,24301,16511,13611951000,0,0,0
sc2205,20220218,20220218,133449000,13:34:49,560.6,24301,16511,13611951000,0,0,0
sc2205,20220218,20220218,133449500,13:34:49,560.6,24301,16511,13611951000,0,0,0
sc2205,20220218,20220218,133450000,13:34:51,560.6,24301,16511,13611951000,0,0,0
sc2205,20220218,20220218,133450500,13:34:51,560.6,24301,16511,13611951000,0,0,0
sc2205,20220218,20220218,133451000,13:34:51,560.6,24301,16511,13611951000,0,0,0
sc2205,20220218,20220218,133451500,13:34:51,560.6,24301,16511,13611951000,0,0,0
sc2205,20220218,20220218,133452000,13:34:52,560.6,24301,16511,13611951000,0,0,0
sc2205,20220218,20220218,133452500,13:34:53,560.6,24301,16511,13611951000,0,0,0
sc2205,20220218,20220218,133453000,13:34:53,560.6,24301,16511,13611951000,0,0,0
sc2205,20220218,20220218,133453500,13:34:56,560.6,24301,16511,13611951000,0,0,0
sc2205,20220218,20220218,133454000,13:34:56,560.6,24301,16511,13611951000,0,0,0
sc2205,20220218,20220218,133454500,13:34:56,560.6,24301,16511,13611951000,0,0,0
sc2205,20220218,20220218,133455500,13:34:56,560.6,24301,16511,13611951000,0,0,0
sc2205,20220218,20220218,133456000,13:34:57,560.6,24301,16511,13611951000,0,0,0
sc2205,20220218,20220218,133456500,13:34:57,560.6,24301,16511,13611951000,0,0,0
sc2205,20220218,20220218,133457000,13:34:57,560.6,24301,16511,13611951000,0,0,0
sc2205,20220218,20220218,133457500,13:34:58,560.6,24301,16511,13611951000,0,0,0
sc2205,20220218,20220218,133458000,13:34:58,560.6,24301,16511,13611951000,0,0,0
sc2205,20220218,20220218,133458500,13:34:59,560.6,24301,16511,13611951000,0,0,0
sc2205,20220218,20220218,133459000,13:34:59,560.6,24301,16511,13611951000,0,0,0
sc2205,20220218,20220218,133459500,13:35:00,560.6,24301,16511,13611951000,0,0,0
sc2205,20220218,20220218,133500000,13:35:00,560.6,24301,16511,13611951000,0,0,0
sc2205,20220218,20220218,133500500,13:35:00,560.6,24301,16511,13611951000,0,0,0
sc2205,20220218,20220218,133501000,13:35:04,560.6,24301,16511,13611951000,0,0,0
sc2205,20220218,20220218,133501500,13:35:05,560.6,24301,16511,13611951000,0,0,0
sc2205,20220218,20220218,133502000,13:35:10,560.6,24301,16511,13611951000,0,0,0
sc2205,20220218,20220218,133504500,13:35:10,560.6,24302,16511,13612511600,1,0,560600
sc2205,20220218,20220218,133510000,13:35:11,560.6,24302,16511,13612511600,0,0,0
sc2205,20220218,20220218,133510500,13:35:11,560.6,24302,16511,13612511600,0,0,0
sc2205,20220218,20220218,133511000,13:35:11,560.6,24302,16511,13612511600,0,0,0
sc2205,20220218,20220218,133511500,13:35:12,560.6,24302,16511,13612511600,0,0,0
sc2205,20220218,20220218,133512000,13:35:13,560.6,24302,16511,13612511600,0,0,0
sc2205,20220218,20220218,133512500,13:35:13,560.6,24302,16511,13612511600,0,0,0
sc2205,20220218,20220218,133513000,13:35:13,560.6,24302,16511,13612511600,0,0,0
sc2205,20220218,20220218,133513500,13:35:14,560.6,24302,16511,13612511600,0,0,0
sc2205,20220218,20220218,133514000,13:35:14,560.6,24302,16511,13612511600,0,0,0
sc2205,20220218,20220218,133514500,13:35:15,560.6,24302,16511,13612511600,0,0,0
sc2205,20220218,20220218,133515000,13:35:15,560.6,24302,16511,13612511600,0,0,0
sc2205,20220218,20220218,133515500,13:35:16,560.6,24302,16511,13612511600,0,0,0
sc2205,20220218,20220218,133516000,13:35:16,560.6,24302,16511,13612511600,0,0,0
sc2205,20220218,20220218,133516500,13:35:16,560.6,24302,16511,13612511600,0,0,0
sc2205,20220218,20220218,133517000,13:35:17,560.6,24302,16511,13612511600,0,0,0
sc2205,20220218,20220218,133517500,13:35:18,560.6,24302,16511,13612511600,0,0,0
sc2205,20220218,20220218,133518000,13:35:19,560.6,24302,16511,13612511600,0,0,0
sc2205,20220218,20220218,133518500,13:35:19,560.6,24302,16511,13612511600,0,0,0
sc2205,20220218,20220218,133519000,13:35:19,560.6,24302,16511,13612511600,0,0,0
sc2205,20220218,20220218,133519500,13:35:20,560.6,24302,16511,13612511600,0,0,0
sc2205,20220218,20220218,133520000,13:35:20,560.6,24302,16511,13612511600,0,0,0
sc2205,20220218,20220218,133520500,13:35:21,560.6,24302,16511,13612511600,0,0,0
sc2205,20220218,20220218,133521000,13:35:21,560.6,24302,16511,13612511600,0,0,0
sc2205,20220218,20220218,133521500,13:35:22,560.6,24302,16511,13612511600,0,0,0
sc2205,20220218,20220218,133522000,13:35:22,560.6,24302,16511,13612511600,0,0,0
sc2205,20220218,20220218,133522500,13:35:23,560.6,24302,16511,13612511600,0,0,0
sc2205,20220218,20220218,133523000,13:35:23,560.6,24302,16511,13612511600,0,0,0
sc2205,20220218,20220218,133523500,13:35:23,560.6,24302,16511,13612511600,0,0,0
sc2205,20220218,20220218,133524000,13:35:25,560.6,24302,16511,13612511600,0,0,0
sc2205,20220218,20220218,133524500,13:35:25,560.6,24302,16511,13612511600,0,0,0
sc2205,20220218,20220218,133525000,13:35:26,560.6,24302,16511,13612511600,0,0,0
sc2205,20220218,20220218,133525500,13:35:26,560.6,24302,16511,13612511600,0,0,0
sc2205,20220218,20220218,133526000,13:35:26,560.6,24302,16511,13612511600,0,0,0
sc2205,20220218,20220218,133526500,13:35:27,560.6,24302,16511,13612511600,0,0,0
sc2205,20220218,20220218,133527000,13:35:27,560.6,24302,16511,13612511600,0,0,0
sc2205,20220218,20220218,133527500,13:35:31,560.6,24302,16511,13612511600,0,0,0
