AP205,20220218,20220218,112003000,11:20:04,9466,130165,168587,12290179300,130165,19971,12290179300
AP205,20220218,20220218,112004500,11:20:09,9466,130165,168587,12290179300,0,0,0
AP205,20220218,20220218,112005000,11:20:10,9466,130166,168588,12290273720,1,1,94420
AP205,20220218,20220218,112006500,11:20:10,9466,130166,168588,12290273720,0,0,0
AP205,20220218,20220218,112007000,11:20:10,9466,130176,168588,12291217920,10,0,944200
AP205,20220218,20220218,112007500,11:20:10,9467,130185,168590,12292067700,9,2,849780
AP205,20220218,20220218,112008000,11:20:10,9465,130186,168589,12292162120,1,-1,94420
AP205,20220218,20220218,112008500,11:20:10,9464,130187,168588,12292256540,1,-1,94420
AP205,20220218,20220218,112010000,11:20:10,9463,130188,168589,12292350960,1,1,94420
AP205,20220218,20220218,112010500,11:20:10,9465,130189,168589,12292445380,1,0,94420
AP205,20220218,20220218,112011500,11:20:12,9463,130194,168590,12292917480,5,1,472100
AP205,20220218,20220218,112012000,11:20:12,9463,130195,168590,12293011900,1,0,94420
AP205,20220218,20220218,112012500,11:20:12,9463,130195,168590,12293011900,0,0,0
AP205,20220218,20220218,112013000,11:20:13,9465,130196,168589,12293106320,1,-1,94420
AP205,20220218,20220218,112014500,11:20:14,9463,130197,168589,12293200740,1,0,94420
AP205,20220218,20220218,112015000,11:20:15,9463,130199,168588,12293389580,2,-1,188840
AP205,20220218,20220218,112015500,11:20:16,9463,130200,168587,12293484000,1,-1,94420
AP205,20220218,20220218,112016500,11:20:16,9463,130203,168587,12293767260,3,0,283260
AP205,20220218,20220218,112017500,11:20:17,9463,130203,168587,12293767260,0,0,0
AP205,20220218,20220218,112018000,11:20:18,9463,130203,168587,12293767260,0,0,0
AP205,20220218,20220218,112018500,11:20:18,9465,130218,168579,12295183560,15,-8,1416300
AP205,20220218,20220218,112019000,11:20:19,9464,130250,168583,12298205000,32,4,3021440
AP205,20220218,20220218,112019500,11:20:20,9463,130255,168584,12298677100,5,1,472100
AP205,20220218,20220218,112020000,11:20:20,9463,130255,168584,12298677100,0,0,0
AP205,20220218,20220218,112020500,11:20:20,9465,130256,168584,12298771520,1,0,94420
AP205,20220218,20220218,112021000,11:20:21,9465,130258,168584,12298960360,2,0,188840
AP205,20220218,20220218,112021500,11:20:21,9465,130259,168583,12299054780,1,-1,94420
AP205,20220218,20220218,112022000,11:20:22,9463,130260,168584,12299149200,1,1,94420
AP205,20220218,20220218,112022500,11:20:23,9463,130260,168584,12299149200,0,0,0
AP205,20220218,20220218,112023000,11:20:23,9463,130260,168584,12299149200,0,0,0
AP205,20220218,20220218,112024500,11:20:24,9463,130260,168584,12299149200,0,0,0
AP205,20220218,20220218,112025000,11:20:25,9465,130265,168587,12299621300,5,3,472100
AP205,20220218,20220218,112027000,11:20:27,9463,130266,168588,12299715720,1,1,94420
AP205,20220218,20220218,112027500,11:20:28,9463,130266,168588,12299715720,0,0,0
AP205,20220218,20220218,112028000,11:20:28,9463,130266,168588,12299715720,0,0,0
AP205,20220218,20220218,112028500,11:20:28,9465,130267,168588,12299810140,1,0,94420
AP205,20220218,20220218,112031000,11:20:32,9466,130268,168589,12299904560,1,1,94420
AP205,20220218,20220218,112031500,11:20:32,9466,130268,168589,12299904560,0,0,0
AP205,20220218,20220218,112033000,11:20:33,9464,130270,168589,12300093400,2,0,188840
AP205,20220218,20220218,112033500,11:20:33,9464,130270,168589,12300093400,0,0,0
AP205,20220218,20220218,112034000,11:20:34,9464,130272,168590,12300282240,2,1,188840
AP205,20220218,20220218,112034500,11:20:34,9464,130272,168590,12300282240,0,0,0
AP205,20220218,20220218,112035500,11:20:35,9464,130273,168591,12300376660,1,1,94420
AP205,20220218,20220218,112037500,11:20:38,9466,130274,168590,12300471080,1,-1,94420
AP205,20220218,20220218,112038000,11:20:38,9466,130274,168590,12300471080,0,0,0
AP205,20220218,20220218,112040000,11:20:40,9466,130274,168590,12300471080,0,0,0
AP205,20220218,20220218,112041500,11:20:41,9466,130274,168590,12300471080,0,0,0
AP205,20220218,20220218,112042000,11:20:42,9464,130284,168581,12301415280,10,-9,944200
AP205,20220218,20220218,112042500,11:20:42,9464,130284,168581,12301415280,0,0,0
AP205,20220218,20220218,112043500,11:20:44,9465,130285,168581,12301509700,1,0,94420
AP205,20220218,20220218,112044000,11:20:44,9465,130285,168581,12301509700,0,0,0
AP205,20220218,20220218,112044500,11:20:45,9465,130285,168581,12301509700,0,0,0
AP205,20220218,20220218,112046000,11:20:46,9465,130285,168581,12301509700,0,0,0
AP205,20220218,20220218,112046500,11:20:46,9466,130286,168582,12301604120,1,1,94420
AP205,20220218,20220218,112049000,11:20:50,9466,130286,168582,12301604120,0,0,0
AP205,20220218,20220218,112049500,11:20:50,9466,130288,168584,12301792960,2,2,188840
AP205,20220218,20220218,112050500,11:20:50,9464,130291,168583,12302076220,3,-1,283260
AP205,20220218,20220218,112051000,11:20:51,9464,130291,168583,12302076220,0,0,0
AP205,20220218,20220218,112051500,11:20:51,9464,130292,168582,12302170640,1,-1,94420
AP205,20220218,20220218,112052000,11:20:53,9464,130292,168582,12302170640,0,0,0
AP205,20220218,20220218,112052500,11:20:53,9464,130296,168581,12302548320,4,-1,377680
AP205,20220218,20220218,112053000,11:20:53,9464,130313,168587,12304153460,17,6,1605140
AP205,20220218,20220218,112053500,11:20:53,9465,130315,168588,12304342300,2,1,188840
AP205,20220218,20220218,112055000,11:20:55,9466,130316,168588,12304436720,1,0,94420
AP205,20220218,20220218,112055500,11:20:56,9466,130316,168588,12304436720,0,0,0
AP205,20220218,20220218,112057000,11:20:58,9466,130319,168590,12304719980,3,2,283260
AP205,20220218,20220218,112057500,11:20:58,9466,130319,168590,12304719980,0,0,0
AP205,20220218,20220218,112058500,11:20:59,9466,130319,168590,12304719980,0,0,0
AP205,20220218,20220218,112100000,11:21:00,9464,130324,168585,12305192080,5,-5,472100
AP205,20220218,20220218,112100500,11:21:00,9464,130324,168585,12305192080,0,0,0
AP205,20220218,20220218,112101000,11:21:01,9464,130325,168585,12305286500,1,0,94420
AP205,20220218,20220218,112101500,11:21:02,9464,130328,168583,12305569760,3,-2,283260
AP205,20220218,20220218,112102500,11:21:03,9463,130335,168579,12306230700,7,-4,660940
AP205,20220218,20220218,112103000,11:21:03,9463,130337,168579,12306419540,2,0,188840
AP205,20220218,20220218,112104000,11:21:04,9463,130337,168579,12306419540,0,0,0
AP205,20220218,20220218,112104500,11:21:05,9464,130342,168579,12306891640,5,0,472100
AP205,20220218,20220218,112105000,11:21:05,9462,130344,168579,12307080480,2,0,188840
AP205,20220218,20220218,112105500,11:21:06,9464,130345,168579,12307174900,1,0,94420
AP205,20220218,20220218,112106000,11:21:07,9464,130345,168579,12307174900,0,0,0
AP205,20220218,20220218,112106500,11:21:07,9464,130345,168579,12307174900,0,0,0
AP205,20220218,20220218,112107500,11:21:10,9464,130345,168579,12307174900,0,0,0
AP205,20220218,20220218,112108000,11:21:10,9465,130346,168579,12307269320,1,0,94420
AP205,20220218,20220218,112108500,11:21:10,9465,130347,168578,12307363740,1,-1,94420
AP205,20220218,20220218,112112500,11:21:13,9462,130356,168578,12308213520,9,0,849780
AP205,20220218,20220218,112114500,11:21:14,9462,130356,168578,12308213520,0,0,0
AP205,20220218,20220218,112115500,11:21:15,9462,130357,168579,12308307940,1,1,94420
AP205,20220218,20220218,112116000,11:21:16,9464,130358,168579,12308402360,1,0,94420
AP205,20220218,20220218,112117000,11:21:17,9464,130358,168579,12308402360,0,0,0
AP205,20220218,20220218,112118000,11:21:18,9462,130363,168577,12308874460,5,-2,472100
AP205,20220218,20220218,112118500,11:21:18,9462,130363,168577,12308874460,0,0,0
AP205,20220218,20220218,112119500,11:21:19,9462,130365,168579,12309063300,2,2,188840
AP205,20220218,20220218,112120000,11:21:20,9462,130365,168579,12309063300,0,0,0
AP205,20220218,20220218,112122000,11:21:22,9462,130365,168579,12309063300,0,0,0
AP205,20220218,20220218,112122500,11:21:22,9462,130366,168580,12309157720,1,1,94420
AP205,20220218,20220218,112123500,11:21:23,9463,130368,168580,12309346560,2,0,188840
AP205,20220218,20220218,112124000,11:21:24,9463,130368,168580,12309346560,0,0,0
AP205,20220218,20220218,112124500,11:21:25,9463,130369,168579,12309440980,1,-1,94420
AP205,20220218,20220218,112125500,11:23:32,9463,130369,168579,12309440980,0,0,0
AP205,20220218,20220218,112332500,11:23:33,9463,130369,168579,12309440980,0,0,0
AP205,20220218,20220218,112333000,11:23:33,9457,131039,168395,12372702380,670,-184,63261400
AP205,20220218,20220218,112333500,11:23:33,9457,131040,168395,12372796800,1,0,94420
AP205,20220218,20220218,112334000,11:23:34,9457,131040,168395,12372796800,0,0,0
AP205,20220218,20220218,112334500,11:23:34,9456,131045,168392,12373268900,5,-3,472100
AP205,20220218,20220218,112335500,11:23:35,9456,131045,168392,12373268900,0,0,0
AP205,20220218,20220218,112336500,11:23:38,9456,131048,168389,12373552160,3,-3,283260
AP205,20220218,20220218,112337000,11:23:38,9456,131056,168388,12374307520,8,-1,755360
AP205,20220218,20220218,112337500,11:23:38,9458,131060,168385,12374685200,4,-3,377680
AP205,20220218,20220218,112338000,11:23:38,9456,131061,168385,12374779620,1,0,94420
AP205,20220218,20220218,112338500,11:23:38,9456,131061,168385,12374779620,0,0,0
AP205,20220218,20220218,112339000,11:23:39,9456,131061,168385,12374779620,0,0,0
AP205,20220218,20220218,112339500,11:23:39,9456,131066,168384,12375251720,5,-1,472100
AP205,20220218,20220218,112340000,11:23:40,9456,131067,168384,12375346140,1,0,94420
AP205,20220218,20220218,112340500,11:23:40,9458,131074,168377,12376007080,7,-7,660940
AP205,20220218,20220218,112341000,11:23:41,9458,131074,168377,12376007080,0,0,0
AP205,20220218,20220218,112341500,11:23:42,9458,131074,168377,12376007080,0,0,0
AP205,20220218,20220218,112342000,11:23:42,9458,131074,168377,12376007080,0,0,0
AP205,20220218,20220218,112343000,11:23:43,9458,131074,168377,12376007080,0,0,0
AP205,20220218,20220218,112343500,11:23:43,9457,131075,168376,12376101500,1,-1,94420
AP205,20220218,20220218,112344000,11:23:48,9457,131076,168375,12376195920,1,-1,94420
AP205,20220218,20220218,112348000,11:23:48,9458,131086,168367,12377140120,10,-8,944200
AP205,20220218,20220218,112348500,11:23:49,9457,131087,168367,12377234540,1,0,94420
AP205,20220218,20220218,112349000,11:23:49,9457,131096,168367,12378084320,9,0,849780
AP205,20220218,20220218,112349500,11:23:50,9457,131104,168363,12378839680,8,-4,755360
AP205,20220218,20220218,112350000,11:23:50,9458,131116,168358,12379972720,12,-5,1133040
AP205,20220218,20220218,112351000,11:23:51,9457,131117,168357,12380067140,1,-1,94420
AP205,20220218,20220218,112351500,11:23:51,9457,131121,168357,12380444820,4,0,377680
AP205,20220218,20220218,112352500,11:23:52,9457,131122,168357,12380539240,1,0,94420
AP205,20220218,20220218,112353000,11:23:53,9457,131123,168358,12380633660,1,1,94420
AP205,20220218,20220218,112353500,11:23:53,9457,131125,168358,12380822500,2,0,188840
AP205,20220218,20220218,112354000,11:23:54,9457,131129,168362,12381200180,4,4,377680
AP205,20220218,20220218,112355000,11:23:55,9457,131134,168362,12381672280,5,0,472100
AP205,20220218,20220218,112356000,11:23:56,9457,131134,168362,12381672280,0,0,0
AP205,20220218,20220218,112358000,11:23:58,9458,131139,168364,12382144380,5,2,472100
AP205,20220218,20220218,112358500,11:23:58,9459,131141,168365,12382333220,2,1,188840
AP205,20220218,20220218,112359000,11:23:59,9459,131141,168365,12382333220,0,0,0
AP205,20220218,20220218,112359500,11:23:59,9459,131141,168365,12382333220,0,0,0
AP205,20220218,20220218,112400500,11:24:00,9459,131141,168365,12382333220,0,0,0
AP205,20220218,20220218,112401500,11:24:01,9460,131147,168366,12382899740,6,1,566520
AP205,20220218,20220218,112402000,11:24:02,9460,131147,168366,12382899740,0,0,0
AP205,20220218,20220218,112403000,11:24:03,9458,131148,168366,12382994160,1,0,94420
AP205,20220218,20220218,112403500,11:24:04,9458,131153,168361,12383466260,5,-5,472100
AP205,20220218,20220218,112404000,11:24:04,9458,131154,168360,12383560680,1,-1,94420
AP205,20220218,20220218,112405000,11:24:05,9459,131165,168356,12384599300,11,-4,1038620
AP205,20220218,20220218,112405500,11:24:05,9459,131165,168356,12384599300,0,0,0
AP205,20220218,20220218,112406500,11:24:06,9459,131165,168356,12384599300,0,0,0
AP205,20220218,20220218,112407000,11:24:07,9458,131179,168359,12385921180,14,3,1321880
AP205,20220218,20220218,112407500,11:24:08,9458,131179,168359,12385921180,0,0,0
AP205,20220218,20220218,112408500,11:24:08,9457,131184,168354,12386393280,5,-5,472100
AP205,20220218,20220218,112409000,11:24:11,9457,131184,168354,12386393280,0,0,0
AP205,20220218,20220218,112410000,11:24:12,9458,131186,168354,12386582120,2,0,188840
AP205,20220218,20220218,112410500,11:24:12,9458,131186,168354,12386582120,0,0,0
AP205,20220218,20220218,112411000,11:24:12,9458,131186,168354,12386582120,0,0,0
AP205,20220218,20220218,112411500,11:24:12,9459,131194,168362,12387337480,8,8,755360
AP205,20220218,20220218,112412500,11:24:13,9458,131198,168362,12387715160,4,0,377680
AP205,20220218,20220218,112413000,11:24:13,9457,131203,168358,12388187260,5,-4,472100
AP205,20220218,20220218,112415000,11:24:15,9457,131208,168357,12388659360,5,-1,472100
AP205,20220218,20220218,112415500,11:24:15,9457,131208,168357,12388659360,0,0,0
AP205,20220218,20220218,112416500,11:24:17,9457,131209,168357,12388753780,1,0,94420
AP205,20220218,20220218,112417000,11:24:17,9457,131209,168357,12388753780,0,0,0
AP205,20220218,20220218,112417500,11:24:18,9458,131210,168358,12388848200,1,1,94420
AP205,20220218,20220218,112418000,11:24:18,9458,131212,168358,12389037040,2,0,188840
AP205,20220218,20220218,112419000,11:24:19,9459,131215,168359,12389320300,3,1,283260
AP205,20220218,20220218,112419500,11:24:19,9459,131229,168371,12390642180,14,12,1321880
AP205,20220218,20220218,112420000,11:24:20,9459,131229,168371,12390642180,0,0,0
AP205,20220218,20220218,112422000,11:24:22,9459,131229,168371,12390642180,0,0,0
AP205,20220218,20220218,112422500,11:24:23,9459,131229,168371,12390642180,0,0,0
AP205,20220218,20220218,112423000,11:24:23,9459,131231,168371,12390831020,2,0,188840
AP205,20220218,20220218,112424000,11:24:24,9460,131235,168374,12391208700,4,3,377680
AP205,20220218,20220218,112424500,11:24:24,9460,131238,168376,12391491960,3,2,283260
AP205,20220218,20220218,112425000,11:24:25,9458,131239,168376,12391586380,1,0,94420
AP205,20220218,20220218,112426000,11:24:26,9459,131240,168377,12391680800,1,1,94420
AP205,20220218,20220218,112428000,11:24:28,9459,131240,168377,12391680800,0,0,0
AP205,20220218,20220218,112428500,11:24:28,9459,131240,168377,12391680800,0,0,0
AP205,20220218,20220218,112430000,11:24:30,9459,131241,168378,12391775220,1,1,94420
AP205,20220218,20220218,112430500,11:24:30,9459,131241,168378,12391775220,0,0,0
AP205,20220218,20220218,112431500,11:24:31,9460,131242,168378,12391869640,1,0,94420
AP205,20220218,20220218,112432000,11:24:32,9460,131242,168378,12391869640,0,0,0
AP205,20220218,20220218,112432500,11:24:32,9460,131242,168378,12391869640,0,0,0
AP205,20220218,20220218,112434500,11:24:34,9460,131242,168378,12391869640,0,0,0
AP205,20220218,20220218,112436000,11:24:36,9458,131245,168376,12392152900,3,-2,283260
AP205,20220218,20220218,112436500,11:24:36,9458,131246,168376,12392247320,1,0,94420
AP205,20220218,20220218,112438000,11:24:39,9458,131247,168375,12392341740,1,-1,94420
AP205,20220218,20220218,112439000,11:24:40,9457,131252,168375,12392813840,5,0,472100
AP205,20220218,20220218,112439500,11:24:40,9457,131264,168372,12393946880,12,-3,1133040
AP205,20220218,20220218,112440000,11:24:40,9457,131271,168371,12394607820,7,-1,660940
AP205,20220218,20220218,112442000,11:24:42,9457,131271,168371,12394607820,0,0,0
AP205,20220218,20220218,112442500,11:24:42,9456,131281,168364,12395552020,10,-7,944200
AP205,20220218,20220218,112443000,11:24:43,9456,131287,168364,12396118540,6,0,566520
AP205,20220218,20220218,112443500,11:24:43,9456,131305,168377,12397818100,18,13,1699560
AP205,20220218,20220218,112444000,11:24:44,9456,131305,168377,12397818100,0,0,0
AP205,20220218,20220218,112445000,11:24:45,9455,131306,168376,12397912520,1,-1,94420
AP205,20220218,20220218,112445500,11:24:45,9455,131321,168368,12399328820,15,-8,1416300
AP205,20220218,20220218,112446000,11:24:46,9455,131335,168370,12400650700,14,2,1321880
AP205,20220218,20220218,112446500,11:24:46,9454,131340,168365,12401122800,5,-5,472100
AP205,20220218,20220218,112447000,11:24:47,9454,131357,168350,12402727940,17,-15,1605140
AP205,20220218,20220218,112447500,11:24:47,9454,131357,168350,12402727940,0,0,0
AP205,20220218,20220218,112448000,11:24:48,9453,131399,168372,12406693580,42,22,3965640
AP205,20220218,20220218,112448500,11:24:48,9451,131459,168388,12412358780,60,16,5665200
AP205,20220218,20220218,112449000,11:24:49,9452,131484,168397,12414719280,25,9,2360500
AP205,20220218,20220218,112449500,11:24:49,9452,131484,168397,12414719280,0,0,0
AP205,20220218,20220218,112450500,11:24:50,9450,131504,168379,12416607680,20,-18,1888400
AP205,20220218,20220218,112451000,11:24:51,9452,131531,168356,12419157020,27,-23,2549340
AP205,20220218,20220218,112451500,11:24:51,9452,131531,168356,12419157020,0,0,0
AP205,20220218,20220218,112452000,11:24:52,9452,131535,168357,12419534700,4,1,377680
AP205,20220218,20220218,112452500,11:24:52,9452,131541,168362,12420101220,6,5,566520
AP205,20220218,20220218,112453000,11:24:53,9452,131541,168362,12420101220,0,0,0
AP205,20220218,20220218,112453500,11:24:53,9452,131546,168360,12420573320,5,-2,472100
AP205,20220218,20220218,112454500,11:24:54,9452,131546,168360,12420573320,0,0,0
AP205,20220218,20220218,112455000,11:24:55,9450,131562,168357,12422084040,16,-3,1510720
AP205,20220218,20220218,112455500,11:24:56,9452,131563,168358,12422178460,1,1,94420
AP205,20220218,20220218,112456000,11:24:56,9450,131570,168364,12422839400,7,6,660940
AP205,20220218,20220218,112456500,11:24:56,9451,131574,168364,12423217080,4,0,377680
AP205,20220218,20220218,112458000,11:24:58,9450,131581,168359,12423878020,7,-5,660940
AP205,20220218,20220218,112458500,11:24:58,9450,131583,168360,12424066860,2,1,188840
AP205,20220218,20220218,112459000,11:24:59,9450,131586,168360,12424350120,3,0,283260
AP205,20220218,20220218,112459500,11:24:59,9450,131588,168358,12424538960,2,-2,188840
AP205,20220218,20220218,112500000,11:25:00,9451,131592,168356,12424916640,4,-2,377680
AP205,20220218,20220218,112500500,11:25:01,9451,131593,168356,12425011060,1,0,94420
AP205,20220218,20220218,112501000,11:25:01,9449,131597,168355,12425388740,4,-1,377680
AP205,20220218,20220218,112501500,11:25:03,9450,131599,168354,12425577580,2,-1,188840
AP205,20220218,20220218,112502000,11:25:05,9450,131601,168352,12425766420,2,-2,188840
AP205,20220218,20220218,112502500,11:25:06,9450,131606,168347,12426238520,5,-5,472100
AP205,20220218,20220218,112504500,11:25:06,9450,131639,168343,12429354380,33,-4,3115860
AP205,20220218,20220218,112505500,11:25:06,9449,131651,168353,12430487420,12,10,1133040
AP205,20220218,20220218,112506000,11:25:07,9450,131670,168352,12432281400,19,-1,1793980
AP205,20220218,20220218,112506500,11:25:07,9448,131673,168353,12432564660,3,1,283260
AP205,20220218,20220218,112507000,11:25:07,9449,131691,168342,12434264220,18,-11,1699560
AP205,20220218,20220218,112507500,11:25:07,9447,131696,168343,12434736320,5,1,472100
AP205,20220218,20220218,112508000,11:25:08,9447,131702,168340,12435302840,6,-3,566520
AP205,20220218,20220218,112508500,11:25:08,9448,131704,168339,12435491680,2,-1,188840
AP205,20220218,20220218,112509000,11:25:09,9448,131727,168323,12437663340,23,-16,2171660
AP205,20220218,20220218,112509500,11:25:09,9446,131733,168321,12438229860,6,-2,566520
AP205,20220218,20220218,112510000,11:25:10,9446,131796,168315,12444178320,63,-6,5948460
AP205,20220218,20220218,112510500,11:25:10,9446,131798,168316,12444367160,2,1,188840
AP205,20220218,20220218,112511000,11:25:11,9446,131805,168316,12445028100,7,0,660940
AP205,20220218,20220218,112511500,11:25:11,9446,131807,168318,12445216940,2,2,188840
AP205,20220218,20220218,112512000,11:25:12,9446,131807,168318,12445216940,0,0,0
AP205,20220218,20220218,112512500,11:25:12,9444,131817,168316,12446161140,10,-2,944200
AP205,20220218,20220218,112513000,11:25:13,9442,131837,168315,12448049540,20,-1,1888400
AP205,20220218,20220218,112513500,11:25:15,9446,131853,168301,12449560260,16,-14,1510720
AP205,20220218,20220218,112514000,11:25:15,9444,131862,168294,12450410040,9,-7,849780
AP205,20220218,20220218,112514500,11:25:15,9445,131863,168293,12450504460,1,-1,94420
AP205,20220218,20220218,112515000,11:25:16,9446,131866,168291,12450787720,3,-2,283260
AP205,20220218,20220218,112515500,11:25:16,9445,131875,168288,12451637500,9,-3,849780
AP205,20220218,20220218,112516000,11:25:16,9445,131880,168286,12452109600,5,-2,472100
AP205,20220218,20220218,112516500,11:25:16,9445,131886,168286,12452676120,6,0,566520
AP205,20220218,20220218,112517000,11:25:17,9446,131895,168278,12453525900,9,-8,849780
AP205,20220218,20220218,112517500,11:25:18,9446,131897,168278,12453714740,2,0,188840
AP205,20220218,20220218,112518000,11:25:18,9444,131906,168275,12454564520,9,-3,849780
AP205,20220218,20220218,112518500,11:25:19,9444,131907,168275,12454658940,1,0,94420
AP205,20220218,20220218,112519000,11:25:19,9445,131908,168275,12454753360,1,0,94420
AP205,20220218,20220218,112519500,11:25:19,9444,131922,168283,12456075240,14,8,1321880
AP205,20220218,20220218,112520000,11:25:20,9444,131930,168276,12456830600,8,-7,755360
AP205,20220218,20220218,112520500,11:25:21,9444,131934,168275,12457208280,4,-1,377680
AP205,20220218,20220218,112521000,11:25:21,9444,131940,168271,12457774800,6,-4,566520
AP205,20220218,20220218,112521500,11:25:22,9444,131940,168271,12457774800,0,0,0
AP205,20220218,20220218,112522000,11:25:22,9443,131950,168268,12458719000,10,-3,944200
AP205,20220218,20220218,112522500,11:25:22,9443,131950,168268,12458719000,0,0,0
AP205,20220218,20220218,112523000,11:25:23,9443,131952,168267,12458907840,2,-1,188840
AP205,20220218,20220218,112523500,11:25:24,9444,131954,168267,12459096680,2,0,188840
AP205,20220218,20220218,112524000,11:25:25,9444,131954,168267,12459096680,0,0,0
AP205,20220218,20220218,112524500,11:25:25,9444,131958,168264,12459474360,4,-3,377680
AP205,20220218,20220218,112525500,11:25:26,9445,131960,168263,12459663200,2,-1,188840
AP205,20220218,20220218,112526000,11:25:26,9445,131962,168261,12459852040,2,-2,188840
AP205,20220218,20220218,112526500,11:25:27,9444,131963,168262,12459946460,1,1,94420
AP205,20220218,20220218,112527000,11:25:27,9446,131970,168264,12460607400,7,2,660940
AP205,20220218,20220218,112527500,11:25:28,9447,131973,168261,12460890660,3,-3,283260
AP205,20220218,20220218,112528000,11:25:28,9447,131980,168263,12461551600,7,2,660940
AP205,20220218,20220218,112528500,11:25:28,9446,131985,168258,12462023700,5,-5,472100
AP205,20220218,20220218,112529500,11:25:30,9446,131986,168259,12462118120,1,1,94420
AP205,20220218,20220218,112530000,11:25:30,9448,131988,168258,12462306960,2,-1,188840
AP205,20220218,20220218,112530500,11:25:31,9448,131991,168255,12462590220,3,-3,283260
AP205,20220218,20220218,112531000,11:25:31,9448,131992,168254,12462684640,1,-1,94420
AP205,20220218,20220218,112531500,11:25:32,9448,131993,168253,12462779060,1,-1,94420
AP205,20220218,20220218,112532000,11:25:32,9448,131993,168253,12462779060,0,0,0
AP205,20220218,20220218,112532500,11:25:33,9448,131994,168253,12462873480,1,0,94420
AP205,20220218,20220218,112533000,11:25:33,9446,131998,168253,12463251160,4,0,377680
AP205,20220218,20220218,112533500,11:25:33,9446,131998,168253,12463251160,0,0,0
AP205,20220218,20220218,112534000,11:25:34,9448,131999,168252,12463345580,1,-1,94420
AP205,20220218,20220218,112535500,11:25:37,9448,132000,168252,12463440000,1,0,94420
AP205,20220218,20220218,112536000,11:25:37,9446,132001,168253,12463534420,1,1,94420
AP205,20220218,20220218,112537000,11:25:37,9446,132006,168248,12464006520,5,-5,472100
AP205,20220218,20220218,112537500,11:25:38,9446,132007,168249,12464100940,1,1,94420
AP205,20220218,20220218,112538000,11:25:38,9447,132008,168249,12464195360,1,0,94420
AP205,20220218,20220218,112538500,11:25:39,9446,132010,168249,12464384200,2,0,188840
AP205,20220218,20220218,112539000,11:25:39,9447,132013,168249,12464667460,3,0,283260
AP205,20220218,20220218,112539500,11:25:40,9447,132013,168249,12464667460,0,0,0
AP205,20220218,20220218,112540000,11:25:40,9446,132014,168250,12464761880,1,1,94420
AP205,20220218,20220218,112540500,11:25:40,9445,132019,168249,12465233980,5,-1,472100
AP205,20220218,20220218,112541000,11:25:41,9445,132019,168249,12465233980,0,0,0
AP205,20220218,20220218,112542000,11:25:42,9446,132024,168251,12465706080,5,2,472100
AP205,20220218,20220218,112542500,11:25:42,9445,132032,168253,12466461440,8,2,755360
AP205,20220218,20220218,112543000,11:25:43,9446,132041,168249,12467311220,9,-4,849780
AP205,20220218,20220218,112543500,11:25:43,9446,132043,168247,12467500060,2,-2,188840
AP205,20220218,20220218,112544000,11:25:44,9445,132047,168251,12467877740,4,4,377680
AP205,20220218,20220218,112544500,11:25:44,9445,132047,168251,12467877740,0,0,0
AP205,20220218,20220218,112545000,11:25:45,9445,132048,168251,12467972160,1,0,94420
AP205,20220218,20220218,112545500,11:25:46,9446,132055,168251,12468633100,7,0,660940
AP205,20220218,20220218,112546000,11:25:47,9445,132058,168252,12468916360,3,1,283260
AP205,20220218,20220218,112546500,11:25:48,9445,132066,168259,12469671720,8,7,755360
AP205,20220218,20220218,112547000,11:25:48,9444,132068,168260,12469860560,2,1,188840
AP205,20220218,20220218,112548500,11:25:48,9445,132069,168259,12469954980,1,-1,94420
AP205,20220218,20220218,112549000,11:25:49,9445,132071,168258,12470143820,2,-1,188840
AP205,20220218,20220218,112550000,11:25:50,9445,132082,168249,12471182440,11,-9,1038620
AP205,20220218,20220218,112550500,11:25:51,9443,132084,168247,12471371280,2,-2,188840
AP205,20220218,20220218,112551000,11:25:51,9444,132090,168245,12471937800,6,-2,566520
AP205,20220218,20220218,112551500,11:25:51,9442,132103,168241,12473165260,13,-4,1227460
AP205,20220218,20220218,112552000,11:25:52,9442,132103,168241,12473165260,0,0,0
AP205,20220218,20220218,112552500,11:25:52,9442,132103,168241,12473165260,0,0,0
AP205,20220218,20220218,112553000,11:25:53,9443,132110,168241,12473826200,7,0,660940
AP205,20220218,20220218,112553500,11:25:54,9443,132111,168242,12473920620,1,1,94420
AP205,20220218,20220218,112554000,11:25:54,9443,132115,168242,12474298300,4,0,377680
AP205,20220218,20220218,112554500,11:25:55,9442,132123,168238,12475053660,8,-4,755360
AP205,20220218,20220218,112555000,11:25:55,9443,132129,168237,12475620180,6,-1,566520
AP205,20220218,20220218,112555500,11:25:56,9443,132132,168236,12475903440,3,-1,283260
AP205,20220218,20220218,112556000,11:25:57,9443,132136,168234,12476281120,4,-2,377680
AP205,20220218,20220218,112556500,11:25:57,9443,132138,168233,12476469960,2,-1,188840
AP205,20220218,20220218,112557000,11:25:57,9443,132144,168227,12477036480,6,-6,566520
AP205,20220218,20220218,112557500,11:25:57,9443,132149,168225,12477508580,5,-2,472100
AP205,20220218,20220218,112558000,11:25:59,9443,132151,168226,12477697420,2,1,188840
AP205,20220218,20220218,112558500,11:25:59,9444,132153,168224,12477886260,2,-2,188840
AP205,20220218,20220218,112559000,11:26:00,9444,132157,168223,12478263940,4,-1,377680
AP205,20220218,20220218,112559500,11:26:00,9443,132173,168216,12479774660,16,-7,1510720
AP205,20220218,20220218,112600000,11:26:00,9445,132182,168210,12480624440,9,-6,849780
AP205,20220218,20220218,112600500,11:26:00,9443,132188,168212,12481190960,6,2,566520
AP205,20220218,20220218,112601000,11:26:01,9445,132190,168211,12481379800,2,-1,188840
AP205,20220218,20220218,112601500,11:26:01,9445,132191,168210,12481474220,1,-1,94420
AP205,20220218,20220218,112602000,11:26:03,9443,132211,168215,12483362620,20,5,1888400
AP205,20220218,20220218,112602500,11:26:03,9445,132217,168214,12483929140,6,-1,566520
AP205,20220218,20220218,112603000,11:26:03,9445,132218,168213,12484023560,1,-1,94420
AP205,20220218,20220218,112603500,11:26:04,9445,132218,168213,12484023560,0,0,0
AP205,20220218,20220218,112604000,11:26:05,9446,132222,168213,12484401240,4,0,377680
AP205,20220218,20220218,112604500,11:26:05,9446,132224,168214,12484590080,2,1,188840
AP205,20220218,20220218,112605000,11:26:05,9445,132231,168209,12485251020,7,-5,660940
AP205,20220218,20220218,112605500,11:26:06,9445,132231,168209,12485251020,0,0,0
AP205,20220218,20220218,112606500,11:26:06,9445,132234,168208,12485534280,3,-1,283260
AP205,20220218,20220218,112607000,11:26:09,9445,132234,168208,12485534280,0,0,0
AP205,20220218,20220218,112607500,11:26:09,9445,132239,168204,12486006380,5,-4,472100
AP205,20220218,20220218,112608000,11:26:09,9446,132244,168204,12486478480,5,0,472100
AP205,20220218,20220218,112609000,11:26:09,9447,132250,168203,12487045000,6,-1,566520
AP205,20220218,20220218,112609500,11:26:10,9447,132261,168200,12488083620,11,-3,1038620
AP205,20220218,20220218,112610000,11:26:10,9448,132263,168199,12488272460,2,-1,188840
AP205,20220218,20220218,112610500,11:26:10,9446,132270,168192,12488933400,7,-7,660940
AP205,20220218,20220218,112611000,11:26:11,9448,132275,168193,12489405500,5,1,472100
AP205,20220218,20220218,112611500,11:26:13,9448,132277,168195,12489594340,2,2,188840
AP205,20220218,20220218,112612000,11:26:14,9448,132289,168194,12490727380,12,-1,1133040
AP205,20220218,20220218,112612500,11:26:14,9448,132294,168190,12491199480,5,-4,472100
AP205,20220218,20220218,112613000,11:26:15,9448,132297,168190,12491482740,3,0,283260
AP205,20220218,20220218,112614000,11:26:15,9447,132304,168188,12492143680,7,-2,660940
AP205,20220218,20220218,112614500,11:26:15,9447,132306,168188,12492332520,2,0,188840
AP205,20220218,20220218,112615000,11:26:16,9447,132308,168188,12492521360,2,0,188840
AP205,20220218,20220218,112615500,11:26:16,9446,132313,168184,12492993460,5,-4,472100
AP205,20220218,20220218,112616000,11:26:16,9446,132316,168184,12493276720,3,0,283260
AP205,20220218,20220218,112616500,11:26:17,9446,132322,168185,12493843240,6,1,566520
AP205,20220218,20220218,112617000,11:26:17,9446,132328,168190,12494409760,6,5,566520
AP205,20220218,20220218,112617500,11:26:17,9446,132332,168192,12494787440,4,2,377680
AP205,20220218,20220218,112618000,11:26:18,9444,132335,168191,12495070700,3,-1,283260
AP205,20220218,20220218,112618500,11:26:18,9445,132344,168192,12495920480,9,1,849780
AP205,20220218,20220218,112619000,11:26:19,9444,132349,168191,12496392580,5,-1,472100
AP205,20220218,20220218,112619500,11:26:20,9445,132350,168192,12496487000,1,1,94420
AP205,20220218,20220218,112620000,11:26:20,9443,132356,168189,12497053520,6,-3,566520
AP205,20220218,20220218,112620500,11:26:20,9443,132356,168189,12497053520,0,0,0
AP205,20220218,20220218,112621000,11:26:21,9443,132370,168181,12498375400,14,-8,1321880
AP205,20220218,20220218,112621500,11:26:21,9446,132375,168183,12498847500,5,2,472100
AP205,20220218,20220218,112622000,11:26:22,9446,132384,168189,12499697280,9,6,849780
AP205,20220218,20220218,112622500,11:26:23,9446,132387,168191,12499980540,3,2,283260
AP205,20220218,20220218,112623000,11:26:23,9447,132388,168190,12500074960,1,-1,94420
AP205,20220218,20220218,112624500,11:26:24,9447,132394,168190,12500641480,6,0,566520
AP205,20220218,20220218,112625000,11:26:25,9446,132396,168191,12500830320,2,1,188840
AP205,20220218,20220218,112625500,11:26:25,9446,132398,168193,12501019160,2,2,188840
AP205,20220218,20220218,112626000,11:26:26,9446,132398,168193,12501019160,0,0,0
AP205,20220218,20220218,112626500,11:26:26,9447,132399,168193,12501113580,1,0,94420
AP205,20220218,20220218,112627000,11:26:27,9447,132400,168192,12501208000,1,-1,94420
AP205,20220218,20220218,112628000,11:26:28,9447,132405,168192,12501680100,5,0,472100
AP205,20220218,20220218,112628500,11:26:28,9447,132406,168191,12501774520,1,-1,94420
AP205,20220218,20220218,112629500,11:26:30,9447,132408,168191,12501963360,2,0,188840
AP205,20220218,20220218,112630000,11:26:31,9447,132410,168190,12502152200,2,-1,188840
AP205,20220218,20220218,112631000,11:26:31,9446,132414,168187,12502529880,4,-3,377680
AP205,20220218,20220218,112631500,11:26:32,9447,132419,168182,12503001980,5,-5,472100
AP205,20220218,20220218,112632000,11:26:32,9447,132420,168181,12503096400,1,-1,94420
AP205,20220218,20220218,112632500,11:26:32,9447,132421,168180,12503190820,1,-1,94420
AP205,20220218,20220218,112633000,11:26:33,9447,132423,168178,12503379660,2,-2,188840
AP205,20220218,20220218,112633500,11:26:34,9447,132428,168175,12503851760,5,-3,472100
AP205,20220218,20220218,112634000,11:26:34,9447,132434,168176,12504418280,6,1,566520
AP205,20220218,20220218,112634500,11:26:37,9447,132434,168176,12504418280,0,0,0
AP205,20220218,20220218,112635000,11:26:37,9446,132444,168171,12505362480,10,-5,944200
AP205,20220218,20220218,112637000,11:26:38,9448,132447,168169,12505645740,3,-2,283260
AP205,20220218,20220218,112637500,11:27:10,9448,132454,168165,12506306680,7,-4,660940
AP205,20220218,20220218,112638000,11:27:10,9448,132455,168164,12506401100,1,-1,94420
AP205,20220218,20220218,112638500,11:27:10,9448,132455,168164,12506401100,0,0,0
AP205,20220218,20220218,112653500,11:27:10,9448,132455,168164,12506401100,0,0,0
AP205,20220218,20220218,112654000,11:27:12,9448,132455,168164,12506401100,0,0,0
AP205,20220218,20220218,112709500,11:27:12,9450,132629,168106,12522830180,174,-58,16429080
AP205,20220218,20220218,112710500,11:27:12,9450,132630,168105,12522924600,1,-1,94420
AP205,20220218,20220218,112712000,11:27:12,9450,132631,168104,12523019020,1,-1,94420
AP205,20220218,20220218,112712500,11:27:13,9450,132631,168104,12523019020,0,0,0
AP205,20220218,20220218,112714500,11:27:15,9450,132632,168105,12523113440,1,1,94420
AP205,20220218,20220218,112715000,11:27:15,9450,132634,168107,12523302280,2,2,188840
AP205,20220218,20220218,112716000,11:27:17,9451,132636,168106,12523491120,2,-1,188840
AP205,20220218,20220218,112716500,11:27:17,9451,132638,168106,12523679960,2,0,188840
AP205,20220218,20220218,112717500,11:27:17,9451,132642,168103,12524057640,4,-3,377680
AP205,20220218,20220218,112718000,11:27:18,9451,132642,168103,12524057640,0,0,0
AP205,20220218,20220218,112718500,11:27:19,9449,132644,168103,12524246480,2,0,188840
AP205,20220218,20220218,112719000,11:27:19,9449,132644,168103,12524246480,0,0,0
AP205,20220218,20220218,112719500,11:27:20,9449,132644,168103,12524246480,0,0,0
AP205,20220218,20220218,112720000,11:27:20,9449,132644,168103,12524246480,0,0,0
AP205,20220218,20220218,112720500,11:27:21,9450,132645,168104,12524340900,1,1,94420
AP205,20220218,20220218,112721000,11:27:21,9450,132647,168106,12524529740,2,2,188840
AP205,20220218,20220218,112721500,11:27:22,9450,132649,168106,12524718580,2,0,188840
AP205,20220218,20220218,112722000,11:27:22,9451,132652,168104,12525001840,3,-2,283260
AP205,20220218,20220218,112722500,11:27:23,9450,132654,168106,12525190680,2,2,188840
AP205,20220218,20220218,112723000,11:27:26,9450,132655,168106,12525285100,1,0,94420
AP205,20220218,20220218,112723500,11:27:27,9451,132656,168105,12525379520,1,-1,94420
AP205,20220218,20220218,112726500,11:27:27,9451,132662,168103,12525946040,6,-2,566520
AP205,20220218,20220218,112727000,11:27:27,9450,132665,168102,12526229300,3,-1,283260
AP205,20220218,20220218,112728000,11:27:28,9449,132669,168104,12526606980,4,2,377680
AP205,20220218,20220218,112728500,11:27:28,9449,132670,168104,12526701400,1,0,94420
AP205,20220218,20220218,112730500,11:27:31,9449,132672,168105,12526890240,2,1,188840
AP205,20220218,20220218,112731000,11:27:32,9449,132672,168105,12526890240,0,0,0
AP205,20220218,20220218,112731500,11:27:35,9449,132673,168105,12526984660,1,0,94420
AP205,20220218,20220218,112732000,11:27:35,9449,132673,168105,12526984660,0,0,0
AP205,20220218,20220218,112735000,11:27:36,9450,132675,168106,12527173500,2,1,188840
AP205,20220218,20220218,112736500,11:27:38,9450,132676,168106,12527267920,1,0,94420
AP205,20220218,20220218,112737000,11:27:38,9450,132678,168108,12527456760,2,2,188840
AP205,20220218,20220218,112737500,11:27:38,9450,132679,168108,12527551180,1,0,94420
AP205,20220218,20220218,112738500,11:27:39,9450,132680,168108,12527645600,1,0,94420
AP205,20220218,20220218,112739500,11:27:39,9450,132691,168118,12528684220,11,10,1038620
AP205,20220218,20220218,112740000,11:27:40,9450,132691,168118,12528684220,0,0,0
AP205,20220218,20220218,112740500,11:27:40,9451,132693,168118,12528873060,2,0,188840
AP205,20220218,20220218,112741000,11:27:41,9451,132693,168118,12528873060,0,0,0
AP205,20220218,20220218,112741500,11:27:41,9450,132696,168117,12529156320,3,-1,283260
AP205,20220218,20220218,112742000,11:27:42,9450,132696,168117,12529156320,0,0,0
AP205,20220218,20220218,112742500,11:27:43,9450,132717,168109,12531139140,21,-8,1982820
AP205,20220218,20220218,112743000,11:27:43,9450,132717,168109,12531139140,0,0,0
AP205,20220218,20220218,112743500,11:27:43,9450,132720,168111,12531422400,3,2,283260
AP205,20220218,20220218,112744000,11:27:44,9450,132720,168111,12531422400,0,0,0
AP205,20220218,20220218,112744500,11:27:45,9446,132728,168109,12532177760,8,-2,755360
AP205,20220218,20220218,112745000,11:27:46,9448,132752,168091,12534443840,24,-18,2266080
AP205,20220218,20220218,112745500,11:27:46,9445,132758,168086,12535010360,6,-5,566520
AP205,20220218,20220218,112746000,11:27:46,9447,132789,168072,12537937380,31,-14,2927020
AP205,20220218,20220218,112746500,11:27:47,9447,132790,168072,12538031800,1,0,94420
AP205,20220218,20220218,112747000,11:27:47,9448,132810,168063,12539920200,20,-9,1888400
AP205,20220218,20220218,112747500,11:27:47,9448,132813,168064,12540203460,3,1,283260
AP205,20220218,20220218,112748000,11:27:53,9448,132835,168059,12542280700,22,-5,2077240
AP205,20220218,20220218,112748500,11:27:54,9444,132847,168058,12543413740,12,-1,1133040
AP205,20220218,20220218,112749000,11:27:54,9444,132847,168058,12543413740,0,0,0
AP205,20220218,20220218,112749500,11:27:54,9444,132847,168058,12543413740,0,0,0
AP205,20220218,20220218,112754000,11:27:54,9444,132847,168058,12543413740,0,0,0
AP205,20220218,20220218,112754500,11:27:55,9446,132857,168054,12544357940,10,-4,944200
AP205,20220218,20220218,112755500,11:27:55,9445,132860,168055,12544641200,3,1,283260
AP205,20220218,20220218,112756000,11:27:56,9442,132868,168054,12545396560,8,-1,755360
AP205,20220218,20220218,112756500,11:27:56,9442,132868,168054,12545396560,0,0,0
AP205,20220218,20220218,112757000,11:27:57,9445,132871,168054,12545679820,3,0,283260
AP205,20220218,20220218,112757500,11:27:57,9444,132875,168052,12546057500,4,-2,377680
AP205,20220218,20220218,112758500,11:27:59,9444,132875,168052,12546057500,0,0,0
AP205,20220218,20220218,112759000,11:27:59,9444,132875,168052,12546057500,0,0,0
AP205,20220218,20220218,112759500,11:27:59,9445,132883,168049,12546812860,8,-3,755360
AP205,20220218,20220218,112800000,11:28:01,9446,132896,168055,12548040320,13,6,1227460
AP205,20220218,20220218,112800500,11:28:01,9446,132897,168055,12548134740,1,0,94420
AP205,20220218,20220218,112801000,11:28:01,9446,132899,168056,12548323580,2,1,188840
AP205,20220218,20220218,112801500,11:28:02,9446,132902,168057,12548606840,3,1,283260
AP205,20220218,20220218,112802000,11:28:03,9448,132903,168057,12548701260,1,0,94420
AP205,20220218,20220218,112803000,11:28:04,9448,132903,168057,12548701260,0,0,0
AP205,20220218,20220218,112803500,11:28:04,9448,132904,168057,12548795680,1,0,94420
AP205,20220218,20220218,112804000,11:28:04,9448,132905,168058,12548890100,1,1,94420
AP205,20220218,20220218,112804500,11:28:05,9448,132907,168057,12549078940,2,-1,188840
AP205,20220218,20220218,112805000,11:28:06,9448,132907,168057,12549078940,0,0,0
AP205,20220218,20220218,112805500,11:28:06,9449,132910,168057,12549362200,3,0,283260
AP205,20220218,20220218,112806000,11:28:10,9449,132910,168057,12549362200,0,0,0
AP205,20220218,20220218,112806500,11:28:10,9449,132910,168057,12549362200,0,0,0
AP205,20220218,20220218,112807500,11:28:11,9446,132911,168058,12549456620,1,1,94420
AP205,20220218,20220218,112810000,11:28:11,9446,132916,168059,12549928720,5,1,472100
AP205,20220218,20220218,112810500,11:28:11,9448,132917,168059,12550023140,1,0,94420
AP205,20220218,20220218,112813000,11:28:13,9446,132919,168059,12550211980,2,0,188840
AP205,20220218,20220218,112813500,11:28:13,9448,132921,168059,12550400820,2,0,188840
AP205,20220218,20220218,112814000,11:28:14,9448,132921,168059,12550400820,0,0,0
AP205,20220218,20220218,112814500,11:28:14,9448,132928,168062,12551061760,7,3,660940
AP205,20220218,20220218,112815000,11:28:15,9448,132929,168063,12551156180,1,1,94420
AP205,20220218,20220218,112817000,11:28:17,9449,132931,168063,12551345020,2,0,188840
AP205,20220218,20220218,112817500,11:28:17,9449,132932,168063,12551439440,1,0,94420
AP205,20220218,20220218,112818500,11:28:18,9448,132936,168063,12551817120,4,0,377680
AP205,20220218,20220218,112819000,11:28:19,9448,132936,168063,12551817120,0,0,0
AP205,20220218,20220218,112819500,11:28:19,9450,132937,168062,12551911540,1,-1,94420
AP205,20220218,20220218,112820000,11:28:20,9450,132937,168062,12551911540,0,0,0
AP205,20220218,20220218,112821500,11:28:22,9450,132939,168060,12552100380,2,-2,188840
AP205,20220218,20220218,112822500,11:28:22,9448,132940,168061,12552194800,1,1,94420
AP205,20220218,20220218,112823000,11:28:23,9450,132943,168060,12552478060,3,-1,283260
AP205,20220218,20220218,112823500,11:28:23,9450,132943,168060,12552478060,0,0,0
AP205,20220218,20220218,112824000,11:28:24,9450,132945,168058,12552666900,2,-2,188840
AP205,20220218,20220218,112824500,11:28:24,9450,132945,168058,12552666900,0,0,0
AP205,20220218,20220218,112825000,11:28:25,9447,132950,168063,12553139000,5,5,472100
AP205,20220218,20220218,112825500,11:28:25,9449,132953,168066,12553422260,3,3,283260
AP205,20220218,20220218,112826000,11:28:26,9450,132955,168065,12553611100,2,-1,188840
AP205,20220218,20220218,112826500,11:28:27,9450,132962,168066,12554272040,7,1,660940
AP205,20220218,20220218,112827000,11:28:27,9450,132963,168066,12554366460,1,0,94420
AP205,20220218,20220218,112829000,11:28:29,9449,132965,168064,12554555300,2,-2,188840
AP205,20220218,20220218,112829500,11:28:29,9450,132976,168056,12555593920,11,-8,1038620
AP205,20220218,20220218,112830500,11:28:31,9450,132976,168056,12555593920,0,0,0
AP205,20220218,20220218,112831500,11:28:31,9451,132977,168056,12555688340,1,0,94420
AP205,20220218,20220218,112832000,11:28:32,9450,132981,168056,12556066020,4,0,377680
AP205,20220218,20220218,112832500,11:28:33,9449,132993,168057,12557199060,12,1,1133040
AP205,20220218,20220218,112833000,11:28:33,9449,132994,168057,12557293480,1,0,94420
AP205,20220218,20220218,112833500,11:28:34,9449,132995,168057,12557387900,1,0,94420
AP205,20220218,20220218,112834500,11:28:34,9449,132997,168057,12557576740,2,0,188840
AP205,20220218,20220218,112835000,11:28:35,9451,133001,168055,12557954420,4,-2,377680
AP205,20220218,20220218,112835500,11:28:36,9451,133003,168053,12558143260,2,-2,188840
AP205,20220218,20220218,112836000,11:28:37,9451,133006,168050,12558426520,3,-3,283260
AP205,20220218,20220218,112837000,11:28:37,9452,133008,168049,12558615360,2,-1,188840
AP205,20220218,20220218,112837500,11:28:38,9452,133018,168047,12559559560,10,-2,944200
AP205,20220218,20220218,112838000,11:28:38,9452,133024,168046,12560126080,6,-1,566520
AP205,20220218,20220218,112838500,11:28:38,9454,133028,168047,12560503760,4,1,377680
AP205,20220218,20220218,112840000,11:28:40,9452,133030,168046,12560692600,2,-1,188840
AP205,20220218,20220218,112840500,11:28:40,9454,133032,168044,12560881440,2,-2,188840
AP205,20220218,20220218,112841000,11:28:41,9454,133034,168042,12561070280,2,-2,188840
AP205,20220218,20220218,112841500,11:28:41,9454,133035,168042,12561164700,1,0,94420
AP205,20220218,20220218,112842500,11:28:42,9452,133036,168042,12561259120,1,0,94420
AP205,20220218,20220218,112843000,11:28:43,9455,133042,168037,12561825640,6,-5,566520
AP205,20220218,20220218,112843500,11:28:44,9454,133050,168035,12562581000,8,-2,755360
AP205,20220218,20220218,112844000,11:28:44,9456,133051,168034,12562675420,1,-1,94420
AP205,20220218,20220218,112844500,11:28:44,9454,133054,168035,12562958680,3,1,283260
AP205,20220218,20220218,112845000,11:28:45,9455,133057,168035,12563241940,3,0,283260
AP205,20220218,20220218,112845500,11:28:45,9455,133058,168035,12563336360,1,0,94420
AP205,20220218,20220218,112846000,11:28:46,9455,133059,168035,12563430780,1,0,94420
AP205,20220218,20220218,112846500,11:28:46,9455,133059,168035,12563430780,0,0,0
AP205,20220218,20220218,112847000,11:28:47,9455,133062,168035,12563714040,3,0,283260
AP205,20220218,20220218,112847500,11:28:47,9455,133062,168035,12563714040,0,0,0
AP205,20220218,20220218,112848000,11:28:48,9455,133064,168036,12563902880,2,1,188840
AP205,20220218,20220218,112848500,11:28:48,9454,133065,168036,12563997300,1,0,94420
AP205,20220218,20220218,112849000,11:28:49,9454,133067,168037,12564186140,2,1,188840
AP205,20220218,20220218,112849500,11:28:50,9456,133073,168037,12564752660,6,0,566520
AP205,20220218,20220218,112850000,11:28:50,9456,133073,168037,12564752660,0,0,0
AP205,20220218,20220218,112850500,11:28:50,9456,133073,168037,12564752660,0,0,0
AP205,20220218,20220218,112851000,11:28:51,9456,133081,168036,12565508020,8,-1,755360
AP205,20220218,20220218,112851500,11:28:51,9456,133082,168036,12565602440,1,0,94420
AP205,20220218,20220218,112852000,11:28:52,9455,133084,168036,12565791280,2,0,188840
AP205,20220218,20220218,112852500,11:28:53,9455,133084,168036,12565791280,0,0,0
AP205,20220218,20220218,112853000,11:28:54,9456,133088,168036,12566168960,4,0,377680
AP205,20220218,20220218,112853500,11:28:54,9457,133093,168035,12566641060,5,-1,472100
AP205,20220218,20220218,112854000,11:28:54,9457,133094,168034,12566735480,1,-1,94420
AP205,20220218,20220218,112854500,11:28:54,9456,133102,168034,12567490840,8,0,755360
AP205,20220218,20220218,112855500,11:28:56,9457,133105,168032,12567774100,3,-2,283260
AP205,20220218,20220218,112856000,11:28:56,9456,133112,168031,12568435040,7,-1,660940
AP205,20220218,20220218,112856500,11:28:56,9456,133112,168031,12568435040,0,0,0
AP205,20220218,20220218,112857000,11:28:57,9457,133116,168029,12568812720,4,-2,377680
AP205,20220218,20220218,112857500,11:28:58,9455,133124,168022,12569568080,8,-7,755360
AP205,20220218,20220218,112858000,11:28:58,9457,133134,168012,12570512280,10,-10,944200
AP205,20220218,20220218,112858500,11:28:59,9457,133142,168008,12571267640,8,-4,755360
AP205,20220218,20220218,112859000,11:28:59,9457,133143,168008,12571362060,1,0,94420
AP205,20220218,20220218,112900000,11:29:00,9457,133148,168007,12571834160,5,-1,472100
AP205,20220218,20220218,112900500,11:29:01,9458,133149,168006,12571928580,1,-1,94420
AP205,20220218,20220218,112901000,11:29:01,9457,133154,168005,12572400680,5,-1,472100
AP205,20220218,20220218,112901500,11:29:02,9458,133157,168006,12572683940,3,1,283260
AP205,20220218,20220218,112902000,11:29:02,9458,133160,168009,12572967200,3,3,283260
AP205,20220218,20220218,112902500,11:29:03,9458,133162,168011,12573156040,2,2,188840
AP205,20220218,20220218,112903000,11:29:03,9460,133169,168016,12573816980,7,5,660940
AP205,20220218,20220218,112903500,11:29:04,9460,133173,168015,12574194660,4,-1,377680
AP205,20220218,20220218,112904000,11:29:04,9460,133178,168015,12574666760,5,0,472100
AP205,20220218,20220218,112904500,11:29:04,9460,133183,168012,12575138860,5,-3,472100
AP205,20220218,20220218,112905000,11:29:05,9460,133184,168012,12575233280,1,0,94420
AP205,20220218,20220218,112905500,11:29:06,9462,133188,168011,12575610960,4,-1,377680
AP205,20220218,20220218,112906000,11:29:06,9462,133192,168009,12575988640,4,-2,377680
AP205,20220218,20220218,112906500,11:29:06,9461,133193,168010,12576083060,1,1,94420
AP205,20220218,20220218,112907000,11:29:07,9463,133195,168010,12576271900,2,0,188840
AP205,20220218,20220218,112907500,11:29:08,9461,133196,168011,12576366320,1,1,94420
AP205,20220218,20220218,112908000,11:29:08,9463,133199,168010,12576649580,3,-1,283260
AP205,20220218,20220218,112908500,11:29:08,9463,133204,168013,12577121680,5,3,472100
AP205,20220218,20220218,112909000,11:29:09,9462,133205,168014,12577216100,1,1,94420
AP205,20220218,20220218,112909500,11:29:09,9461,133206,168015,12577310520,1,1,94420
AP205,20220218,20220218,112910000,11:29:10,9462,133212,168013,12577877040,6,-2,566520
AP205,20220218,20220218,112910500,11:29:10,9460,133215,168010,12578160300,3,-3,283260
AP205,20220218,20220218,112911500,11:29:12,9460,133215,168010,12578160300,0,0,0
AP205,20220218,20220218,112912000,11:29:12,9462,133216,168011,12578254720,1,1,94420
AP205,20220218,20220218,112912500,11:29:12,9460,133217,168011,12578349140,1,0,94420
AP205,20220218,20220218,112913000,11:29:13,9462,133219,168012,12578537980,2,1,188840
AP205,20220218,20220218,112913500,11:29:14,9462,133221,168013,12578726820,2,1,188840
AP205,20220218,20220218,112914500,11:29:14,9462,133222,168013,12578821240,1,0,94420
AP205,20220218,20220218,112915000,11:29:15,9462,133223,168014,12578915660,1,1,94420
AP205,20220218,20220218,112915500,11:29:16,9462,133223,168014,12578915660,0,0,0
AP205,20220218,20220218,112916000,11:29:16,9462,133223,168014,12578915660,0,0,0
AP205,20220218,20220218,112916500,11:29:17,9462,133223,168014,12578915660,0,0,0
AP205,20220218,20220218,112917000,11:29:20,9462,133224,168014,12579010080,1,0,94420
AP205,20220218,20220218,112917500,11:29:21,9462,133228,168016,12579387760,4,2,377680
AP205,20220218,20220218,112918000,11:29:21,9462,133228,168016,12579387760,0,0,0
AP205,20220218,20220218,112920500,11:29:21,9462,133228,168016,12579387760,0,0,0
AP205,20220218,20220218,112921000,11:29:22,9460,133234,168021,12579954280,6,5,566520
AP205,20220218,20220218,112922000,11:29:24,9461,133235,168022,12580048700,1,1,94420
AP205,20220218,20220218,112922500,11:29:24,9462,133236,168023,12580143120,1,1,94420
AP205,20220218,20220218,112923000,11:29:24,9461,133239,168026,12580426380,3,3,283260
AP205,20220218,20220218,112924000,11:29:24,9460,133247,168026,12581181740,8,0,755360
AP205,20220218,20220218,112924500,11:29:24,9461,133252,168025,12581653840,5,-1,472100
AP205,20220218,20220218,112925000,11:29:25,9461,133252,168025,12581653840,0,0,0
AP205,20220218,20220218,112925500,11:29:25,9460,133259,168025,12582314780,7,0,660940
AP205,20220218,20220218,112926500,11:29:26,9460,133260,168025,12582409200,1,0,94420
AP205,20220218,20220218,112927000,11:29:27,9460,133266,168023,12582975720,6,-2,566520
AP205,20220218,20220218,112927500,11:29:27,9460,133266,168023,12582975720,0,0,0
AP205,20220218,20220218,112928000,11:29:28,9461,133267,168023,12583070140,1,0,94420
AP205,20220218,20220218,112929000,11:29:29,9460,133269,168024,12583258980,2,1,188840
AP205,20220218,20220218,112929500,11:29:29,9460,133269,168024,12583258980,0,0,0
AP205,20220218,20220218,112930500,11:29:30,9458,133272,168027,12583542240,3,3,283260
AP205,20220218,20220218,112931000,11:29:32,9458,133277,168028,12584014340,5,1,472100
AP205,20220218,20220218,112931500,11:29:32,9458,133286,168037,12584864120,9,9,849780
AP205,20220218,20220218,112932000,11:29:36,9460,133287,168038,12584958540,1,1,94420
AP205,20220218,20220218,112933000,11:29:37,9460,133288,168039,12585052960,1,1,94420
AP205,20220218,20220218,112933500,11:29:38,9460,133289,168040,12585147380,1,1,94420
AP205,20220218,20220218,112936500,11:29:38,9460,133289,168040,12585147380,0,0,0
AP205,20220218,20220218,112937000,11:29:38,9458,133319,168058,12587979980,30,18,2832600
AP205,20220218,20220218,112937500,11:29:38,9458,133321,168060,12588168820,2,2,188840
AP205,20220218,20220218,112938000,11:29:38,9457,133322,168061,12588263240,1,1,94420
AP205,20220218,20220218,112939000,11:29:39,9457,133322,168061,12588263240,0,0,0
AP205,20220218,20220218,112939500,11:29:40,9457,133325,168062,12588546500,3,1,283260
AP205,20220218,20220218,112940000,11:29:40,9458,133329,168061,12588924180,4,-1,377680
AP205,20220218,20220218,112940500,11:29:40,9458,133329,168061,12588924180,0,0,0
AP205,20220218,20220218,112941500,11:29:42,9459,133331,168059,12589113020,2,-2,188840
AP205,20220218,20220218,112942500,11:29:44,9458,133333,168057,12589301860,2,-2,188840
AP205,20220218,20220218,112943500,11:29:45,9459,133335,168057,12589490700,2,0,188840
AP205,20220218,20220218,112944000,11:29:45,9459,133335,168057,12589490700,0,0,0
AP205,20220218,20220218,112945000,11:29:46,9459,133335,168057,12589490700,0,0,0
AP205,20220218,20220218,112945500,11:29:46,9459,133336,168057,12589585120,1,0,94420
AP205,20220218,20220218,112946000,11:29:46,9460,133338,168058,12589773960,2,1,188840
AP205,20220218,20220218,112946500,11:29:47,9460,133340,168057,12589962800,2,-1,188840
AP205,20220218,20220218,112947500,11:29:48,9460,133341,168056,12590057220,1,-1,94420
AP205,20220218,20220218,112948000,11:29:48,9460,133343,168054,12590246060,2,-2,188840
AP205,20220218,20220218,112948500,11:29:49,9460,133343,168054,12590246060,0,0,0
AP205,20220218,20220218,112949000,11:29:50,9460,133344,168054,12590340480,1,0,94420
AP205,20220218,20220218,112949500,11:29:50,9460,133345,168055,12590434900,1,1,94420
AP205,20220218,20220218,112950000,11:29:51,9460,133346,168056,12590529320,1,1,94420
AP205,20220218,20220218,112950500,11:29:51,9460,133348,168056,12590718160,2,0,188840
AP205,20220218,20220218,112951500,11:29:52,9460,133366,168058,12592417720,18,2,1699560
AP205,20220218,20220218,112952000,11:29:52,9461,133374,168055,12593173080,8,-3,755360
AP205,20220218,20220218,112952500,11:29:53,9461,133374,168055,12593173080,0,0,0
AP205,20220218,20220218,112954000,11:29:54,9460,133382,168059,12593928440,8,4,755360
AP205,20220218,20220218,112954500,11:29:54,9461,133386,168059,12594306120,4,0,377680
AP205,20220218,20220218,112955000,11:29:55,9461,133395,168060,12595155900,9,1,849780
AP205,20220218,20220218,112955500,11:29:55,9461,133395,168060,12595155900,0,0,0
AP205,20220218,20220218,112956000,11:29:56,9460,133400,168063,12595628000,5,3,472100
AP205,20220218,20220218,112956500,11:30:00,9462,133402,168061,12595816840,2,-2,188840
AP205,20220218,20220218,112957000,11:30:00,9462,133403,168061,12595911260,1,0,94420
AP205,20220218,20220218,112957500,11:30:02,9462,133405,168062,12596100100,2,1,188840
AP205,20220218,20220218,112959500,11:30:02,9462,133411,168066,12596666620,6,4,566520
AP205,20220218,20220218,113000000,11:30:03,9461,133413,168066,12596855460,2,0,188840
AP205,20220218,20220218,113000500,11:30:03,9461,133413,168066,12596855460,0,0,0
AP205,20220218,20220218,133001000,13:30:01,9463,133454,168063,12600726680,41,-3,3871220
AP205,20220218,20220218,133001500,13:30:02,9463,133465,168067,12601765300,11,4,1038620
AP205,20220218,20220218,133002000,13:30:08,9462,133499,168094,12604975580,34,27,3210280
AP205,20220218,20220218,133002500,13:30:10,9465,133510,168105,12606014200,11,11,1038620
AP205,20220218,20220218,133008000,13:30:10,9465,133579,168129,12612529180,69,24,6514980
AP205,20220218,20220218,133009500,13:30:10,9464,133581,168130,12612718020,2,1,188840
AP205,20220218,20220218,133010500,13:30:12,9466,133582,168130,12612812440,1,0,94420
AP205,20220218,20220218,133011000,13:30:12,9467,133610,168139,12615456200,28,9,2643760
AP205,20220218,20220218,133011500,13:30:13,9470,133644,168155,12618666480,34,16,3210280
AP205,20220218,20220218,133012500,13:30:13,9474,133837,168270,12636889540,193,115,18223060
AP205,20220218,20220218,133013000,13:30:13,9468,133872,168284,12640194240,35,14,3304700
AP205,20220218,20220218,133013500,13:30:14,9468,133891,168294,12641988220,19,10,1793980
AP205,20220218,20220218,133014000,13:30:15,9472,133893,168294,12642177060,2,0,188840
AP205,20220218,20220218,133014500,13:30:16,9469,133894,168295,12642271480,1,1,94420
AP205,20220218,20220218,133015000,13:30:17,9468,133900,168296,12642838000,6,1,566520
AP205,20220218,20220218,133016500,13:30:18,9470,133903,168299,12643121260,3,3,283260
AP205,20220218,20220218,133017000,13:30:18,9470,133904,168300,12643215680,1,1,94420
AP205,20220218,20220218,133017500,13:30:18,9470,133905,168301,12643310100,1,1,94420
AP205,20220218,20220218,133018000,13:30:19,9471,133911,168300,12643876620,6,-1,566520
AP205,20220218,20220218,133018500,13:30:20,9470,133913,168300,12644065460,2,0,188840
AP205,20220218,20220218,133019000,13:30:20,9472,133920,168299,12644726400,7,-1,660940
AP205,20220218,20220218,133019500,13:30:20,9470,133922,168301,12644915240,2,2,188840
AP205,20220218,20220218,133020000,13:30:21,9471,133926,168303,12645292920,4,2,377680
AP205,20220218,20220218,133020500,13:30:21,9471,133926,168303,12645292920,0,0,0
AP205,20220218,20220218,133021000,13:30:21,9471,133931,168307,12645765020,5,4,472100
AP205,20220218,20220218,133021500,13:30:22,9471,133952,168319,12647747840,21,12,1982820
AP205,20220218,20220218,133022000,13:30:38,9471,133957,168320,12648219940,5,1,472100
AP205,20220218,20220218,133022500,13:30:38,9471,133983,168322,12650674860,26,2,2454920
AP205,20220218,20220218,133023000,13:30:39,9472,133984,168322,12650769280,1,0,94420
AP205,20220218,20220218,133038000,13:30:40,9472,133984,168322,12650769280,0,0,0
AP205,20220218,20220218,133038500,13:30:42,9471,134083,168367,12660116860,99,45,9347580
AP205,20220218,20220218,133040500,13:30:42,9472,134088,168371,12660588960,5,4,472100
AP205,20220218,20220218,133041000,13:30:43,9471,134093,168375,12661061060,5,4,472100
AP205,20220218,20220218,133042500,13:30:44,9471,134105,168385,12662194100,12,10,1133040
AP205,20220218,20220218,133043500,13:30:44,9471,134106,168386,12662288520,1,1,94420
AP205,20220218,20220218,133044500,13:30:45,9472,134131,168399,12664649020,25,13,2360500
AP205,20220218,20220218,133045000,13:30:46,9470,134133,168398,12664837860,2,-1,188840
AP205,20220218,20220218,133045500,13:30:47,9472,134135,168400,12665026700,2,2,188840
AP205,20220218,20220218,133046000,13:30:47,9472,134135,168400,12665026700,0,0,0
AP205,20220218,20220218,133046500,13:30:47,9472,134139,168400,12665404380,4,0,377680
AP205,20220218,20220218,133047000,13:30:48,9472,134139,168400,12665404380,0,0,0
AP205,20220218,20220218,133047500,13:30:48,9472,134142,168402,12665687640,3,2,283260
AP205,20220218,20220218,133048000,13:30:48,9473,134146,168403,12666065320,4,1,377680
AP205,20220218,20220218,133048500,13:30:49,9470,134160,168405,12667387200,14,2,1321880
AP205,20220218,20220218,133049000,13:30:50,9470,134161,168405,12667481620,1,0,94420
AP205,20220218,20220218,133049500,13:30:50,9468,134176,168415,12668897920,15,10,1416300
AP205,20220218,20220218,133050000,13:30:51,9472,134179,168417,12669181180,3,2,283260
AP205,20220218,20220218,133051000,13:30:52,9470,134180,168418,12669275600,1,1,94420
AP205,20220218,20220218,133051500,13:30:52,9469,134182,168418,12669464440,2,0,188840
AP205,20220218,20220218,133052000,13:30:53,9469,134184,168420,12669653280,2,2,188840
AP205,20220218,20220218,133052500,13:30:53,9469,134187,168423,12669936540,3,3,283260
AP205,20220218,20220218,133053000,13:30:54,9469,134188,168424,12670030960,1,1,94420
AP205,20220218,20220218,133053500,13:30:54,9469,134195,168430,12670691900,7,6,660940
AP205,20220218,20220218,133054000,13:30:54,9469,134196,168431,12670786320,1,1,94420
AP205,20220218,20220218,133054500,13:30:55,9469,134199,168432,12671069580,3,1,283260
AP205,20220218,20220218,133055000,13:30:56,9471,134201,168434,12671258420,2,2,188840
AP205,20220218,20220218,133055500,13:30:56,9471,134201,168434,12671258420,0,0,0
AP205,20220218,20220218,133056500,13:30:57,9470,134202,168433,12671352840,1,-1,94420
AP205,20220218,20220218,133057000,13:30:57,9469,134203,168434,12671447260,1,1,94420
AP205,20220218,20220218,133058500,13:30:59,9469,134204,168434,12671541680,1,0,94420
AP205,20220218,20220218,133059000,13:30:59,9470,134205,168434,12671636100,1,0,94420
AP205,20220218,20220218,133059500,13:30:59,9470,134205,168434,12671636100,0,0,0
AP205,20220218,20220218,133100000,13:31:00,9468,134207,168435,12671824940,2,1,188840
AP205,20220218,20220218,133100500,13:31:01,9468,134209,168435,12672013780,2,0,188840
AP205,20220218,20220218,133101000,13:31:01,9470,134216,168440,12672674720,7,5,660940
AP205,20220218,20220218,133101500,13:31:01,9470,134216,168440,12672674720,0,0,0
AP205,20220218,20220218,133102000,13:31:02,9469,134219,168442,12672957980,3,2,283260
AP205,20220218,20220218,133102500,13:31:02,9469,134234,168435,12674374280,15,-7,1416300
AP205,20220218,20220218,133103000,13:31:03,9469,134236,168435,12674563120,2,0,188840
AP205,20220218,20220218,133103500,13:31:04,9473,134273,168451,12678056660,37,16,3493540
AP205,20220218,20220218,133104500,13:31:06,9473,134283,168456,12679000860,10,5,944200
AP205,20220218,20220218,133105500,13:31:07,9472,134287,168459,12679378540,4,3,377680
AP205,20220218,20220218,133106000,13:31:08,9472,134287,168459,12679378540,0,0,0
AP205,20220218,20220218,133107500,13:31:08,9470,134292,168454,12679850640,5,-5,472100
AP205,20220218,20220218,133108500,13:31:09,9470,134293,168454,12679945060,1,0,94420
AP205,20220218,20220218,133109000,13:31:09,9470,134293,168454,12679945060,0,0,0
AP205,20220218,20220218,133109500,13:31:10,9469,134294,168454,12680039480,1,0,94420
AP205,20220218,20220218,133110500,13:31:11,9470,134295,168455,12680133900,1,1,94420
AP205,20220218,20220218,133111000,13:31:11,9470,134296,168456,12680228320,1,1,94420
AP205,20220218,20220218,133111500,13:31:12,9471,134297,168457,12680322740,1,1,94420
AP205,20220218,20220218,133112000,13:31:13,9471,134297,168457,12680322740,0,0,0
AP205,20220218,20220218,133112500,13:31:13,9471,134298,168458,12680417160,1,1,94420
AP205,20220218,20220218,133113000,13:31:13,9470,134299,168459,12680511580,1,1,94420
AP205,20220218,20220218,133113500,13:31:14,9470,134300,168460,12680606000,1,1,94420
AP205,20220218,20220218,133114000,13:31:15,9468,134322,168479,12682683240,22,19,2077240
AP205,20220218,20220218,133114500,13:31:15,9470,134327,168480,12683155340,5,1,472100
AP205,20220218,20220218,133115000,13:31:15,9470,134327,168480,12683155340,0,0,0
AP205,20220218,20220218,133116500,13:31:17,9470,134327,168480,12683155340,0,0,0
AP205,20220218,20220218,133117000,13:31:17,9469,134329,168480,12683344180,2,0,188840
AP205,20220218,20220218,133117500,13:31:18,9469,134329,168480,12683344180,0,0,0
AP205,20220218,20220218,133118000,13:31:18,9469,134329,168480,12683344180,0,0,0
AP205,20220218,20220218,133118500,13:31:19,9469,134330,168481,12683438600,1,1,94420
AP205,20220218,20220218,133119000,13:31:19,9469,134330,168481,12683438600,0,0,0
AP205,20220218,20220218,133119500,13:31:20,9468,134334,168480,12683816280,4,-1,377680
AP205,20220218,20220218,133120000,13:31:20,9469,134336,168481,12684005120,2,1,188840
AP205,20220218,20220218,133120500,13:31:21,9469,134336,168481,12684005120,0,0,0
AP205,20220218,20220218,133121000,13:31:21,9469,134337,168482,12684099540,1,1,94420
AP205,20220218,20220218,133121500,13:31:22,9467,134339,168484,12684288380,2,2,188840
AP205,20220218,20220218,133123500,13:31:25,9467,134340,168485,12684382800,1,1,94420
AP205,20220218,20220218,133124000,13:31:25,9467,134341,168485,12684477220,1,0,94420
AP205,20220218,20220218,133124500,13:31:25,9467,134342,168486,12684571640,1,1,94420
AP205,20220218,20220218,133156000,13:31:56,9468,134343,168487,12684666060,1,1,94420
AP205,20220218,20220218,133158000,13:31:58,9468,134343,168487,12684666060,0,0,0
AP205,20220218,20220218,133159500,13:32:00,9466,134477,168521,12697318340,134,34,12652280
AP205,20220218,20220218,133200000,13:32:00,9465,134486,168515,12698168120,9,-6,849780
AP205,20220218,20220218,133200500,13:32:01,9467,134490,168519,12698545800,4,4,377680
AP205,20220218,20220218,133201000,13:32:01,9467,134495,168519,12699017900,5,0,472100
AP205,20220218,20220218,133201500,13:32:01,9468,134498,168519,12699301160,3,0,283260
AP205,20220218,20220218,133202000,13:32:03,9468,134498,168519,12699301160,0,0,0
AP205,20220218,20220218,133202500,13:32:04,9468,134503,168520,12699773260,5,1,472100
AP205,20220218,20220218,133203000,13:32:05,9468,134503,168520,12699773260,0,0,0
AP205,20220218,20220218,133203500,13:32:05,9468,134503,168520,12699773260,0,0,0
AP205,20220218,20220218,133205000,13:32:05,9467,134507,168521,12700150940,4,1,377680
AP205,20220218,20220218,133205500,13:32:06,9468,134510,168524,12700434200,3,3,283260
AP205,20220218,20220218,133206000,13:32:07,9468,134510,168524,12700434200,0,0,0
AP205,20220218,20220218,133206500,13:32:07,9468,134510,168524,12700434200,0,0,0
AP205,20220218,20220218,133207000,13:32:07,9467,134513,168525,12700717460,3,1,283260
AP205,20220218,20220218,133207500,13:32:07,9468,134517,168528,12701095140,4,3,377680
AP205,20220218,20220218,133208000,13:32:09,9468,134517,168528,12701095140,0,0,0
AP205,20220218,20220218,133208500,13:32:10,9468,134517,168528,12701095140,0,0,0
AP205,20220218,20220218,133209000,13:32:10,9466,134519,168526,12701283980,2,-2,188840
AP205,20220218,20220218,133209500,13:32:10,9466,134519,168526,12701283980,0,0,0
AP205,20220218,20220218,133210500,13:32:13,9466,134528,168527,12702133760,9,1,849780
AP205,20220218,20220218,133211000,13:32:14,9465,134529,168528,12702228180,1,1,94420
AP205,20220218,20220218,133213000,13:32:15,9465,134529,168528,12702228180,0,0,0
AP205,20220218,20220218,133214000,13:32:15,9466,134535,168529,12702794700,6,1,566520
AP205,20220218,20220218,133215000,13:32:16,9465,134536,168530,12702889120,1,1,94420
AP205,20220218,20220218,133216000,13:32:17,9466,134546,168540,12703833320,10,10,944200
AP205,20220218,20220218,133216500,13:32:17,9464,134547,168540,12703927740,1,0,94420
AP205,20220218,20220218,133217500,13:32:18,9466,134548,168540,12704022160,1,0,94420
AP205,20220218,20220218,133218000,13:32:18,9466,134551,168540,12704305420,3,0,283260
AP205,20220218,20220218,133218500,13:32:19,9464,134554,168541,12704588680,3,1,283260
AP205,20220218,20220218,133219000,13:32:20,9464,134554,168541,12704588680,0,0,0
AP205,20220218,20220218,133219500,13:32:20,9464,134555,168541,12704683100,1,0,94420
AP205,20220218,20220218,133220000,13:32:20,9464,134555,168541,12704683100,0,0,0
AP205,20220218,20220218,133220500,13:32:21,9464,134555,168541,12704683100,0,0,0
AP205,20220218,20220218,133221000,13:32:21,9464,134556,168542,12704777520,1,1,94420
AP205,20220218,20220218,133222000,13:32:22,9464,134556,168542,12704777520,0,0,0
AP205,20220218,20220218,133222500,13:32:23,9466,134559,168543,12705060780,3,1,283260
AP205,20220218,20220218,133223000,13:32:24,9465,134560,168544,12705155200,1,1,94420
AP205,20220218,20220218,133223500,13:32:24,9465,134560,168544,12705155200,0,0,0
AP205,20220218,20220218,133224000,13:32:24,9464,134561,168544,12705249620,1,0,94420
AP205,20220218,20220218,133224500,13:32:25,9464,134563,168544,12705438460,2,0,188840
AP205,20220218,20220218,133226500,13:32:27,9463,134568,168545,12705910560,5,1,472100
AP205,20220218,20220218,133227000,13:32:27,9463,134571,168546,12706193820,3,1,283260
AP205,20220218,20220218,133227500,13:32:28,9462,134576,168550,12706665920,5,4,472100
AP205,20220218,20220218,133228000,13:32:32,9462,134577,168551,12706760340,1,1,94420
AP205,20220218,20220218,133228500,13:32:32,9462,134577,168551,12706760340,0,0,0
AP205,20220218,20220218,133229000,13:32:33,9462,134583,168552,12707326860,6,1,566520
AP205,20220218,20220218,133232000,13:32:34,9460,134613,168561,12710159460,30,9,2832600
AP205,20220218,20220218,133232500,13:32:35,9460,134614,168562,12710253880,1,1,94420
AP205,20220218,20220218,133234500,13:32:35,9461,134617,168561,12710537140,3,-1,283260
AP205,20220218,20220218,133235000,13:32:36,9460,134618,168561,12710631560,1,0,94420
AP205,20220218,20220218,133236000,13:32:37,9460,134618,168561,12710631560,0,0,0
AP205,20220218,20220218,133236500,13:32:37,9461,134620,168560,12710820400,2,-1,188840
AP205,20220218,20220218,133239500,13:32:40,9461,134623,168562,12711103660,3,2,283260
AP205,20220218,20220218,133240000,13:32:40,9461,134623,168562,12711103660,0,0,0
AP205,20220218,20220218,133241000,13:32:41,9461,134623,168562,12711103660,0,0,0
AP205,20220218,20220218,133241500,13:32:42,9461,134623,168562,12711103660,0,0,0
AP205,20220218,20220218,133242500,13:32:42,9461,134625,168562,12711292500,2,0,188840
AP205,20220218,20220218,133243000,13:32:43,9460,134627,168562,12711481340,2,0,188840
AP205,20220218,20220218,133243500,13:32:43,9460,134627,168562,12711481340,0,0,0
AP205,20220218,20220218,133244000,13:32:44,9460,134627,168562,12711481340,0,0,0
AP205,20220218,20220218,133244500,13:32:45,9460,134628,168562,12711575760,1,0,94420
AP205,20220218,20220218,133245500,13:32:45,9460,134629,168562,12711670180,1,0,94420
AP205,20220218,20220218,133246000,13:32:47,9461,134632,168562,12711953440,3,0,283260
AP205,20220218,20220218,133246500,13:32:47,9460,134635,168561,12712236700,3,-1,283260
AP205,20220218,20220218,133247000,13:32:47,9460,134641,168557,12712803220,6,-4,566520
AP205,20220218,20220218,133248500,13:32:49,9460,134642,168556,12712897640,1,-1,94420
AP205,20220218,20220218,133249000,13:32:49,9460,134642,168556,12712897640,0,0,0
AP205,20220218,20220218,133249500,13:32:49,9459,134649,168554,12713558580,7,-2,660940
AP205,20220218,20220218,133250000,13:32:51,9458,134652,168554,12713841840,3,0,283260
AP205,20220218,20220218,133250500,13:32:52,9459,134655,168554,12714125100,3,0,283260
AP205,20220218,20220218,133251500,13:32:53,9459,134662,168558,12714786040,7,4,660940
AP205,20220218,20220218,133252500,13:32:53,9459,134662,168558,12714786040,0,0,0
AP205,20220218,20220218,133253000,13:32:53,9459,134662,168558,12714786040,0,0,0
AP205,20220218,20220218,133254000,13:32:54,9459,134663,168558,12714880460,1,0,94420
AP205,20220218,20220218,133255000,13:32:55,9459,134663,168558,12714880460,0,0,0
AP205,20220218,20220218,133256000,13:32:56,9459,134664,168558,12714974880,1,0,94420
AP205,20220218,20220218,133257000,13:32:59,9459,134665,168559,12715069300,1,1,94420
AP205,20220218,20220218,133257500,13:33:00,9459,134693,168548,12717713060,28,-11,2643760
AP205,20220218,20220218,133258000,13:33:00,9459,134697,168544,12718090740,4,-4,377680
AP205,20220218,20220218,133259500,13:33:00,9461,134711,168545,12719412620,14,1,1321880
AP205,20220218,20220218,133300000,13:33:01,9460,134714,168545,12719695880,3,0,283260
AP205,20220218,20220218,133300500,13:33:01,9461,134716,168545,12719884720,2,0,188840
AP205,20220218,20220218,133301000,13:33:02,9461,134722,168549,12720451240,6,4,566520
AP205,20220218,20220218,133301500,13:33:02,9461,134731,168557,12721301020,9,8,849780
AP205,20220218,20220218,133302000,13:33:03,9461,134742,168561,12722339640,11,4,1038620
AP205,20220218,20220218,133302500,13:33:03,9460,134747,168565,12722811740,5,4,472100
AP205,20220218,20220218,133303000,13:33:03,9461,134748,168566,12722906160,1,1,94420
AP205,20220218,20220218,133304500,13:33:05,9461,134754,168572,12723472680,6,6,566520
AP205,20220218,20220218,133305500,13:33:05,9461,134756,168574,12723661520,2,2,188840
AP205,20220218,20220218,133306000,13:33:06,9461,134757,168574,12723755940,1,0,94420
AP205,20220218,20220218,133307000,13:33:07,9461,134757,168574,12723755940,0,0,0
AP205,20220218,20220218,133308500,13:33:09,9461,134757,168574,12723755940,0,0,0
AP205,20220218,20220218,133309000,13:33:09,9461,134757,168574,12723755940,0,0,0
AP205,20220218,20220218,133309500,13:33:11,9462,134765,168577,12724511300,8,3,755360
AP205,20220218,20220218,133310000,13:33:11,9462,134765,168577,12724511300,0,0,0
AP205,20220218,20220218,133312000,13:33:14,9462,134766,168578,12724605720,1,1,94420
AP205,20220218,20220218,133312500,13:33:14,9461,134767,168579,12724700140,1,1,94420
AP205,20220218,20220218,133313000,13:33:14,9461,134768,168580,12724794560,1,1,94420
AP205,20220218,20220218,133314500,13:33:17,9460,134769,168581,12724888980,1,1,94420
AP205,20220218,20220218,133315000,13:33:18,9461,134770,168582,12724983400,1,1,94420
AP205,20220218,20220218,133315500,13:33:18,9462,134771,168583,12725077820,1,1,94420
AP205,20220218,20220218,133317000,13:33:18,9465,134816,168623,12729326720,45,40,4248900
AP205,20220218,20220218,133317500,13:33:19,9465,134820,168622,12729704400,4,-1,377680
AP205,20220218,20220218,133318000,13:33:19,9465,134820,168622,12729704400,0,0,0
AP205,20220218,20220218,133318500,13:33:19,9466,134823,168619,12729987660,3,-3,283260
AP205,20220218,20220218,133319500,13:33:20,9465,134825,168621,12730176500,2,2,188840
AP205,20220218,20220218,133321000,13:33:22,9465,134826,168621,12730270920,1,0,94420
AP205,20220218,20220218,133321500,13:33:22,9465,134831,168617,12730743020,5,-4,472100
AP205,20220218,20220218,133322500,13:33:22,9465,134831,168617,12730743020,0,0,0
AP205,20220218,20220218,133323000,13:33:23,9465,134832,168616,12730837440,1,-1,94420
AP205,20220218,20220218,133323500,13:33:24,9465,134835,168614,12731120700,3,-2,283260
AP205,20220218,20220218,133324000,13:33:24,9465,134837,168612,12731309540,2,-2,188840
AP205,20220218,20220218,133324500,13:33:25,9465,134837,168612,12731309540,0,0,0
AP205,20220218,20220218,133325000,13:33:26,9464,134843,168612,12731876060,6,0,566520
AP205,20220218,20220218,133327000,13:33:29,9462,134845,168611,12732064900,2,-1,188840
AP205,20220218,20220218,133328500,13:33:30,9462,134845,168611,12732064900,0,0,0
AP205,20220218,20220218,133329000,13:33:30,9462,134871,168597,12734519820,26,-14,2454920
AP205,20220218,20220218,133329500,13:33:30,9460,134876,168602,12734991920,5,5,472100
AP205,20220218,20220218,133330000,13:33:30,9460,134877,168602,12735086340,1,0,94420
AP205,20220218,20220218,133330500,13:33:31,9462,134879,168604,12735275180,2,2,188840
AP205,20220218,20220218,133331000,13:33:32,9459,134880,168605,12735369600,1,1,94420
AP205,20220218,20220218,133332500,13:33:33,9459,134880,168605,12735369600,0,0,0
AP205,20220218,20220218,133333000,13:33:33,9459,134880,168605,12735369600,0,0,0
AP205,20220218,20220218,133333500,13:33:33,9459,134881,168605,12735464020,1,0,94420
AP205,20220218,20220218,133334000,13:33:34,9462,134882,168605,12735558440,1,0,94420
AP205,20220218,20220218,133334500,13:33:35,9462,134882,168605,12735558440,0,0,0
AP205,20220218,20220218,133335500,13:33:35,9462,134884,168605,12735747280,2,0,188840
AP205,20220218,20220218,133336000,13:33:36,9463,134889,168604,12736219380,5,-1,472100
AP205,20220218,20220218,133336500,13:33:36,9462,134890,168605,12736313800,1,1,94420
AP205,20220218,20220218,133337000,13:33:37,9460,134892,168605,12736502640,2,0,188840
AP205,20220218,20220218,133337500,13:33:37,9460,134892,168605,12736502640,0,0,0
AP205,20220218,20220218,133338000,13:33:38,9460,134916,168610,12738768720,24,5,2266080
AP205,20220218,20220218,133339000,13:33:39,9460,134917,168610,12738863140,1,0,94420
AP205,20220218,20220218,133339500,13:33:40,9460,134922,168615,12739335240,5,5,472100
AP205,20220218,20220218,133340000,13:33:40,9460,134923,168615,12739429660,1,0,94420
AP205,20220218,20220218,133341500,13:33:42,9462,134924,168615,12739524080,1,0,94420
AP205,20220218,20220218,133342000,13:33:42,9460,134925,168616,12739618500,1,1,94420
AP205,20220218,20220218,133342500,13:33:42,9460,134926,168617,12739712920,1,1,94420
AP205,20220218,20220218,133343000,13:33:43,9460,134926,168617,12739712920,0,0,0
AP205,20220218,20220218,133343500,13:33:44,9460,134926,168617,12739712920,0,0,0
AP205,20220218,20220218,133345000,13:33:45,9460,134926,168617,12739712920,0,0,0
AP205,20220218,20220218,133345500,13:33:46,9460,134927,168617,12739807340,1,0,94420
AP205,20220218,20220218,133346500,13:33:48,9462,134928,168617,12739901760,1,0,94420
AP205,20220218,20220218,133348000,13:33:49,9462,134928,168617,12739901760,0,0,0
AP205,20220218,20220218,133348500,13:33:49,9461,134929,168617,12739996180,1,0,94420
AP205,20220218,20220218,133349000,13:33:50,9462,134931,168619,12740185020,2,2,188840
AP205,20220218,20220218,133349500,13:33:50,9461,134935,168623,12740562700,4,4,377680
AP205,20220218,20220218,133350500,13:33:50,9461,134936,168624,12740657120,1,1,94420
AP205,20220218,20220218,133351000,13:33:51,9463,134937,168624,12740751540,1,0,94420
AP205,20220218,20220218,133352500,13:33:52,9461,134940,168627,12741034800,3,3,283260
AP205,20220218,20220218,133353000,13:33:53,9461,134942,168629,12741223640,2,2,188840
AP205,20220218,20220218,133353500,13:33:53,9461,134942,168629,12741223640,0,0,0
AP205,20220218,20220218,133355000,13:33:56,9461,134943,168629,12741318060,1,0,94420
AP205,20220218,20220218,133356000,13:33:56,9460,134944,168629,12741412480,1,0,94420
AP205,20220218,20220218,133356500,13:33:57,9460,134946,168629,12741601320,2,0,188840
AP205,20220218,20220218,133357000,13:33:58,9460,134946,168629,12741601320,0,0,0
AP205,20220218,20220218,133358000,13:33:58,9460,134947,168629,12741695740,1,0,94420
AP205,20220218,20220218,133358500,13:33:58,9460,134950,168626,12741979000,3,-3,283260
AP205,20220218,20220218,133359000,13:33:59,9460,134953,168629,12742262260,3,3,283260
AP205,20220218,20220218,133359500,13:33:59,9463,134958,168627,12742734360,5,-2,472100
AP205,20220218,20220218,133400000,13:34:00,9463,134963,168631,12743206460,5,4,472100
AP205,20220218,20220218,133400500,13:34:00,9464,134967,168630,12743584140,4,-1,377680
AP205,20220218,20220218,133401000,13:34:01,9464,134967,168630,12743584140,0,0,0
AP205,20220218,20220218,133403000,13:34:10,9463,134973,168631,12744150660,6,1,566520
AP205,20220218,20220218,133410000,13:34:11,9463,135009,168631,12747549780,36,0,3399120
AP205,20220218,20220218,133410500,13:34:12,9465,135010,168632,12747644200,1,1,94420
AP205,20220218,20220218,133411000,13:34:12,9463,135011,168632,12747738620,1,0,94420
AP205,20220218,20220218,133411500,13:34:12,9465,135034,168637,12749910280,23,5,2171660
AP205,20220218,20220218,133412000,13:34:12,9467,135036,168636,12750099120,2,-1,188840
AP205,20220218,20220218,133412500,13:34:13,9464,135041,168633,12750571220,5,-3,472100
AP205,20220218,20220218,133413000,13:34:13,9464,135041,168633,12750571220,0,0,0
AP205,20220218,20220218,133414500,13:34:15,9464,135041,168633,12750571220,0,0,0
AP205,20220218,20220218,133415000,13:34:15,9464,135041,168633,12750571220,0,0,0
AP205,20220218,20220218,133415500,13:34:16,9464,135041,168633,12750571220,0,0,0
AP205,20220218,20220218,133416000,13:34:16,9467,135042,168634,12750665640,1,1,94420
AP205,20220218,20220218,133416500,13:34:16,9467,135043,168635,12750760060,1,1,94420
AP205,20220218,20220218,133417000,13:34:17,9467,135046,168636,12751043320,3,1,283260
AP205,20220218,20220218,133417500,13:34:17,9467,135046,168636,12751043320,0,0,0
AP205,20220218,20220218,133418000,13:34:18,9466,135047,168637,12751137740,1,1,94420
AP205,20220218,20220218,133418500,13:34:19,9465,135048,168638,12751232160,1,1,94420
AP205,20220218,20220218,133420500,13:34:21,9468,135051,168640,12751515420,3,2,283260
AP205,20220218,20220218,133421000,13:34:23,9468,135052,168641,12751609840,1,1,94420
AP205,20220218,20220218,133421500,13:34:23,9468,135052,168641,12751609840,0,0,0
AP205,20220218,20220218,133422000,13:34:24,9468,135052,168641,12751609840,0,0,0
AP205,20220218,20220218,133424500,13:34:24,9468,135058,168640,12752176360,6,-1,566520
AP205,20220218,20220218,133425000,13:34:25,9468,135058,168640,12752176360,0,0,0
AP205,20220218,20220218,133426000,13:34:26,9468,135059,168641,12752270780,1,1,94420
AP205,20220218,20220218,133426500,13:34:26,9467,135067,168644,12753026140,8,3,755360
AP205,20220218,20220218,133427000,13:34:27,9467,135070,168644,12753309400,3,0,283260
AP205,20220218,20220218,133427500,13:34:27,9467,135075,168644,12753781500,5,0,472100
AP205,20220218,20220218,133428000,13:34:28,9467,135075,168644,12753781500,0,0,0
AP205,20220218,20220218,133429000,13:34:29,9469,135078,168646,12754064760,3,2,283260
AP205,20220218,20220218,133429500,13:34:29,9467,135081,168645,12754348020,3,-1,283260
AP205,20220218,20220218,133430000,13:34:30,9467,135085,168645,12754725700,4,0,377680
AP205,20220218,20220218,133431000,13:34:31,9467,135087,168645,12754914540,2,0,188840
AP205,20220218,20220218,133432000,13:34:32,9467,135103,168632,12756425260,16,-13,1510720
AP205,20220218,20220218,133432500,13:34:32,9467,135103,168632,12756425260,0,0,0
AP205,20220218,20220218,133433000,13:34:33,9467,135103,168632,12756425260,0,0,0
AP205,20220218,20220218,133433500,13:34:34,9467,135103,168632,12756425260,0,0,0
AP205,20220218,20220218,133434500,13:34:35,9467,135107,168632,12756802940,4,0,377680
AP205,20220218,20220218,133435000,13:34:35,9467,135107,168632,12756802940,0,0,0
AP205,20220218,20220218,133435500,13:34:36,9466,135108,168633,12756897360,1,1,94420
AP205,20220218,20220218,133436000,13:34:36,9467,135110,168635,12757086200,2,2,188840
AP205,20220218,20220218,133436500,13:34:36,9466,135112,168635,12757275040,2,0,188840
AP205,20220218,20220218,133437000,13:34:37,9466,135119,168640,12757935980,7,5,660940
AP205,20220218,20220218,133437500,13:34:38,9466,135119,168640,12757935980,0,0,0
AP205,20220218,20220218,133439000,13:34:39,9466,135124,168644,12758408080,5,4,472100
AP205,20220218,20220218,133439500,13:34:39,9467,135125,168644,12758502500,1,0,94420
AP205,20220218,20220218,133440500,13:34:41,9467,135125,168644,12758502500,0,0,0
AP205,20220218,20220218,133441000,13:34:41,9466,135134,168642,12759352280,9,-2,849780
AP205,20220218,20220218,133441500,13:34:42,9467,135135,168642,12759446700,1,0,94420
AP205,20220218,20220218,133442000,13:34:44,9467,135136,168642,12759541120,1,0,94420
AP205,20220218,20220218,133443000,13:34:45,9466,135138,168644,12759729960,2,2,188840
AP205,20220218,20220218,133443500,13:34:45,9466,135138,168644,12759729960,0,0,0
AP205,20220218,20220218,133445000,13:34:46,9466,135138,168644,12759729960,0,0,0
AP205,20220218,20220218,133446500,13:34:47,9466,135138,168644,12759729960,0,0,0
AP205,20220218,20220218,133447500,13:34:47,9466,135139,168645,12759824380,1,1,94420
AP205,20220218,20220218,133448000,13:34:48,9467,135140,168645,12759918800,1,0,94420
AP205,20220218,20220218,133449000,13:34:49,9467,135141,168644,12760013220,1,-1,94420
AP205,20220218,20220218,133450000,13:34:51,9467,135141,168644,12760013220,0,0,0
AP205,20220218,20220218,133450500,13:34:51,9467,135141,168644,12760013220,0,0,0
AP205,20220218,20220218,133451000,13:34:51,9467,135141,168644,12760013220,0,0,0
AP205,20220218,20220218,133451500,13:34:51,9468,135147,168645,12760579740,6,1,566520
AP205,20220218,20220218,133452000,13:34:52,9468,135147,168645,12760579740,0,0,0
AP205,20220218,20220218,133453500,13:34:55,9468,135148,168645,12760674160,1,0,94420
AP205,20220218,20220218,133454000,13:34:56,9468,135149,168645,12760768580,1,0,94420
AP205,20220218,20220218,133454500,13:34:56,9468,135152,168645,12761051840,3,0,283260
AP205,20220218,20220218,133455000,13:34:56,9468,135155,168644,12761335100,3,-1,283260
AP205,20220218,20220218,133455500,13:34:56,9468,135157,168644,12761523940,2,0,188840
AP205,20220218,20220218,133456000,13:34:56,9468,135157,168644,12761523940,0,0,0
AP205,20220218,20220218,133456500,13:34:57,9468,135157,168644,12761523940,0,0,0
AP205,20220218,20220218,133457000,13:34:57,9469,135160,168644,12761807200,3,0,283260
AP205,20220218,20220218,133458000,13:34:58,9469,135160,168644,12761807200,0,0,0
AP205,20220218,20220218,133458500,13:34:59,9470,135170,168651,12762751400,10,7,944200
AP205,20220218,20220218,133459000,13:34:59,9469,135171,168652,12762845820,1,1,94420
AP205,20220218,20220218,133459500,13:35:00,9469,135174,168649,12763129080,3,-3,283260
AP205,20220218,20220218,133500000,13:35:00,9472,135231,168667,12768511020,57,18,5381940
AP205,20220218,20220218,133500500,13:35:02,9472,135234,168669,12768794280,3,2,283260
AP205,20220218,20220218,133501500,13:35:05,9471,135242,168669,12769549640,8,0,755360
AP205,20220218,20220218,133502000,13:35:10,9471,135243,168669,12769644060,1,0,94420
AP205,20220218,20220218,133504500,13:35:10,9471,135275,168661,12774018250,32,-8,4374190
AP205,20220218,20220218,133510000,13:35:10,9472,135413,168649,12787049590,138,-12,13031340
AP205,20220218,20220218,133510500,13:35:11,9469,135448,168654,12790354640,35,5,3305050
AP205,20220218,20220218,133511000,13:35:11,9472,135451,168655,12790637930,3,1,283290
AP205,20220218,20220218,133511500,13:35:12,9472,135451,168655,12790637930,0,0,0
AP205,20220218,20220218,133512000,13:35:12,9472,135451,168655,12790637930,0,0,0
AP205,20220218,20220218,133512500,13:35:13,9472,135459,168661,12791393370,8,6,755440
AP205,20220218,20220218,133513500,13:35:14,9472,135459,168661,12791393370,0,0,0
AP205,20220218,20220218,133514000,13:35:14,9472,135460,168662,12791487800,1,1,94430
AP205,20220218,20220218,133514500,13:35:15,9472,135462,168663,12791676660,2,1,188860
AP205,20220218,20220218,133515000,13:35:15,9473,135464,168663,12791865520,2,0,188860
AP205,20220218,20220218,133515500,13:35:16,9473,135498,168656,12795076140,34,-7,3210620
AP205,20220218,20220218,133516000,13:35:16,9473,135498,168656,12795076140,0,0,0
AP205,20220218,20220218,133516500,13:35:17,9473,135502,168658,12795453860,4,2,377720
AP205,20220218,20220218,133517000,13:35:17,9472,135507,168663,12795926010,5,5,472150
AP205,20220218,20220218,133517500,13:35:18,9473,135509,168663,12796114870,2,0,188860
AP205,20220218,20220218,133518000,13:35:19,9473,135511,168663,12796303730,2,0,188860
AP205,20220218,20220218,133518500,13:35:19,9473,135513,168663,12796492590,2,0,188860
AP205,20220218,20220218,133519000,13:35:19,9473,135513,168663,12796492590,0,0,0
AP205,20220218,20220218,133519500,13:35:20,9473,135515,168664,12796681450,2,1,188860
AP205,20220218,20220218,133520000,13:35:20,9473,135515,168664,12796681450,0,0,0
AP205,20220218,20220218,133520500,13:35:21,9473,135516,168663,12796775880,1,-1,94430
AP205,20220218,20220218,133521000,13:35:22,9472,135517,168664,12796870310,1,1,94430
AP205,20220218,20220218,133521500,13:35:22,9472,135517,168664,12796870310,0,0,0
AP205,20220218,20220218,133522000,13:35:22,9472,135518,168664,12796964740,1,0,94430
AP205,20220218,20220218,133522500,13:35:23,9473,135535,168673,12798570050,17,9,1605310
AP205,20220218,20220218,133523000,13:35:23,9473,135538,168674,12798853340,3,1,283290
AP205,20220218,20220218,133523500,13:35:23,9473,135546,168677,12799608780,8,3,755440
AP205,20220218,20220218,133524000,13:35:25,9472,135548,168677,12799797640,2,0,188860
AP205,20220218,20220218,133524500,13:35:25,9472,135548,168677,12799797640,0,0,0
AP205,20220218,20220218,133525000,13:35:25,9471,135561,168674,12801025230,13,-3,1227590
AP205,20220218,20220218,133525500,13:35:26,9471,135561,168674,12801025230,0,0,0
AP205,20220218,20220218,133526000,13:35:26,9471,135565,168678,12801402950,4,4,377720
AP205,20220218,20220218,133526500,13:35:27,9471,135565,168678,12801402950,0,0,0
AP205,20220218,20220218,133527000,13:35:27,9471,135571,168684,12801969530,6,6,566580
AP205,20220218,20220218,133527500,13:35:31,9472,135572,168685,12802063960,1,1,94430
AP205,20220218,20220218,133528000,13:35:32,9472,135572,168685,12802063960,0,0,0
AP205,20220218,20220218,133528500,13:35:32,9472,135572,168685,12802063960,0,0,0
AP205,20220218,20220218,133530000,13:35:32,9472,135572,168685,12802063960,0,0,0
AP205,20220218,20220218,133532500,13:35:42,9472,135572,168685,12802063960,0,0,0
AP205,20220218,20220218,133540000,13:35:43,9471,135587,168686,12803480410,15,1,1416450
AP205,20220218,20220218,133542000,13:35:43,9471,135587,168686,12803480410,0,0,0
AP205,20220218,20220218,133542500,13:35:44,9471,135604,168688,12805085720,17,2,1605310
AP205,20220218,20220218,133543000,13:35:44,9471,135604,168688,12805085720,0,0,0
AP205,20220218,20220218,133545000,13:35:46,9471,135612,168689,12805841160,8,1,755440
AP205,20220218,20220218,133545500,13:35:46,9471,135614,168689,12806030020,2,0,188860
AP205,20220218,20220218,133546000,13:35:46,9470,135635,168695,12808013050,21,6,1983030
AP205,20220218,20220218,133546500,13:35:46,9470,135635,168695,12808013050,0,0,0
AP205,20220218,20220218,133547000,13:35:47,9469,135640,168690,12808485200,5,-5,472150
AP205,20220218,20220218,133547500,13:35:48,9469,135642,168690,12808674060,2,0,188860
AP205,20220218,20220218,133548000,13:35:48,9471,135650,168691,12809429500,8,1,755440
AP205,20220218,20220218,133548500,13:35:48,9471,135650,168691,12809429500,0,0,0
AP205,20220218,20220218,133549000,13:35:49,9471,135650,168691,12809429500,0,0,0
AP205,20220218,20220218,133550000,13:35:50,9471,135651,168690,12809523930,1,-1,94430
AP205,20220218,20220218,133550500,13:35:51,9470,135652,168691,12809618360,1,1,94430
AP205,20220218,20220218,133551000,13:35:51,9470,135654,168693,12809807220,2,2,188860
AP205,20220218,20220218,133551500,13:35:52,9469,135655,168692,12809901650,1,-1,94430
AP205,20220218,20220218,133552500,13:35:52,9469,135655,168692,12809901650,0,0,0
AP205,20220218,20220218,133553000,13:35:53,9469,135656,168692,12809996080,1,0,94430
AP205,20220218,20220218,133553500,13:35:55,9470,135659,168695,12810279370,3,3,283290
AP205,20220218,20220218,133554000,13:35:55,9470,135660,168696,12810373800,1,1,94430
AP205,20220218,20220218,133554500,13:35:55,9470,135660,168696,12810373800,0,0,0
AP205,20220218,20220218,133555000,13:35:56,9470,135661,168697,12810468230,1,1,94430
AP205,20220218,20220218,133555500,13:35:56,9470,135665,168698,12810845950,4,1,377720
AP205,20220218,20220218,133556000,13:35:56,9470,135665,168698,12810845950,0,0,0
AP205,20220218,20220218,133556500,13:35:57,9470,135667,168698,12811034810,2,0,188860
AP205,20220218,20220218,133557000,13:35:59,9470,135670,168698,12811318100,3,0,283290
AP205,20220218,20220218,133557500,13:36:00,9469,135677,168698,12811979110,7,0,661010
AP205,20220218,20220218,133558000,13:36:01,9469,135699,168693,12814056570,22,-5,2077460
AP205,20220218,20220218,133559500,13:36:03,9468,135766,168710,12820383380,67,17,6326810
AP205,20220218,20220218,133601500,13:36:03,9468,135800,168714,12823594000,34,4,3210620
AP205,20220218,20220218,133602000,13:36:03,9468,135801,168714,12823688430,1,0,94430
AP205,20220218,20220218,133602500,13:36:03,9468,135802,168713,12823782860,1,-1,94430
AP205,20220218,20220218,133603000,13:36:05,9468,135802,168713,12823782860,0,0,0
AP205,20220218,20220218,133603500,13:36:05,9468,135822,168729,12825671460,20,16,1888600
AP205,20220218,20220218,133604500,13:36:06,9466,135823,168730,12825765890,1,1,94430
AP205,20220218,20220218,133606000,13:36:07,9466,135824,168731,12825860320,1,1,94430
AP205,20220218,20220218,133606500,13:36:07,9466,135824,168731,12825860320,0,0,0
AP205,20220218,20220218,133607000,13:36:07,9466,135824,168731,12825860320,0,0,0
AP205,20220218,20220218,133608000,13:36:08,9466,135825,168730,12825954750,1,-1,94430
AP205,20220218,20220218,133608500,13:36:08,9466,135825,168730,12825954750,0,0,0
AP205,20220218,20220218,133609000,13:36:09,9466,135826,168729,12826049180,1,-1,94430
AP205,20220218,20220218,133611000,13:36:12,9466,135826,168729,12826049180,0,0,0
AP205,20220218,20220218,133611500,13:36:12,9466,135826,168729,12826049180,0,0,0
AP205,20220218,20220218,133613000,13:36:13,9465,135828,168729,12826238040,2,0,188860
AP205,20220218,20220218,133613500,13:36:14,9464,135830,168728,12826426900,2,-1,188860
AP205,20220218,20220218,133614000,13:36:14,9464,135830,168728,12826426900,0,0,0
AP205,20220218,20220218,133614500,13:36:14,9464,135831,168728,12826521330,1,0,94430
AP205,20220218,20220218,133616000,13:36:16,9466,135835,168726,12826899050,4,-2,377720
AP205,20220218,20220218,133616500,13:36:17,9466,135835,168726,12826899050,0,0,0
AP205,20220218,20220218,133617000,13:36:17,9466,135839,168729,12827276770,4,3,377720
AP205,20220218,20220218,133617500,13:36:19,9466,135839,168729,12827276770,0,0,0
AP205,20220218,20220218,133619000,13:36:19,9468,135840,168729,12827371200,1,0,94430
AP205,20220218,20220218,133619500,13:36:20,9468,135840,168729,12827371200,0,0,0
AP205,20220218,20220218,133620500,13:36:20,9468,135840,168729,12827371200,0,0,0
AP205,20220218,20220218,133623000,13:36:23,9468,135841,168730,12827465630,1,1,94430
AP205,20220218,20220218,133623500,13:36:23,9468,135841,168730,12827465630,0,0,0
AP205,20220218,20220218,133624500,13:36:24,9467,135842,168729,12827560060,1,-1,94430
AP205,20220218,20220218,133625500,13:36:26,9467,135843,168729,12827654490,1,0,94430
AP205,20220218,20220218,133626000,13:36:26,9467,135844,168730,12827748920,1,1,94430
AP205,20220218,20220218,133626500,13:36:27,9467,135844,168730,12827748920,0,0,0
AP205,20220218,20220218,133627500,13:36:28,9467,135844,168730,12827748920,0,0,0
AP205,20220218,20220218,133628000,13:36:28,9467,135844,168730,12827748920,0,0,0
AP205,20220218,20220218,133628500,13:36:29,9467,135846,168732,12827937780,2,2,188860
AP205,20220218,20220218,133629000,13:36:30,9467,135849,168732,12828221070,3,0,283290
AP205,20220218,20220218,133633000,13:36:33,9467,135849,168732,12828221070,0,0,0
AP205,20220218,20220218,133633500,13:36:33,9467,135849,168732,12828221070,0,0,0
AP205,20220218,20220218,133634000,13:36:34,9467,135849,168732,12828221070,0,0,0
AP205,20220218,20220218,133635000,13:36:35,9467,135849,168732,12828221070,0,0,0
AP205,20220218,20220218,133635500,13:36:36,9467,135850,168732,12828315500,1,0,94430
AP205,20220218,20220218,133636000,13:36:36,9466,135852,168733,12828504360,2,1,188860
AP205,20220218,20220218,133636500,13:36:36,9466,135852,168733,12828504360,0,0,0
AP205,20220218,20220218,133637000,13:36:38,9466,135852,168733,12828504360,0,0,0
AP205,20220218,20220218,133637500,13:36:38,9466,135852,168733,12828504360,0,0,0
AP205,20220218,20220218,133638000,13:36:38,9467,135853,168732,12828598790,1,-1,94430
AP205,20220218,20220218,133638500,13:36:39,9467,135853,168732,12828598790,0,0,0
AP205,20220218,20220218,133639000,13:36:39,9466,135855,168734,12828787650,2,2,188860
AP205,20220218,20220218,133639500,13:36:40,9466,135855,168734,12828787650,0,0,0
AP205,20220218,20220218,133640500,13:36:40,9466,135855,168734,12828787650,0,0,0
AP205,20220218,20220218,133641000,13:36:41,9466,135855,168734,12828787650,0,0,0
AP205,20220218,20220218,133641500,13:36:41,9466,135855,168734,12828787650,0,0,0
AP205,20220218,20220218,133642500,13:36:43,9466,135856,168734,12828882080,1,0,94430
AP205,20220218,20220218,133646000,13:36:46,9466,135856,168734,12828882080,0,0,0
AP205,20220218,20220218,133647500,13:36:48,9466,135857,168734,12828976510,1,0,94430
AP205,20220218,20220218,133649000,13:36:49,9466,135859,168735,12829165370,2,1,188860
AP205,20220218,20220218,133650000,13:36:50,9467,135870,168727,12830204100,11,-8,1038730
AP205,20220218,20220218,133651500,13:36:51,9467,135876,168723,12830770680,6,-4,566580
AP205,20220218,20220218,133652000,13:36:52,9467,135877,168723,12830865110,1,0,94430
AP205,20220218,20220218,133654000,13:36:54,9467,135880,168723,12831148400,3,0,283290
AP205,20220218,20220218,133654500,13:36:54,9467,135883,168723,12831431690,3,0,283290
AP205,20220218,20220218,133656500,13:36:57,9467,135883,168723,12831431690,0,0,0
AP205,20220218,20220218,133658000,13:36:58,9467,135883,168723,12831431690,0,0,0
AP205,20220218,20220218,133659000,13:36:59,9467,135884,168722,12831526120,1,-1,94430
AP205,20220218,20220218,133659500,13:36:59,9466,135887,168723,12831809410,3,1,283290
AP205,20220218,20220218,133702500,13:37:03,9466,135888,168723,12831903840,1,0,94430
AP205,20220218,20220218,133703500,13:37:03,9466,135889,168724,12831998270,1,1,94430
AP205,20220218,20220218,133704000,13:37:04,9466,135889,168724,12831998270,0,0,0
AP205,20220218,20220218,133706000,13:37:08,9465,135890,168725,12832092700,1,1,94430
AP205,20220218,20220218,133706500,13:37:08,9466,135892,168727,12832281560,2,2,188860
AP205,20220218,20220218,133707000,13:37:08,9465,135893,168728,12832375990,1,1,94430
AP205,20220218,20220218,133707500,13:37:08,9466,135894,168729,12832470420,1,1,94430
AP205,20220218,20220218,133708500,13:37:08,9466,135894,168729,12832470420,0,0,0
AP205,20220218,20220218,133709000,13:37:09,9466,135897,168729,12832753710,3,0,283290
AP205,20220218,20220218,133709500,13:37:10,9466,135902,168729,12833225860,5,0,472150
AP205,20220218,20220218,133710000,13:37:11,9466,135903,168729,12833320290,1,0,94430
AP205,20220218,20220218,133711000,13:37:11,9466,135904,168729,12833414720,1,0,94430
AP205,20220218,20220218,133711500,13:37:13,9466,135904,168729,12833414720,0,0,0
AP205,20220218,20220218,133712000,13:37:13,9466,135905,168728,12833509150,1,-1,94430
AP205,20220218,20220218,133712500,13:37:13,9466,135906,168728,12833603580,1,0,94430
AP205,20220218,20220218,133714000,13:37:14,9466,135906,168728,12833603580,0,0,0
AP205,20220218,20220218,133715000,13:37:15,9467,135911,168728,12834075730,5,0,472150
AP205,20220218,20220218,133715500,13:37:16,9467,135911,168728,12834075730,0,0,0
AP205,20220218,20220218,133717500,13:37:18,9467,135911,168728,12834075730,0,0,0
AP205,20220218,20220218,133718000,13:37:18,9468,135912,168729,12834170160,1,1,94430
AP205,20220218,20220218,133718500,13:37:19,9468,135925,168729,12835397750,13,0,1227590
AP205,20220218,20220218,133719000,13:37:19,9469,135948,168742,12837569640,23,13,2171890
AP205,20220218,20220218,133719500,13:37:20,9469,135948,168742,12837569640,0,0,0
AP205,20220218,20220218,133720000,13:37:21,9470,135952,168738,12837947360,4,-4,377720
AP205,20220218,20220218,133720500,13:37:21,9471,136024,168709,12844746320,72,-29,6798960
AP205,20220218,20220218,133721000,13:37:21,9473,136047,168716,12846918210,23,7,2171890
AP205,20220218,20220218,133721500,13:37:21,9472,136049,168718,12847107070,2,2,188860
AP205,20220218,20220218,133722000,13:37:22,9473,136056,168718,12847768080,7,0,661010
AP205,20220218,20220218,133722500,13:37:23,9472,136058,168719,12847956940,2,1,188860
AP205,20220218,20220218,133723000,13:37:23,9472,136059,168720,12848051370,1,1,94430
AP205,20220218,20220218,133723500,13:37:23,9472,136062,168723,12848334660,3,3,283290
AP205,20220218,20220218,133724000,13:37:24,9472,136064,168725,12848523520,2,2,188860
AP205,20220218,20220218,133724500,13:37:25,9472,136066,168725,12848712380,2,0,188860
AP205,20220218,20220218,133725500,13:37:26,9471,136068,168727,12848901240,2,2,188860
AP205,20220218,20220218,133726000,13:37:26,9471,136070,168726,12849090100,2,-1,188860
AP205,20220218,20220218,133726500,13:37:27,9471,136070,168726,12849090100,0,0,0
AP205,20220218,20220218,133727000,13:37:27,9471,136071,168727,12849184530,1,1,94430
AP205,20220218,20220218,133727500,13:37:27,9471,136071,168727,12849184530,0,0,0
AP205,20220218,20220218,133728000,13:37:28,9473,136091,168730,12851073130,20,3,1888600
AP205,20220218,20220218,133728500,13:37:29,9473,136091,168730,12851073130,0,0,0
AP205,20220218,20220218,133729000,13:37:29,9471,136092,168730,12851167560,1,0,94430
AP205,20220218,20220218,133729500,13:37:30,9473,136095,168727,12851450850,3,-3,283290
AP205,20220218,20220218,133730500,13:37:31,9473,136115,168727,12853339450,20,0,1888600
AP205,20220218,20220218,133731000,13:37:31,9473,136115,168727,12853339450,0,0,0
AP205,20220218,20220218,133731500,13:37:31,9471,136116,168726,12853433880,1,-1,94430
AP205,20220218,20220218,133732000,13:37:32,9471,136116,168726,12853433880,0,0,0
AP205,20220218,20220218,133734000,13:37:34,9472,136117,168727,12853528310,1,1,94430
AP205,20220218,20220218,133736000,13:37:36,9472,136117,168727,12853528310,0,0,0
AP205,20220218,20220218,133736500,13:37:37,9471,136118,168727,12853622740,1,0,94430
AP205,20220218,20220218,133738000,13:37:38,9472,136120,168729,12853811600,2,2,188860
AP205,20220218,20220218,133738500,13:37:39,9471,136121,168730,12853906030,1,1,94430
AP205,20220218,20220218,133739000,13:37:39,9471,136121,168730,12853906030,0,0,0
AP205,20220218,20220218,133740500,13:37:40,9475,136187,168775,12860138410,66,45,6232380
AP205,20220218,20220218,133741000,13:37:41,9476,136274,168801,12868353820,87,26,8215410
AP205,20220218,20220218,133741500,13:37:41,9476,136316,168778,12872319880,42,-23,3966060
AP205,20220218,20220218,133742000,13:37:42,9477,136327,168786,12873358610,11,8,1038730
AP205,20220218,20220218,133742500,13:37:43,9477,136332,168789,12873830760,5,3,472150
AP205,20220218,20220218,133743000,13:37:43,9476,136333,168789,12873925190,1,0,94430
AP205,20220218,20220218,133743500,13:37:44,9477,136336,168790,12874208480,3,1,283290
AP205,20220218,20220218,133744000,13:37:44,9476,136339,168793,12874491770,3,3,283290
AP205,20220218,20220218,133744500,13:37:45,9477,136345,168796,12875058350,6,3,566580
AP205,20220218,20220218,133745000,13:37:45,9475,136347,168794,12875247210,2,-2,188860
AP205,20220218,20220218,133745500,13:37:45,9477,136348,168794,12875341640,1,0,94430
AP205,20220218,20220218,133746000,13:37:46,9475,136349,168794,12875436070,1,0,94430
AP205,20220218,20220218,133746500,13:37:47,9478,136495,168889,12889222850,146,95,13786780
AP205,20220218,20220218,133747000,13:37:47,9478,136510,168899,12890639300,15,10,1416450
AP205,20220218,20220218,133747500,13:37:48,9478,136517,168905,12891300310,7,6,661010
AP205,20220218,20220218,133748000,13:37:48,9476,136519,168906,12891489170,2,1,188860
AP205,20220218,20220218,133748500,13:37:48,9478,136522,168909,12891772460,3,3,283290
AP205,20220218,20220218,133749000,13:37:49,9476,136525,168911,12892055750,3,2,283290
AP205,20220218,20220218,133749500,13:37:49,9476,136526,168911,12892150180,1,0,94430
AP205,20220218,20220218,133750000,13:37:50,9476,136529,168914,12892433470,3,3,283290
