AP204,20220218,20220218,112003000,11:20:05,9242,226,2959,20846240,226,30,20846240
AP204,20220218,20220218,112004000,11:20:09,9242,226,2959,20846240,0,0,0
AP204,20220218,20220218,112005000,11:20:10,9242,226,2959,20846240,0,0,0
AP204,20220218,20220218,112007500,11:20:10,9242,226,2959,20846240,0,0,0
AP204,20220218,20220218,112008000,11:20:10,9242,226,2959,20846240,0,0,0
AP204,20220218,20220218,112008500,11:20:10,9242,226,2959,20846240,0,0,0
AP204,20220218,20220218,112015000,11:20:15,9242,226,2959,20846240,0,0,0
AP204,20220218,20220218,112015500,11:20:16,9242,226,2959,20846240,0,0,0
AP204,20220218,20220218,112016500,11:20:16,9242,226,2959,20846240,0,0,0
AP204,20220218,20220218,112018500,11:20:18,9242,226,2959,20846240,0,0,0
AP204,20220218,20220218,112019000,11:20:19,9242,226,2959,20846240,0,0,0
AP204,20220218,20220218,112020000,11:20:20,9242,226,2959,20846240,0,0,0
AP204,20220218,20220218,112020500,11:20:21,9242,226,2959,20846240,0,0,0
AP204,20220218,20220218,112025000,11:20:25,9242,226,2959,20846240,0,0,0
AP204,20220218,20220218,112027500,11:20:28,9242,226,2959,20846240,0,0,0
AP204,20220218,20220218,112028000,11:20:28,9242,226,2959,20846240,0,0,0
AP204,20220218,20220218,112028500,11:20:28,9242,226,2959,20846240,0,0,0
AP204,20220218,20220218,112031000,11:20:32,9242,226,2959,20846240,0,0,0
AP204,20220218,20220218,112031500,11:20:32,9242,226,2959,20846240,0,0,0
AP204,20220218,20220218,112034000,11:20:34,9242,226,2959,20846240,0,0,0
AP204,20220218,20220218,112034500,11:20:35,9242,226,2959,20846240,0,0,0
AP204,20220218,20220218,112035500,11:20:35,9242,226,2959,20846240,0,0,0
AP204,20220218,20220218,112037500,11:20:38,9242,226,2959,20846240,0,0,0
AP204,20220218,20220218,112038000,11:20:38,9242,226,2959,20846240,0,0,0
AP204,20220218,20220218,112042000,11:20:42,9242,226,2959,20846240,0,0,0
AP204,20220218,20220218,112042500,11:20:42,9242,226,2959,20846240,0,0,0
AP204,20220218,20220218,112043500,11:20:44,9242,226,2959,20846240,0,0,0
AP204,20220218,20220218,112046500,11:20:46,9242,226,2959,20846240,0,0,0
AP204,20220218,20220218,112049000,11:20:50,9242,226,2959,20846240,0,0,0
AP204,20220218,20220218,112050500,11:20:50,9242,226,2959,20846240,0,0,0
AP204,20220218,20220218,112053000,11:20:53,9242,226,2959,20846240,0,0,0
AP204,20220218,20220218,112053500,11:20:53,9242,226,2959,20846240,0,0,0
AP204,20220218,20220218,112055000,11:20:55,9242,226,2959,20846240,0,0,0
AP204,20220218,20220218,112055500,11:20:56,9242,226,2959,20846240,0,0,0
AP204,20220218,20220218,112100000,11:21:00,9242,226,2959,20846240,0,0,0
AP204,20220218,20220218,112102500,11:21:03,9242,226,2959,20846240,0,0,0
AP204,20220218,20220218,112103000,11:21:03,9242,226,2959,20846240,0,0,0
AP204,20220218,20220218,112104000,11:21:04,9242,226,2959,20846240,0,0,0
AP204,20220218,20220218,112104500,11:21:05,9242,226,2959,20846240,0,0,0
AP204,20220218,20220218,112105000,11:21:05,9242,226,2959,20846240,0,0,0
AP204,20220218,20220218,112105500,11:21:06,9242,226,2959,20846240,0,0,0
AP204,20220218,20220218,112106500,11:21:07,9242,226,2959,20846240,0,0,0
AP204,20220218,20220218,112108000,11:21:10,9242,226,2959,20846240,0,0,0
AP204,20220218,20220218,112108500,11:21:10,9242,226,2959,20846240,0,0,0
AP204,20220218,20220218,112112500,11:21:13,9242,226,2959,20846240,0,0,0
AP204,20220218,20220218,112114500,11:21:14,9242,226,2959,20846240,0,0,0
AP204,20220218,20220218,112115500,11:21:15,9240,227,2959,20938480,1,0,92240
AP204,20220218,20220218,112116000,11:21:16,9240,227,2959,20938480,0,0,0
AP204,20220218,20220218,112118000,11:21:18,9240,227,2959,20938480,0,0,0
AP204,20220218,20220218,112118500,11:21:18,9240,227,2959,20938480,0,0,0
AP204,20220218,20220218,112122500,11:21:22,9240,227,2959,20938480,0,0,0
AP204,20220218,20220218,112123500,11:21:23,9240,227,2959,20938480,0,0,0
AP204,20220218,20220218,112332500,11:23:33,9240,227,2959,20938480,0,0,0
AP204,20220218,20220218,112333000,11:23:33,9240,227,2959,20938480,0,0,0
AP204,20220218,20220218,112333500,11:23:33,9240,227,2959,20938480,0,0,0
AP204,20220218,20220218,112334000,11:23:34,9240,227,2959,20938480,0,0,0
AP204,20220218,20220218,112334500,11:23:34,9240,227,2959,20938480,0,0,0
AP204,20220218,20220218,112335500,11:23:35,9240,227,2959,20938480,0,0,0
AP204,20220218,20220218,112337000,11:23:38,9240,227,2959,20938480,0,0,0
AP204,20220218,20220218,112337500,11:23:38,9240,227,2959,20938480,0,0,0
AP204,20220218,20220218,112338000,11:23:38,9240,227,2959,20938480,0,0,0
AP204,20220218,20220218,112338500,11:23:38,9240,227,2959,20938480,0,0,0
AP204,20220218,20220218,112339000,11:23:39,9240,227,2959,20938480,0,0,0
AP204,20220218,20220218,112340500,11:23:40,9240,227,2959,20938480,0,0,0
AP204,20220218,20220218,112341500,11:23:42,9240,227,2959,20938480,0,0,0
AP204,20220218,20220218,112342000,11:23:42,9240,227,2959,20938480,0,0,0
AP204,20220218,20220218,112343000,11:23:43,9240,227,2959,20938480,0,0,0
AP204,20220218,20220218,112343500,11:23:43,9240,227,2959,20938480,0,0,0
AP204,20220218,20220218,112344000,11:23:48,9240,227,2959,20938480,0,0,0
AP204,20220218,20220218,112347000,11:23:48,9240,227,2959,20938480,0,0,0
AP204,20220218,20220218,112350000,11:23:50,9240,227,2959,20938480,0,0,0
AP204,20220218,20220218,112351000,11:23:51,9240,227,2959,20938480,0,0,0
AP204,20220218,20220218,112351500,11:23:51,9240,227,2959,20938480,0,0,0
AP204,20220218,20220218,112353000,11:23:53,9240,227,2959,20938480,0,0,0
AP204,20220218,20220218,112353500,11:23:53,9240,227,2959,20938480,0,0,0
AP204,20220218,20220218,112354000,11:23:54,9240,227,2959,20938480,0,0,0
AP204,20220218,20220218,112355000,11:23:55,9240,227,2959,20938480,0,0,0
AP204,20220218,20220218,112356000,11:23:56,9240,227,2959,20938480,0,0,0
AP204,20220218,20220218,112358000,11:23:58,9240,227,2959,20938480,0,0,0
AP204,20220218,20220218,112358500,11:23:58,9240,227,2959,20938480,0,0,0
AP204,20220218,20220218,112359000,11:23:59,9240,227,2959,20938480,0,0,0
AP204,20220218,20220218,112359500,11:23:59,9240,227,2959,20938480,0,0,0
AP204,20220218,20220218,112401500,11:24:01,9240,227,2959,20938480,0,0,0
AP204,20220218,20220218,112402000,11:24:02,9240,227,2959,20938480,0,0,0
AP204,20220218,20220218,112403000,11:24:03,9240,227,2959,20938480,0,0,0
AP204,20220218,20220218,112404000,11:24:04,9240,227,2959,20938480,0,0,0
AP204,20220218,20220218,112405000,11:24:05,9240,227,2959,20938480,0,0,0
AP204,20220218,20220218,112407000,11:24:07,9240,227,2959,20938480,0,0,0
AP204,20220218,20220218,112407500,11:24:08,9240,227,2959,20938480,0,0,0
AP204,20220218,20220218,112408500,11:24:08,9240,227,2959,20938480,0,0,0
AP204,20220218,20220218,112409000,11:24:11,9240,227,2959,20938480,0,0,0
AP204,20220218,20220218,112410000,11:24:12,9240,227,2959,20938480,0,0,0
AP204,20220218,20220218,112411500,11:24:12,9240,227,2959,20938480,0,0,0
AP204,20220218,20220218,112412500,11:24:13,9240,227,2959,20938480,0,0,0
AP204,20220218,20220218,112413000,11:24:13,9240,227,2959,20938480,0,0,0
AP204,20220218,20220218,112415000,11:24:15,9240,227,2959,20938480,0,0,0
AP204,20220218,20220218,112417000,11:24:17,9240,227,2959,20938480,0,0,0
AP204,20220218,20220218,112417500,11:24:18,9240,227,2959,20938480,0,0,0
AP204,20220218,20220218,112418000,11:24:18,9240,227,2959,20938480,0,0,0
AP204,20220218,20220218,112419000,11:24:19,9240,227,2959,20938480,0,0,0
AP204,20220218,20220218,112419500,11:24:20,9240,227,2959,20938480,0,0,0
AP204,20220218,20220218,112420000,11:24:20,9240,227,2959,20938480,0,0,0
AP204,20220218,20220218,112422000,11:24:22,9240,227,2959,20938480,0,0,0
AP204,20220218,20220218,112422500,11:24:23,9240,227,2959,20938480,0,0,0
AP204,20220218,20220218,112423000,11:24:23,9240,227,2959,20938480,0,0,0
AP204,20220218,20220218,112424000,11:24:24,9240,227,2959,20938480,0,0,0
AP204,20220218,20220218,112425000,11:24:25,9240,227,2959,20938480,0,0,0
AP204,20220218,20220218,112426000,11:24:26,9240,227,2959,20938480,0,0,0
AP204,20220218,20220218,112430000,11:24:30,9240,227,2959,20938480,0,0,0
AP204,20220218,20220218,112432500,11:24:32,9240,227,2959,20938480,0,0,0
AP204,20220218,20220218,112436000,11:24:36,9240,227,2959,20938480,0,0,0
AP204,20220218,20220218,112436500,11:24:36,9240,227,2959,20938480,0,0,0
AP204,20220218,20220218,112438000,11:24:39,9240,227,2959,20938480,0,0,0
AP204,20220218,20220218,112439000,11:24:40,9240,227,2959,20938480,0,0,0
AP204,20220218,20220218,112440000,11:24:40,9240,227,2959,20938480,0,0,0
AP204,20220218,20220218,112442000,11:24:42,9240,227,2959,20938480,0,0,0
AP204,20220218,20220218,112442500,11:24:42,9240,227,2959,20938480,0,0,0
AP204,20220218,20220218,112443500,11:24:43,9240,227,2959,20938480,0,0,0
AP204,20220218,20220218,112444000,11:24:44,9240,227,2959,20938480,0,0,0
AP204,20220218,20220218,112445000,11:24:45,9240,227,2959,20938480,0,0,0
AP204,20220218,20220218,112446000,11:24:46,9240,227,2959,20938480,0,0,0
AP204,20220218,20220218,112446500,11:24:46,9240,227,2959,20938480,0,0,0
AP204,20220218,20220218,112447000,11:24:47,9240,227,2959,20938480,0,0,0
AP204,20220218,20220218,112448500,11:24:49,9240,227,2959,20938480,0,0,0
AP204,20220218,20220218,112449000,11:24:49,9240,227,2959,20938480,0,0,0
AP204,20220218,20220218,112449500,11:24:49,9240,227,2959,20938480,0,0,0
AP204,20220218,20220218,112450500,11:24:50,9240,227,2959,20938480,0,0,0
AP204,20220218,20220218,112451000,11:24:51,9240,227,2959,20938480,0,0,0
AP204,20220218,20220218,112451500,11:24:52,9240,227,2959,20938480,0,0,0
AP204,20220218,20220218,112452000,11:24:52,9240,227,2959,20938480,0,0,0
AP204,20220218,20220218,112453500,11:24:53,9240,227,2959,20938480,0,0,0
AP204,20220218,20220218,112454500,11:24:54,9240,227,2959,20938480,0,0,0
AP204,20220218,20220218,112455000,11:24:55,9240,227,2959,20938480,0,0,0
AP204,20220218,20220218,112455500,11:24:56,9240,227,2959,20938480,0,0,0
AP204,20220218,20220218,112456000,11:24:56,9240,227,2959,20938480,0,0,0
AP204,20220218,20220218,112456500,11:24:56,9240,227,2959,20938480,0,0,0
AP204,20220218,20220218,112459000,11:24:59,9240,227,2959,20938480,0,0,0
AP204,20220218,20220218,112459500,11:24:59,9240,227,2959,20938480,0,0,0
AP204,20220218,20220218,112500000,11:25:00,9240,227,2959,20938480,0,0,0
AP204,20220218,20220218,112500500,11:25:01,9240,227,2959,20938480,0,0,0
AP204,20220218,20220218,112501000,11:25:02,9240,227,2959,20938480,0,0,0
AP204,20220218,20220218,112501500,11:25:04,9240,227,2959,20938480,0,0,0
AP204,20220218,20220218,112502000,11:25:05,9240,227,2959,20938480,0,0,0
AP204,20220218,20220218,112502500,11:25:06,9240,227,2959,20938480,0,0,0
AP204,20220218,20220218,112504000,11:25:06,9240,227,2959,20938480,0,0,0
AP204,20220218,20220218,112505000,11:25:06,9240,227,2959,20938480,0,0,0
AP204,20220218,20220218,112506000,11:25:07,9240,227,2959,20938480,0,0,0
AP204,20220218,20220218,112506500,11:25:07,9240,227,2959,20938480,0,0,0
AP204,20220218,20220218,112507000,11:25:07,9240,227,2959,20938480,0,0,0
AP204,20220218,20220218,112507500,11:25:07,9240,227,2959,20938480,0,0,0
AP204,20220218,20220218,112508000,11:25:08,9240,227,2959,20938480,0,0,0
AP204,20220218,20220218,112508500,11:25:08,9240,227,2959,20938480,0,0,0
AP204,20220218,20220218,112509000,11:25:09,9240,227,2959,20938480,0,0,0
AP204,20220218,20220218,112509500,11:25:09,9240,227,2959,20938480,0,0,0
AP204,20220218,20220218,112510000,11:25:10,9240,227,2959,20938480,0,0,0
AP204,20220218,20220218,112510500,11:25:10,9240,227,2959,20938480,0,0,0
AP204,20220218,20220218,112511000,11:25:11,9240,227,2959,20938480,0,0,0
AP204,20220218,20220218,112511500,11:25:11,9240,227,2959,20938480,0,0,0
AP204,20220218,20220218,112512000,11:25:12,9240,227,2959,20938480,0,0,0
AP204,20220218,20220218,112512500,11:25:12,9240,227,2959,20938480,0,0,0
AP204,20220218,20220218,112513000,11:25:13,9240,227,2959,20938480,0,0,0
AP204,20220218,20220218,112513500,11:25:15,9240,227,2959,20938480,0,0,0
AP204,20220218,20220218,112514000,11:25:15,9240,227,2959,20938480,0,0,0
AP204,20220218,20220218,112515000,11:25:16,9240,227,2959,20938480,0,0,0
AP204,20220218,20220218,112515500,11:25:16,9240,227,2959,20938480,0,0,0
AP204,20220218,20220218,112516000,11:25:16,9240,227,2959,20938480,0,0,0
AP204,20220218,20220218,112516500,11:25:16,9240,227,2959,20938480,0,0,0
AP204,20220218,20220218,112517000,11:25:18,9240,227,2959,20938480,0,0,0
AP204,20220218,20220218,112517500,11:25:18,9240,227,2959,20938480,0,0,0
AP204,20220218,20220218,112518000,11:25:19,9240,227,2959,20938480,0,0,0
AP204,20220218,20220218,112518500,11:25:19,9240,227,2959,20938480,0,0,0
AP204,20220218,20220218,112519000,11:25:19,9240,227,2959,20938480,0,0,0
AP204,20220218,20220218,112519500,11:25:19,9240,227,2959,20938480,0,0,0
AP204,20220218,20220218,112521000,11:25:21,9240,227,2959,20938480,0,0,0
AP204,20220218,20220218,112523000,11:25:23,9240,227,2959,20938480,0,0,0
AP204,20220218,20220218,112523500,11:25:24,9240,227,2959,20938480,0,0,0
AP204,20220218,20220218,112524000,11:25:25,9240,227,2959,20938480,0,0,0
AP204,20220218,20220218,112525500,11:25:26,9240,227,2959,20938480,0,0,0
AP204,20220218,20220218,112526000,11:25:26,9240,227,2959,20938480,0,0,0
AP204,20220218,20220218,112526500,11:25:27,9240,227,2959,20938480,0,0,0
AP204,20220218,20220218,112527000,11:25:27,9240,227,2959,20938480,0,0,0
AP204,20220218,20220218,112528000,11:25:28,9240,227,2959,20938480,0,0,0
AP204,20220218,20220218,112530000,11:25:30,9240,227,2959,20938480,0,0,0
AP204,20220218,20220218,112530500,11:25:31,9240,227,2959,20938480,0,0,0
AP204,20220218,20220218,112538000,11:25:38,9240,227,2959,20938480,0,0,0
AP204,20220218,20220218,112538500,11:25:39,9240,227,2959,20938480,0,0,0
AP204,20220218,20220218,112539000,11:25:39,9240,227,2959,20938480,0,0,0
AP204,20220218,20220218,112539500,11:25:40,9240,227,2959,20938480,0,0,0
AP204,20220218,20220218,112540000,11:25:40,9240,227,2959,20938480,0,0,0
AP204,20220218,20220218,112540500,11:25:41,9240,227,2959,20938480,0,0,0
AP204,20220218,20220218,112541000,11:25:41,9240,227,2959,20938480,0,0,0
AP204,20220218,20220218,112542000,11:25:42,9240,227,2959,20938480,0,0,0
AP204,20220218,20220218,112542500,11:25:43,9240,227,2959,20938480,0,0,0
AP204,20220218,20220218,112543000,11:25:43,9240,227,2959,20938480,0,0,0
AP204,20220218,20220218,112543500,11:25:43,9240,227,2959,20938480,0,0,0
AP204,20220218,20220218,112545500,11:25:46,9240,227,2959,20938480,0,0,0
AP204,20220218,20220218,112546000,11:25:47,9240,227,2959,20938480,0,0,0
AP204,20220218,20220218,112550000,11:25:50,9240,227,2959,20938480,0,0,0
AP204,20220218,20220218,112550500,11:25:51,9240,227,2959,20938480,0,0,0
AP204,20220218,20220218,112551000,11:25:51,9240,227,2959,20938480,0,0,0
AP204,20220218,20220218,112551500,11:25:51,9240,227,2959,20938480,0,0,0
AP204,20220218,20220218,112552500,11:25:52,9240,227,2959,20938480,0,0,0
AP204,20220218,20220218,112553000,11:25:53,9221,235,2959,21676400,8,0,737920
AP204,20220218,20220218,112554000,11:25:54,9221,235,2959,21676400,0,0,0
AP204,20220218,20220218,112554500,11:25:55,9221,235,2959,21676400,0,0,0
AP204,20220218,20220218,112557000,11:25:57,9221,235,2959,21676400,0,0,0
AP204,20220218,20220218,112558000,11:25:59,9221,235,2959,21676400,0,0,0
AP204,20220218,20220218,112558500,11:25:59,9221,235,2959,21676400,0,0,0
AP204,20220218,20220218,112559500,11:26:00,9221,235,2959,21676400,0,0,0
AP204,20220218,20220218,112600000,11:26:00,9221,235,2959,21676400,0,0,0
AP204,20220218,20220218,112600500,11:26:01,9221,235,2959,21676400,0,0,0
AP204,20220218,20220218,112601000,11:26:01,9221,235,2959,21676400,0,0,0
AP204,20220218,20220218,112601500,11:26:01,9221,235,2959,21676400,0,0,0
AP204,20220218,20220218,112602000,11:26:03,9221,235,2959,21676400,0,0,0
AP204,20220218,20220218,112602500,11:26:03,9221,235,2959,21676400,0,0,0
AP204,20220218,20220218,112603000,11:26:03,9221,235,2959,21676400,0,0,0
AP204,20220218,20220218,112603500,11:26:04,9221,235,2959,21676400,0,0,0
AP204,20220218,20220218,112604000,11:26:05,9221,235,2959,21676400,0,0,0
AP204,20220218,20220218,112604500,11:26:05,9221,235,2959,21676400,0,0,0
AP204,20220218,20220218,112605000,11:26:05,9221,235,2959,21676400,0,0,0
AP204,20220218,20220218,112605500,11:26:06,9221,235,2959,21676400,0,0,0
AP204,20220218,20220218,112606500,11:26:09,9221,235,2959,21676400,0,0,0
AP204,20220218,20220218,112607000,11:26:09,9221,235,2959,21676400,0,0,0
AP204,20220218,20220218,112608000,11:26:09,9221,235,2959,21676400,0,0,0
AP204,20220218,20220218,112609500,11:26:10,9221,235,2959,21676400,0,0,0
AP204,20220218,20220218,112610500,11:26:11,9221,235,2959,21676400,0,0,0
AP204,20220218,20220218,112611000,11:26:11,9221,235,2959,21676400,0,0,0
AP204,20220218,20220218,112611500,11:26:13,9221,235,2959,21676400,0,0,0
AP204,20220218,20220218,112612000,11:26:14,9221,235,2959,21676400,0,0,0
AP204,20220218,20220218,112612500,11:26:14,9221,235,2959,21676400,0,0,0
AP204,20220218,20220218,112613000,11:26:15,9221,235,2959,21676400,0,0,0
AP204,20220218,20220218,112614000,11:26:15,9221,235,2959,21676400,0,0,0
AP204,20220218,20220218,112614500,11:26:15,9221,235,2959,21676400,0,0,0
AP204,20220218,20220218,112615500,11:26:16,9221,235,2959,21676400,0,0,0
AP204,20220218,20220218,112616000,11:26:16,9221,235,2959,21676400,0,0,0
AP204,20220218,20220218,112616500,11:26:17,9221,235,2959,21676400,0,0,0
AP204,20220218,20220218,112617000,11:26:17,9221,235,2959,21676400,0,0,0
AP204,20220218,20220218,112617500,11:26:17,9221,235,2959,21676400,0,0,0
AP204,20220218,20220218,112618000,11:26:18,9221,235,2959,21676400,0,0,0
AP204,20220218,20220218,112618500,11:26:19,9221,235,2959,21676400,0,0,0
AP204,20220218,20220218,112619000,11:26:19,9221,235,2959,21676400,0,0,0
AP204,20220218,20220218,112620000,11:26:20,9221,235,2959,21676400,0,0,0
AP204,20220218,20220218,112620500,11:26:20,9221,235,2959,21676400,0,0,0
AP204,20220218,20220218,112621000,11:26:21,9221,235,2959,21676400,0,0,0
AP204,20220218,20220218,112621500,11:26:21,9221,235,2959,21676400,0,0,0
AP204,20220218,20220218,112622000,11:26:22,9221,235,2959,21676400,0,0,0
AP204,20220218,20220218,112634000,11:26:34,9221,235,2959,21676400,0,0,0
AP204,20220218,20220218,112635000,11:26:37,9221,235,2959,21676400,0,0,0
AP204,20220218,20220218,112637500,11:27:10,9221,235,2959,21676400,0,0,0
AP204,20220218,20220218,112650000,11:27:10,9221,235,2959,21676400,0,0,0
AP204,20220218,20220218,112709500,11:27:12,9221,235,2959,21676400,0,0,0
AP204,20220218,20220218,112712000,11:27:12,9221,235,2959,21676400,0,0,0
AP204,20220218,20220218,112712500,11:27:13,9221,235,2959,21676400,0,0,0
AP204,20220218,20220218,112714500,11:27:15,9221,235,2959,21676400,0,0,0
AP204,20220218,20220218,112715000,11:27:16,9221,235,2959,21676400,0,0,0
AP204,20220218,20220218,112716500,11:27:17,9221,235,2959,21676400,0,0,0
AP204,20220218,20220218,112717500,11:27:17,9221,235,2959,21676400,0,0,0
AP204,20220218,20220218,112718000,11:27:18,9221,235,2959,21676400,0,0,0
AP204,20220218,20220218,112718500,11:27:19,9221,235,2959,21676400,0,0,0
AP204,20220218,20220218,112719500,11:27:20,9221,235,2959,21676400,0,0,0
AP204,20220218,20220218,112720000,11:27:20,9221,235,2959,21676400,0,0,0
AP204,20220218,20220218,112720500,11:27:21,9221,235,2959,21676400,0,0,0
AP204,20220218,20220218,112721500,11:27:22,9221,235,2959,21676400,0,0,0
AP204,20220218,20220218,112722000,11:27:22,9221,235,2959,21676400,0,0,0
AP204,20220218,20220218,112726500,11:27:27,9221,235,2959,21676400,0,0,0
AP204,20220218,20220218,112728000,11:27:28,9221,235,2959,21676400,0,0,0
AP204,20220218,20220218,112728500,11:27:28,9221,235,2959,21676400,0,0,0
AP204,20220218,20220218,112730500,11:27:31,9221,235,2959,21676400,0,0,0
AP204,20220218,20220218,112731000,11:27:32,9221,235,2959,21676400,0,0,0
AP204,20220218,20220218,112731500,11:27:35,9221,235,2959,21676400,0,0,0
AP204,20220218,20220218,112732000,11:27:36,9221,235,2959,21676400,0,0,0
AP204,20220218,20220218,112739500,11:27:39,9221,235,2959,21676400,0,0,0
AP204,20220218,20220218,112740000,11:27:40,9221,235,2959,21676400,0,0,0
AP204,20220218,20220218,112740500,11:27:40,9221,235,2959,21676400,0,0,0
AP204,20220218,20220218,112741500,11:27:42,9221,235,2959,21676400,0,0,0
AP204,20220218,20220218,112742000,11:27:42,9221,235,2959,21676400,0,0,0
AP204,20220218,20220218,112742500,11:27:43,9221,235,2959,21676400,0,0,0
AP204,20220218,20220218,112743000,11:27:43,9221,235,2959,21676400,0,0,0
AP204,20220218,20220218,112743500,11:27:43,9221,235,2959,21676400,0,0,0
AP204,20220218,20220218,112744000,11:27:44,9221,235,2959,21676400,0,0,0
AP204,20220218,20220218,112744500,11:27:45,9221,235,2959,21676400,0,0,0
AP204,20220218,20220218,112745000,11:27:46,9221,235,2959,21676400,0,0,0
AP204,20220218,20220218,112746000,11:27:46,9220,237,2959,21860880,2,0,184480
AP204,20220218,20220218,112746500,11:27:47,9220,237,2959,21860880,0,0,0
AP204,20220218,20220218,112747000,11:27:47,9220,237,2959,21860880,0,0,0
AP204,20220218,20220218,112747500,11:27:47,9220,237,2959,21860880,0,0,0
AP204,20220218,20220218,112748000,11:27:53,9220,237,2959,21860880,0,0,0
AP204,20220218,20220218,112748500,11:27:54,9220,237,2959,21860880,0,0,0
AP204,20220218,20220218,112749000,11:27:54,9220,237,2959,21860880,0,0,0
AP204,20220218,20220218,112754000,11:27:54,9220,237,2959,21860880,0,0,0
AP204,20220218,20220218,112755500,11:27:55,9220,237,2959,21860880,0,0,0
AP204,20220218,20220218,112756000,11:27:56,9220,237,2959,21860880,0,0,0
AP204,20220218,20220218,112757000,11:27:57,9220,237,2959,21860880,0,0,0
AP204,20220218,20220218,112757500,11:27:57,9220,237,2959,21860880,0,0,0
AP204,20220218,20220218,112758500,11:27:59,9220,237,2959,21860880,0,0,0
AP204,20220218,20220218,112759500,11:27:59,9220,237,2959,21860880,0,0,0
AP204,20220218,20220218,112800000,11:28:01,9220,237,2959,21860880,0,0,0
AP204,20220218,20220218,112800500,11:28:01,9220,237,2959,21860880,0,0,0
AP204,20220218,20220218,112801500,11:28:02,9220,237,2959,21860880,0,0,0
AP204,20220218,20220218,112802000,11:28:03,9220,237,2959,21860880,0,0,0
AP204,20220218,20220218,112804500,11:28:05,9220,237,2959,21860880,0,0,0
AP204,20220218,20220218,112805000,11:28:06,9220,237,2959,21860880,0,0,0
AP204,20220218,20220218,112805500,11:28:06,9220,237,2959,21860880,0,0,0
AP204,20220218,20220218,112806000,11:28:10,9220,237,2959,21860880,0,0,0
AP204,20220218,20220218,112806500,11:28:10,9220,237,2959,21860880,0,0,0
AP204,20220218,20220218,112810000,11:28:11,9220,237,2959,21860880,0,0,0
AP204,20220218,20220218,112810500,11:28:12,9220,237,2959,21860880,0,0,0
AP204,20220218,20220218,112813000,11:28:13,9220,237,2959,21860880,0,0,0
AP204,20220218,20220218,112813500,11:28:14,9220,237,2959,21860880,0,0,0
AP204,20220218,20220218,112814500,11:28:14,9220,237,2959,21860880,0,0,0
AP204,20220218,20220218,112815000,11:28:15,9220,237,2959,21860880,0,0,0
AP204,20220218,20220218,112817000,11:28:17,9220,237,2959,21860880,0,0,0
AP204,20220218,20220218,112817500,11:28:17,9220,237,2959,21860880,0,0,0
AP204,20220218,20220218,112818500,11:28:18,9220,237,2959,21860880,0,0,0
AP204,20220218,20220218,112819000,11:28:19,9220,237,2959,21860880,0,0,0
AP204,20220218,20220218,112819500,11:28:19,9220,237,2959,21860880,0,0,0
AP204,20220218,20220218,112820000,11:28:20,9220,237,2959,21860880,0,0,0
AP204,20220218,20220218,112821500,11:28:22,9220,237,2959,21860880,0,0,0
AP204,20220218,20220218,112823000,11:28:23,9220,237,2959,21860880,0,0,0
AP204,20220218,20220218,112824500,11:28:24,9220,237,2959,21860880,0,0,0
AP204,20220218,20220218,112825000,11:28:25,9220,237,2959,21860880,0,0,0
AP204,20220218,20220218,112825500,11:28:25,9220,237,2959,21860880,0,0,0
AP204,20220218,20220218,112826000,11:28:26,9220,237,2959,21860880,0,0,0
AP204,20220218,20220218,112826500,11:28:27,9220,237,2959,21860880,0,0,0
AP204,20220218,20220218,112829000,11:28:29,9220,237,2959,21860880,0,0,0
AP204,20220218,20220218,112829500,11:28:29,9220,237,2959,21860880,0,0,0
AP204,20220218,20220218,112832000,11:28:32,9220,237,2959,21860880,0,0,0
AP204,20220218,20220218,112833000,11:28:33,9220,237,2959,21860880,0,0,0
AP204,20220218,20220218,112835000,11:28:35,9220,237,2959,21860880,0,0,0
AP204,20220218,20220218,112835500,11:28:37,9220,237,2959,21860880,0,0,0
AP204,20220218,20220218,112836000,11:28:37,9220,237,2959,21860880,0,0,0
AP204,20220218,20220218,112837500,11:28:38,9220,237,2959,21860880,0,0,0
AP204,20220218,20220218,112838000,11:28:38,9220,237,2959,21860880,0,0,0
AP204,20220218,20220218,112838500,11:28:38,9220,237,2959,21860880,0,0,0
AP204,20220218,20220218,112843000,11:28:43,9220,237,2959,21860880,0,0,0
AP204,20220218,20220218,112843500,11:28:44,9220,237,2959,21860880,0,0,0
AP204,20220218,20220218,112844000,11:28:44,9220,237,2959,21860880,0,0,0
AP204,20220218,20220218,112844500,11:28:45,9220,237,2959,21860880,0,0,0
AP204,20220218,20220218,112847000,11:28:47,9220,237,2959,21860880,0,0,0
AP204,20220218,20220218,112847500,11:28:48,9220,237,2959,21860880,0,0,0
AP204,20220218,20220218,112848000,11:28:48,9220,237,2959,21860880,0,0,0
AP204,20220218,20220218,112849000,11:28:49,9220,237,2959,21860880,0,0,0
AP204,20220218,20220218,112849500,11:28:50,9220,237,2959,21860880,0,0,0
AP204,20220218,20220218,112851000,11:28:51,9220,237,2959,21860880,0,0,0
AP204,20220218,20220218,112851500,11:28:51,9220,237,2959,21860880,0,0,0
AP204,20220218,20220218,112852000,11:28:53,9220,237,2959,21860880,0,0,0
AP204,20220218,20220218,112853000,11:28:54,9220,237,2959,21860880,0,0,0
AP204,20220218,20220218,112856000,11:28:56,9220,237,2959,21860880,0,0,0
AP204,20220218,20220218,112856500,11:28:56,9220,237,2959,21860880,0,0,0
AP204,20220218,20220218,112857000,11:28:57,9220,237,2959,21860880,0,0,0
AP204,20220218,20220218,112858500,11:28:59,9220,237,2959,21860880,0,0,0
AP204,20220218,20220218,112900000,11:29:00,9220,237,2959,21860880,0,0,0
AP204,20220218,20220218,112900500,11:29:01,9220,237,2959,21860880,0,0,0
AP204,20220218,20220218,112901000,11:29:01,9220,237,2959,21860880,0,0,0
AP204,20220218,20220218,112901500,11:29:02,9220,237,2959,21860880,0,0,0
AP204,20220218,20220218,112902000,11:29:02,9220,237,2959,21860880,0,0,0
AP204,20220218,20220218,112903500,11:29:04,9220,237,2959,21860880,0,0,0
AP204,20220218,20220218,112904500,11:29:04,9220,237,2959,21860880,0,0,0
AP204,20220218,20220218,112905000,11:29:05,9220,237,2959,21860880,0,0,0
AP204,20220218,20220218,112905500,11:29:06,9220,237,2959,21860880,0,0,0
AP204,20220218,20220218,112906000,11:29:06,9220,237,2959,21860880,0,0,0
AP204,20220218,20220218,112908000,11:29:08,9220,237,2959,21860880,0,0,0
AP204,20220218,20220218,112908500,11:29:08,9220,237,2959,21860880,0,0,0
AP204,20220218,20220218,112909000,11:29:09,9220,237,2959,21860880,0,0,0
AP204,20220218,20220218,112909500,11:29:09,9220,237,2959,21860880,0,0,0
AP204,20220218,20220218,112910000,11:29:10,9226,238,2959,21953120,1,0,92240
AP204,20220218,20220218,112910500,11:29:10,9226,238,2959,21953120,0,0,0
AP204,20220218,20220218,112911500,11:29:12,9226,238,2959,21953120,0,0,0
AP204,20220218,20220218,112912000,11:29:12,9226,238,2959,21953120,0,0,0
AP204,20220218,20220218,112913000,11:29:13,9226,238,2959,21953120,0,0,0
AP204,20220218,20220218,112918000,11:29:21,9226,238,2959,21953120,0,0,0
AP204,20220218,20220218,112919500,11:29:21,9226,238,2959,21953120,0,0,0
AP204,20220218,20220218,112921000,11:29:22,9226,238,2959,21953120,0,0,0
AP204,20220218,20220218,112922000,11:29:24,9226,238,2959,21953120,0,0,0
AP204,20220218,20220218,112922500,11:29:24,9226,238,2959,21953120,0,0,0
AP204,20220218,20220218,112923000,11:29:24,9226,238,2959,21953120,0,0,0
AP204,20220218,20220218,112924000,11:29:24,9226,238,2959,21953120,0,0,0
AP204,20220218,20220218,112924500,11:29:24,9226,238,2959,21953120,0,0,0
AP204,20220218,20220218,112925000,11:29:25,9226,238,2959,21953120,0,0,0
AP204,20220218,20220218,112925500,11:29:25,9226,238,2959,21953120,0,0,0
AP204,20220218,20220218,112927000,11:29:27,9226,238,2959,21953120,0,0,0
AP204,20220218,20220218,112928000,11:29:28,9226,238,2959,21953120,0,0,0
AP204,20220218,20220218,112929000,11:29:29,9226,238,2959,21953120,0,0,0
AP204,20220218,20220218,112929500,11:29:30,9226,238,2959,21953120,0,0,0
AP204,20220218,20220218,112930500,11:29:31,9226,238,2959,21953120,0,0,0
AP204,20220218,20220218,112931000,11:29:32,9226,238,2959,21953120,0,0,0
AP204,20220218,20220218,112931500,11:29:32,9226,238,2959,21953120,0,0,0
AP204,20220218,20220218,112933000,11:29:37,9226,238,2959,21953120,0,0,0
AP204,20220218,20220218,112933500,11:29:38,9226,238,2959,21953120,0,0,0
AP204,20220218,20220218,112936500,11:29:38,9226,238,2959,21953120,0,0,0
AP204,20220218,20220218,112937000,11:29:38,9226,238,2959,21953120,0,0,0
AP204,20220218,20220218,112940000,11:29:40,9226,238,2959,21953120,0,0,0
AP204,20220218,20220218,112943500,11:29:45,9226,238,2959,21953120,0,0,0
AP204,20220218,20220218,112945500,11:29:46,9226,238,2959,21953120,0,0,0
AP204,20220218,20220218,112946000,11:29:46,9226,238,2959,21953120,0,0,0
AP204,20220218,20220218,112946500,11:29:47,9226,238,2959,21953120,0,0,0
AP204,20220218,20220218,112948000,11:29:49,9226,238,2959,21953120,0,0,0
AP204,20220218,20220218,112948500,11:29:49,9226,238,2959,21953120,0,0,0
AP204,20220218,20220218,112949500,11:29:50,9226,238,2959,21953120,0,0,0
AP204,20220218,20220218,112950000,11:29:51,9226,238,2959,21953120,0,0,0
AP204,20220218,20220218,112950500,11:29:51,9226,238,2959,21953120,0,0,0
AP204,20220218,20220218,112951500,11:29:52,9226,238,2959,21953120,0,0,0
AP204,20220218,20220218,112955000,11:29:55,9226,238,2959,21953120,0,0,0
AP204,20220218,20220218,112955500,11:29:56,9226,238,2959,21953120,0,0,0
AP204,20220218,20220218,112956000,11:29:56,9226,238,2959,21953120,0,0,0
AP204,20220218,20220218,112956500,11:30:00,9226,238,2959,21953120,0,0,0
AP204,20220218,20220218,112957000,11:30:00,9226,238,2959,21953120,0,0,0
AP204,20220218,20220218,112957500,11:30:02,9226,238,2959,21953120,0,0,0
AP204,20220218,20220218,133001000,13:30:01,9226,238,2959,21953120,0,0,0
AP204,20220218,20220218,133001500,13:30:02,9226,238,2959,21953120,0,0,0
AP204,20220218,20220218,133002000,13:30:08,9226,238,2959,21953120,0,0,0
AP204,20220218,20220218,133002500,13:30:10,9226,238,2959,21953120,0,0,0
AP204,20220218,20220218,133008000,13:30:10,9226,238,2959,21953120,0,0,0
AP204,20220218,20220218,133009500,13:30:10,9226,238,2959,21953120,0,0,0
AP204,20220218,20220218,133011000,13:30:13,9226,238,2959,21953120,0,0,0
AP204,20220218,20220218,133012500,13:30:13,9226,238,2959,21953120,0,0,0
AP204,20220218,20220218,133013000,13:30:13,9226,238,2959,21953120,0,0,0
AP204,20220218,20220218,133013500,13:30:14,9226,238,2959,21953120,0,0,0
AP204,20220218,20220218,133014000,13:30:15,9226,238,2959,21953120,0,0,0
AP204,20220218,20220218,133014500,13:30:16,9226,238,2959,21953120,0,0,0
AP204,20220218,20220218,133015000,13:30:17,9226,238,2959,21953120,0,0,0
AP204,20220218,20220218,133016500,13:30:18,9226,238,2959,21953120,0,0,0
AP204,20220218,20220218,133017500,13:30:18,9226,238,2959,21953120,0,0,0
AP204,20220218,20220218,133018000,13:30:19,9226,238,2959,21953120,0,0,0
AP204,20220218,20220218,133019500,13:30:20,9226,238,2959,21953120,0,0,0
AP204,20220218,20220218,133020000,13:30:21,9226,238,2959,21953120,0,0,0
AP204,20220218,20220218,133020500,13:30:21,9226,238,2959,21953120,0,0,0
AP204,20220218,20220218,133021000,13:30:21,9226,238,2959,21953120,0,0,0
AP204,20220218,20220218,133022000,13:30:38,9226,238,2959,21953120,0,0,0
AP204,20220218,20220218,133022500,13:30:38,9226,238,2959,21953120,0,0,0
AP204,20220218,20220218,133023000,13:30:40,9226,238,2959,21953120,0,0,0
AP204,20220218,20220218,133038000,13:30:40,9226,238,2959,21953120,0,0,0
AP204,20220218,20220218,133038500,13:30:42,9226,238,2959,21953120,0,0,0
AP204,20220218,20220218,133042000,13:30:44,9226,238,2959,21953120,0,0,0
AP204,20220218,20220218,133044000,13:30:45,9226,238,2959,21953120,0,0,0
AP204,20220218,20220218,133045000,13:30:46,9226,238,2959,21953120,0,0,0
AP204,20220218,20220218,133045500,13:30:47,9226,238,2959,21953120,0,0,0
AP204,20220218,20220218,133046500,13:30:47,9226,238,2959,21953120,0,0,0
AP204,20220218,20220218,133047000,13:30:48,9226,238,2959,21953120,0,0,0
AP204,20220218,20220218,133047500,13:30:48,9226,238,2959,21953120,0,0,0
AP204,20220218,20220218,133048500,13:30:49,9226,238,2959,21953120,0,0,0
AP204,20220218,20220218,133049000,13:30:50,9226,238,2959,21953120,0,0,0
AP204,20220218,20220218,133049500,13:30:50,9226,238,2959,21953120,0,0,0
AP204,20220218,20220218,133050000,13:30:51,9226,238,2959,21953120,0,0,0
AP204,20220218,20220218,133051000,13:30:52,9226,238,2959,21953120,0,0,0
AP204,20220218,20220218,133051500,13:30:52,9226,238,2959,21953120,0,0,0
AP204,20220218,20220218,133052000,13:30:53,9226,238,2959,21953120,0,0,0
AP204,20220218,20220218,133052500,13:30:53,9226,238,2959,21953120,0,0,0
AP204,20220218,20220218,133053000,13:30:54,9226,238,2959,21953120,0,0,0
AP204,20220218,20220218,133053500,13:30:54,9226,238,2959,21953120,0,0,0
AP204,20220218,20220218,133054500,13:30:55,9226,238,2959,21953120,0,0,0
AP204,20220218,20220218,133055500,13:30:56,9226,238,2959,21953120,0,0,0
AP204,20220218,20220218,133056500,13:30:57,9226,238,2959,21953120,0,0,0
AP204,20220218,20220218,133058500,13:30:59,9226,238,2959,21953120,0,0,0
AP204,20220218,20220218,133059000,13:30:59,9226,238,2959,21953120,0,0,0
AP204,20220218,20220218,133059500,13:30:59,9226,238,2959,21953120,0,0,0
AP204,20220218,20220218,133100000,13:31:00,9226,238,2959,21953120,0,0,0
AP204,20220218,20220218,133100500,13:31:01,9226,238,2959,21953120,0,0,0
AP204,20220218,20220218,133101000,13:31:01,9226,238,2959,21953120,0,0,0
AP204,20220218,20220218,133101500,13:31:01,9226,238,2959,21953120,0,0,0
AP204,20220218,20220218,133102000,13:31:02,9226,238,2959,21953120,0,0,0
AP204,20220218,20220218,133102500,13:31:02,9226,238,2959,21953120,0,0,0
AP204,20220218,20220218,133103000,13:31:03,9226,238,2959,21953120,0,0,0
AP204,20220218,20220218,133103500,13:31:05,9226,238,2959,21953120,0,0,0
AP204,20220218,20220218,133104500,13:31:06,9226,238,2959,21953120,0,0,0
AP204,20220218,20220218,133105500,13:31:07,9226,238,2959,21953120,0,0,0
AP204,20220218,20220218,133106000,13:31:08,9226,238,2959,21953120,0,0,0
AP204,20220218,20220218,133107000,13:31:08,9226,238,2959,21953120,0,0,0
AP204,20220218,20220218,133107500,13:31:09,9226,238,2959,21953120,0,0,0
AP204,20220218,20220218,133108500,13:31:09,9226,238,2959,21953120,0,0,0
AP204,20220218,20220218,133109000,13:31:09,9226,238,2959,21953120,0,0,0
AP204,20220218,20220218,133110000,13:31:11,9226,238,2959,21953120,0,0,0
AP204,20220218,20220218,133110500,13:31:11,9226,238,2959,21953120,0,0,0
AP204,20220218,20220218,133114000,13:31:15,9226,238,2959,21953120,0,0,0
AP204,20220218,20220218,133119000,13:31:19,9226,238,2959,21953120,0,0,0
AP204,20220218,20220218,133120000,13:31:20,9226,238,2959,21953120,0,0,0
AP204,20220218,20220218,133123500,13:31:25,9226,238,2959,21953120,0,0,0
AP204,20220218,20220218,133124000,13:31:25,9226,238,2959,21953120,0,0,0
AP204,20220218,20220218,133124500,13:31:25,9226,238,2959,21953120,0,0,0
AP204,20220218,20220218,133156000,13:31:56,9226,238,2959,21953120,0,0,0
AP204,20220218,20220218,133159500,13:32:00,9226,238,2959,21953120,0,0,0
AP204,20220218,20220218,133200000,13:32:01,9226,238,2959,21953120,0,0,0
AP204,20220218,20220218,133200500,13:32:01,9226,238,2959,21953120,0,0,0
AP204,20220218,20220218,133201000,13:32:01,9226,238,2959,21953120,0,0,0
AP204,20220218,20220218,133202500,13:32:04,9240,240,2960,22137600,2,1,184480
AP204,20220218,20220218,133205000,13:32:05,9240,240,2960,22137600,0,0,0
AP204,20220218,20220218,133207000,13:32:07,9240,240,2960,22137600,0,0,0
AP204,20220218,20220218,133207500,13:32:07,9240,240,2960,22137600,0,0,0
AP204,20220218,20220218,133208000,13:32:09,9240,240,2960,22137600,0,0,0
AP204,20220218,20220218,133210500,13:32:14,9240,240,2960,22137600,0,0,0
AP204,20220218,20220218,133211000,13:32:14,9240,240,2960,22137600,0,0,0
AP204,20220218,20220218,133212000,13:32:15,9240,240,2960,22137600,0,0,0
AP204,20220218,20220218,133214000,13:32:15,9240,240,2960,22137600,0,0,0
AP204,20220218,20220218,133215000,13:32:16,9240,240,2960,22137600,0,0,0
AP204,20220218,20220218,133216000,13:32:17,9240,240,2960,22137600,0,0,0
AP204,20220218,20220218,133216500,13:32:17,9240,240,2960,22137600,0,0,0
AP204,20220218,20220218,133218500,13:32:19,9240,240,2960,22137600,0,0,0
AP204,20220218,20220218,133219000,13:32:20,9240,240,2960,22137600,0,0,0
AP204,20220218,20220218,133219500,13:32:20,9240,240,2960,22137600,0,0,0
AP204,20220218,20220218,133220500,13:32:21,9240,240,2960,22137600,0,0,0
AP204,20220218,20220218,133221000,13:32:21,9240,240,2960,22137600,0,0,0
AP204,20220218,20220218,133223000,13:32:24,9240,240,2960,22137600,0,0,0
AP204,20220218,20220218,133224000,13:32:24,9240,240,2960,22137600,0,0,0
AP204,20220218,20220218,133224500,13:32:25,9240,240,2960,22137600,0,0,0
AP204,20220218,20220218,133226500,13:32:27,9240,240,2960,22137600,0,0,0
AP204,20220218,20220218,133227000,13:32:27,9240,240,2960,22137600,0,0,0
AP204,20220218,20220218,133227500,13:32:32,9240,240,2960,22137600,0,0,0
AP204,20220218,20220218,133232000,13:32:34,9240,240,2960,22137600,0,0,0
AP204,20220218,20220218,133232500,13:32:35,9240,240,2960,22137600,0,0,0
AP204,20220218,20220218,133234500,13:32:35,9240,240,2960,22137600,0,0,0
AP204,20220218,20220218,133235000,13:32:36,9240,240,2960,22137600,0,0,0
AP204,20220218,20220218,133236500,13:32:37,9231,243,2962,22414320,3,2,276720
AP204,20220218,20220218,133246500,13:32:47,9231,243,2962,22414320,0,0,0
AP204,20220218,20220218,133250000,13:32:52,9231,243,2962,22414320,0,0,0
AP204,20220218,20220218,133250500,13:32:52,9231,243,2962,22414320,0,0,0
AP204,20220218,20220218,133251500,13:32:53,9231,243,2962,22414320,0,0,0
AP204,20220218,20220218,133257500,13:33:00,9231,243,2962,22414320,0,0,0
AP204,20220218,20220218,133259500,13:33:00,9231,243,2962,22414320,0,0,0
AP204,20220218,20220218,133300000,13:33:01,9231,243,2962,22414320,0,0,0
AP204,20220218,20220218,133302000,13:33:03,9231,243,2962,22414320,0,0,0
AP204,20220218,20220218,133302500,13:33:03,9231,243,2962,22414320,0,0,0
AP204,20220218,20220218,133303000,13:33:04,9231,243,2962,22414320,0,0,0
AP204,20220218,20220218,133306000,13:33:06,9231,243,2962,22414320,0,0,0
AP204,20220218,20220218,133307000,13:33:07,9231,243,2962,22414320,0,0,0
AP204,20220218,20220218,133308500,13:33:09,9231,243,2962,22414320,0,0,0
AP204,20220218,20220218,133310000,13:33:11,9231,243,2962,22414320,0,0,0
AP204,20220218,20220218,133312500,13:33:14,9231,243,2962,22414320,0,0,0
AP204,20220218,20220218,133315000,13:33:18,9231,243,2962,22414320,0,0,0
AP204,20220218,20220218,133316500,13:33:18,9231,245,2962,22598800,2,0,184480
AP204,20220218,20220218,133318000,13:33:19,9231,245,2962,22598800,0,0,0
AP204,20220218,20220218,133318500,13:33:19,9231,245,2962,22598800,0,0,0
AP204,20220218,20220218,133321500,13:33:22,9231,245,2962,22598800,0,0,0
AP204,20220218,20220218,133323000,13:33:23,9231,245,2962,22598800,0,0,0
AP204,20220218,20220218,133323500,13:33:24,9231,245,2962,22598800,0,0,0
AP204,20220218,20220218,133324000,13:33:24,9231,245,2962,22598800,0,0,0
AP204,20220218,20220218,133327000,13:33:29,9231,245,2962,22598800,0,0,0
AP204,20220218,20220218,133328500,13:33:30,9231,245,2962,22598800,0,0,0
AP204,20220218,20220218,133329500,13:33:30,9231,245,2962,22598800,0,0,0
AP204,20220218,20220218,133330000,13:33:30,9231,245,2962,22598800,0,0,0
AP204,20220218,20220218,133330500,13:33:32,9231,245,2962,22598800,0,0,0
AP204,20220218,20220218,133331000,13:33:32,9231,245,2962,22598800,0,0,0
AP204,20220218,20220218,133332500,13:33:33,9231,245,2962,22598800,0,0,0
AP204,20220218,20220218,133334000,13:33:34,9231,245,2962,22598800,0,0,0
AP204,20220218,20220218,133335500,13:33:35,9231,245,2962,22598800,0,0,0
AP204,20220218,20220218,133336000,13:33:36,9231,245,2962,22598800,0,0,0
AP204,20220218,20220218,133336500,13:33:36,9231,245,2962,22598800,0,0,0
AP204,20220218,20220218,133337000,13:33:37,9231,245,2962,22598800,0,0,0
AP204,20220218,20220218,133337500,13:33:37,9231,245,2962,22598800,0,0,0
AP204,20220218,20220218,133338000,13:33:38,9231,245,2962,22598800,0,0,0
AP204,20220218,20220218,133340000,13:33:40,9231,245,2962,22598800,0,0,0
AP204,20220218,20220218,133340500,13:33:41,9231,245,2962,22598800,0,0,0
AP204,20220218,20220218,133342000,13:33:42,9231,245,2962,22598800,0,0,0
AP204,20220218,20220218,133342500,13:33:42,9231,245,2962,22598800,0,0,0
AP204,20220218,20220218,133343500,13:33:44,9231,245,2962,22598800,0,0,0
AP204,20220218,20220218,133345500,13:33:47,9231,245,2962,22598800,0,0,0
AP204,20220218,20220218,133346500,13:33:48,9231,245,2962,22598800,0,0,0
AP204,20220218,20220218,133348000,13:33:49,9231,245,2962,22598800,0,0,0
AP204,20220218,20220218,133349000,13:33:50,9231,245,2962,22598800,0,0,0
AP204,20220218,20220218,133352500,13:33:52,9231,245,2962,22598800,0,0,0
AP204,20220218,20220218,133353000,13:33:53,9231,245,2962,22598800,0,0,0
AP204,20220218,20220218,133353500,13:33:53,9231,245,2962,22598800,0,0,0
AP204,20220218,20220218,133355000,13:33:56,9231,245,2962,22598800,0,0,0
AP204,20220218,20220218,133356000,13:33:56,9230,246,2962,22691040,1,0,92240
AP204,20220218,20220218,133358500,13:33:59,9230,246,2962,22691040,0,0,0
AP204,20220218,20220218,133359000,13:33:59,9230,246,2962,22691040,0,0,0
AP204,20220218,20220218,133359500,13:34:00,9230,246,2962,22691040,0,0,0
AP204,20220218,20220218,133400000,13:34:00,9230,246,2962,22691040,0,0,0
AP204,20220218,20220218,133400500,13:34:01,9230,246,2962,22691040,0,0,0
AP204,20220218,20220218,133401000,13:34:01,9230,246,2962,22691040,0,0,0
AP204,20220218,20220218,133409500,13:34:11,9230,246,2962,22691040,0,0,0
AP204,20220218,20220218,133411000,13:34:12,9230,246,2962,22691040,0,0,0
AP204,20220218,20220218,133411500,13:34:12,9230,246,2962,22691040,0,0,0
AP204,20220218,20220218,133412000,13:34:12,9230,246,2962,22691040,0,0,0
AP204,20220218,20220218,133412500,13:34:13,9230,246,2962,22691040,0,0,0
AP204,20220218,20220218,133413000,13:34:13,9230,246,2962,22691040,0,0,0
AP204,20220218,20220218,133414500,13:34:15,9230,246,2962,22691040,0,0,0
AP204,20220218,20220218,133415000,13:34:15,9230,246,2962,22691040,0,0,0
AP204,20220218,20220218,133416000,13:34:16,9230,246,2962,22691040,0,0,0
AP204,20220218,20220218,133416500,13:34:17,9230,246,2962,22691040,0,0,0
AP204,20220218,20220218,133417500,13:34:17,9230,246,2962,22691040,0,0,0
AP204,20220218,20220218,133421000,13:34:23,9230,246,2962,22691040,0,0,0
AP204,20220218,20220218,133426000,13:34:26,9230,246,2962,22691040,0,0,0
AP204,20220218,20220218,133426500,13:34:26,9230,246,2962,22691040,0,0,0
AP204,20220218,20220218,133427500,13:34:28,9230,246,2962,22691040,0,0,0
AP204,20220218,20220218,133428000,13:34:28,9230,246,2962,22691040,0,0,0
AP204,20220218,20220218,133432000,13:34:32,9230,246,2962,22691040,0,0,0
AP204,20220218,20220218,133432500,13:34:32,9230,246,2962,22691040,0,0,0
AP204,20220218,20220218,133434500,13:34:35,9230,246,2962,22691040,0,0,0
AP204,20220218,20220218,133435000,13:34:35,9230,246,2962,22691040,0,0,0
AP204,20220218,20220218,133436500,13:34:36,9230,246,2962,22691040,0,0,0
AP204,20220218,20220218,133437000,13:34:37,9230,246,2962,22691040,0,0,0
AP204,20220218,20220218,133437500,13:34:38,9230,246,2962,22691040,0,0,0
AP204,20220218,20220218,133439000,13:34:39,9230,246,2962,22691040,0,0,0
AP204,20220218,20220218,133440000,13:34:40,9230,246,2962,22691040,0,0,0
AP204,20220218,20220218,133440500,13:34:41,9230,246,2962,22691040,0,0,0
AP204,20220218,20220218,133441500,13:34:43,9230,246,2962,22691040,0,0,0
AP204,20220218,20220218,133442000,13:34:44,9230,246,2962,22691040,0,0,0
AP204,20220218,20220218,133443500,13:34:45,9230,246,2962,22691040,0,0,0
AP204,20220218,20220218,133446500,13:34:47,9230,246,2962,22691040,0,0,0
AP204,20220218,20220218,133447500,13:34:47,9230,246,2962,22691040,0,0,0
AP204,20220218,20220218,133448000,13:34:48,9230,246,2962,22691040,0,0,0
AP204,20220218,20220218,133449000,13:34:49,9230,246,2962,22691040,0,0,0
AP204,20220218,20220218,133451500,13:34:52,9230,246,2962,22691040,0,0,0
AP204,20220218,20220218,133452000,13:34:52,9230,246,2962,22691040,0,0,0
AP204,20220218,20220218,133454000,13:34:56,9230,246,2962,22691040,0,0,0
AP204,20220218,20220218,133458500,13:34:59,9230,246,2962,22691040,0,0,0
AP204,20220218,20220218,133459000,13:34:59,9230,246,2962,22691040,0,0,0
AP204,20220218,20220218,133459500,13:35:00,9230,246,2962,22691040,0,0,0
AP204,20220218,20220218,133500000,13:35:00,9230,246,2962,22691040,0,0,0
AP204,20220218,20220218,133501500,13:35:06,9230,246,2962,22691040,0,0,0
AP204,20220218,20220218,133502000,13:35:10,9230,246,2962,22691040,0,0,0
AP204,20220218,20220218,133503500,13:35:10,9230,246,2962,22691040,0,0,0
AP204,20220218,20220218,133508500,13:35:10,9230,246,2962,22691040,0,0,0
AP204,20220218,20220218,133510500,13:35:11,9230,246,2962,22691040,0,0,0
AP204,20220218,20220218,133511000,13:35:11,9230,246,2962,22691040,0,0,0
AP204,20220218,20220218,133512500,13:35:13,9230,246,2962,22691040,0,0,0
AP204,20220218,20220218,133523500,13:35:23,9230,246,2962,22691040,0,0,0
AP204,20220218,20220218,133524000,13:35:25,9230,246,2962,22691040,0,0,0
AP204,20220218,20220218,133524500,13:35:25,9230,246,2962,22691040,0,0,0
AP204,20220218,20220218,133525000,13:35:25,9230,246,2962,22691040,0,0,0
AP204,20220218,20220218,133526000,13:35:26,9230,246,2962,22691040,0,0,0
AP204,20220218,20220218,133527000,13:35:27,9230,246,2962,22691040,0,0,0
AP204,20220218,20220218,133527500,13:35:31,9230,246,2962,22691040,0,0,0
AP204,20220218,20220218,133530000,13:35:32,9230,246,2962,22691040,0,0,0
AP204,20220218,20220218,133532500,13:35:42,9230,246,2962,22691040,0,0,0
AP204,20220218,20220218,133538500,13:35:43,9230,246,2962,22691040,0,0,0
AP204,20220218,20220218,133545000,13:35:46,9230,246,2962,22691040,0,0,0
AP204,20220218,20220218,133545500,13:35:46,9230,246,2962,22691040,0,0,0
AP204,20220218,20220218,133546000,13:35:46,9230,246,2962,22691040,0,0,0
AP204,20220218,20220218,133548000,13:35:48,9230,246,2962,22691040,0,0,0
AP204,20220218,20220218,133548500,13:35:48,9230,246,2962,22691040,0,0,0
AP204,20220218,20220218,133550500,13:35:51,9230,246,2962,22691040,0,0,0
AP204,20220218,20220218,133553500,13:35:55,9230,246,2962,22691040,0,0,0
AP204,20220218,20220218,133555500,13:35:56,9230,246,2962,22691040,0,0,0
AP204,20220218,20220218,133559500,13:36:03,9238,250,2960,23062500,4,-2,371460
AP204,20220218,20220218,133601500,13:36:03,9238,250,2960,23062500,0,0,0
AP204,20220218,20220218,133603000,13:36:05,9238,250,2960,23062500,0,0,0
AP204,20220218,20220218,133603500,13:36:05,9238,250,2960,23062500,0,0,0
AP204,20220218,20220218,133606000,13:36:07,9238,250,2960,23062500,0,0,0
AP204,20220218,20220218,133607000,13:36:08,9238,250,2960,23062500,0,0,0
AP204,20220218,20220218,133608000,13:36:08,9238,250,2960,23062500,0,0,0
AP204,20220218,20220218,133613500,13:36:14,9238,250,2960,23062500,0,0,0
AP204,20220218,20220218,133616500,13:36:17,9238,250,2960,23062500,0,0,0
AP204,20220218,20220218,133617000,13:36:17,9238,250,2960,23062500,0,0,0
AP204,20220218,20220218,133629000,13:36:30,9238,250,2960,23062500,0,0,0
AP204,20220218,20220218,133651500,13:36:51,9238,250,2960,23062500,0,0,0
AP204,20220218,20220218,133654500,13:36:54,9238,250,2960,23062500,0,0,0
AP204,20220218,20220218,133656500,13:36:57,9238,250,2960,23062500,0,0,0
AP204,20220218,20220218,133659500,13:37:00,9238,250,2960,23062500,0,0,0
AP204,20220218,20220218,133709500,13:37:10,9238,250,2960,23062500,0,0,0
AP204,20220218,20220218,133715000,13:37:15,9238,250,2960,23062500,0,0,0
AP204,20220218,20220218,133718500,13:37:19,9238,250,2960,23062500,0,0,0
AP204,20220218,20220218,133719000,13:37:19,9238,250,2960,23062500,0,0,0
AP204,20220218,20220218,133720500,13:37:21,9238,250,2960,23062500,0,0,0
AP204,20220218,20220218,133721000,13:37:21,9238,250,2960,23062500,0,0,0
AP204,20220218,20220218,133724000,13:37:24,9238,250,2960,23062500,0,0,0
AP204,20220218,20220218,133724500,13:37:25,9238,250,2960,23062500,0,0,0
AP204,20220218,20220218,133726000,13:37:26,9238,250,2960,23062500,0,0,0
AP204,20220218,20220218,133726500,13:37:27,9238,250,2960,23062500,0,0,0
AP204,20220218,20220218,133727000,13:37:27,9238,250,2960,23062500,0,0,0
AP204,20220218,20220218,133727500,13:37:27,9238,250,2960,23062500,0,0,0
AP204,20220218,20220218,133728000,13:37:28,9238,250,2960,23062500,0,0,0
AP204,20220218,20220218,133728500,13:37:29,9238,250,2960,23062500,0,0,0
AP204,20220218,20220218,133732000,13:37:32,9238,250,2960,23062500,0,0,0
AP204,20220218,20220218,133740500,13:37:40,9238,250,2960,23062500,0,0,0
AP204,20220218,20220218,133741000,13:37:41,9238,250,2960,23062500,0,0,0
AP204,20220218,20220218,133741500,13:37:41,9238,250,2960,23062500,0,0,0
AP204,20220218,20220218,133742000,13:37:42,9238,250,2960,23062500,0,0,0
AP204,20220218,20220218,133742500,13:37:43,9238,250,2960,23062500,0,0,0
AP204,20220218,20220218,133743000,13:37:43,9238,250,2960,23062500,0,0,0
AP204,20220218,20220218,133743500,13:37:44,9238,250,2960,23062500,0,0,0
AP204,20220218,20220218,133744500,13:37:45,9238,250,2960,23062500,0,0,0
AP204,20220218,20220218,133745500,13:37:45,9238,250,2960,23062500,0,0,0
AP204,20220218,20220218,133746500,13:37:47,9238,250,2960,23062500,0,0,0
AP204,20220218,20220218,133747000,13:37:47,9238,250,2960,23062500,0,0,0
AP204,20220218,20220218,133747500,13:37:48,9238,250,2960,23062500,0,0,0
AP204,20220218,20220218,133748000,13:37:48,9238,250,2960,23062500,0,0,0
AP204,20220218,20220218,133749000,13:37:49,9238,250,2960,23062500,0,0,0
AP204,20220218,20220218,133749500,13:37:49,9238,250,2960,23062500,0,0,0
AP204,20220218,20220218,133750000,13:37:50,9238,250,2960,23062500,0,0,0
AP204,20220218,20220218,133751000,13:37:51,9238,250,2960,23062500,0,0,0
AP204,20220218,20220218,133752000,13:37:53,9238,250,2960,23062500,0,0,0
AP204,20220218,20220218,133752500,13:37:54,9238,250,2960,23062500,0,0,0
AP204,20220218,20220218,133753000,13:37:54,9238,250,2960,23062500,0,0,0
AP204,20220218,20220218,133754000,13:37:55,9238,250,2960,23062500,0,0,0
AP204,20220218,20220218,133755000,13:37:55,9238,250,2960,23062500,0,0,0
AP204,20220218,20220218,133755500,13:37:55,9238,250,2960,23062500,0,0,0
AP204,20220218,20220218,133756000,13:37:56,9238,250,2960,23062500,0,0,0
AP204,20220218,20220218,133757000,13:37:57,9238,250,2960,23062500,0,0,0
AP204,20220218,20220218,133757500,13:37:58,9238,250,2960,23062500,0,0,0
AP204,20220218,20220218,133758000,13:37:58,9238,250,2960,23062500,0,0,0
AP204,20220218,20220218,133758500,13:37:59,9238,250,2960,23062500,0,0,0
AP204,20220218,20220218,133800000,13:38:02,9238,250,2960,23062500,0,0,0
AP204,20220218,20220218,133801500,13:38:03,9238,250,2960,23062500,0,0,0
AP204,20220218,20220218,133805500,13:38:07,9238,250,2960,23062500,0,0,0
AP204,20220218,20220218,133807000,13:38:09,9238,250,2960,23062500,0,0,0
AP204,20220218,20220218,133809000,13:38:09,9238,250,2960,23062500,0,0,0
AP204,20220218,20220218,133817000,13:38:18,9238,250,2960,23062500,0,0,0
AP204,20220218,20220218,133820000,13:38:22,9238,250,2960,23062500,0,0,0
AP204,20220218,20220218,133840000,13:38:42,9238,250,2960,23062500,0,0,0
AP204,20220218,20220218,133845500,13:38:45,9238,250,2960,23062500,0,0,0
AP204,20220218,20220218,133857000,13:38:57,9238,250,2960,23062500,0,0,0
AP204,20220218,20220218,133859500,13:38:59,9238,250,2960,23062500,0,0,0
AP204,20220218,20220218,133901000,13:39:01,9238,250,2960,23062500,0,0,0
AP204,20220218,20220218,133901500,13:39:01,9238,250,2960,23062500,0,0,0
AP204,20220218,20220218,133908500,13:39:08,9238,250,2960,23062500,0,0,0
AP204,20220218,20220218,133909500,13:39:09,9238,250,2960,23062500,0,0,0
AP204,20220218,20220218,133913500,13:39:13,9238,250,2960,23062500,0,0,0
AP204,20220218,20220218,133914000,13:39:15,9238,250,2960,23062500,0,0,0
AP204,20220218,20220218,133914500,13:39:16,9238,250,2960,23062500,0,0,0
AP204,20220218,20220218,133919500,13:39:19,9238,250,2960,23062500,0,0,0
AP204,20220218,20220218,133932500,13:39:33,9238,250,2960,23062500,0,0,0
AP204,20220218,20220218,133934500,13:39:34,9238,250,2960,23062500,0,0,0
AP204,20220218,20220218,133937000,13:39:37,9238,250,2960,23062500,0,0,0
AP204,20220218,20220218,133943500,13:39:43,9238,250,2960,23062500,0,0,0
AP204,20220218,20220218,133945500,13:39:46,9238,250,2960,23062500,0,0,0
AP204,20220218,20220218,133946000,13:39:47,9245,251,2960,23154750,1,0,92250
AP204,20220218,20220218,133948000,13:39:48,9245,251,2960,23154750,0,0,0
AP204,20220218,20220218,133949500,13:39:50,9245,251,2960,23154750,0,0,0
AP204,20220218,20220218,133951000,13:39:51,9245,251,2960,23154750,0,0,0
AP204,20220218,20220218,133956000,13:39:56,9245,251,2960,23154750,0,0,0
AP204,20220218,20220218,133956500,13:39:57,9245,251,2960,23154750,0,0,0
AP204,20220218,20220218,133958500,13:40:13,9245,251,2960,23154750,0,0,0
AP204,20220218,20220218,134016000,13:40:16,9245,251,2960,23154750,0,0,0
AP204,20220218,20220218,134018000,13:40:19,9245,251,2960,23154750,0,0,0
AP204,20220218,20220218,134019500,13:40:20,9245,251,2960,23154750,0,0,0
AP204,20220218,20220218,134038000,13:40:38,9245,251,2960,23154750,0,0,0
AP204,20220218,20220218,134038500,13:40:38,9245,251,2960,23154750,0,0,0
AP204,20220218,20220218,134039500,13:40:40,9245,251,2960,23154750,0,0,0
AP204,20220218,20220218,134040000,13:40:41,9245,251,2960,23154750,0,0,0
AP204,20220218,20220218,134046000,13:40:46,9245,251,2960,23154750,0,0,0
AP204,20220218,20220218,134048500,13:40:48,9245,251,2960,23154750,0,0,0
AP204,20220218,20220218,134049000,13:40:49,9245,251,2960,23154750,0,0,0
AP204,20220218,20220218,134051000,13:40:51,9245,251,2960,23154750,0,0,0
AP204,20220218,20220218,134051500,13:40:55,9245,251,2960,23154750,0,0,0
AP204,20220218,20220218,134052000,13:40:55,9245,251,2960,23154750,0,0,0
AP204,20220218,20220218,134055000,13:40:55,9245,251,2960,23154750,0,0,0
AP204,20220218,20220218,134055500,13:40:57,9245,251,2960,23154750,0,0,0
AP204,20220218,20220218,134056000,13:40:58,9250,252,2960,23247000,1,0,92250
AP204,20220218,20220218,134057000,13:40:58,9250,252,2960,23247000,0,0,0
AP204,20220218,20220218,134057500,13:40:58,9250,252,2960,23247000,0,0,0
AP204,20220218,20220218,134100000,13:41:00,9250,252,2960,23247000,0,0,0
AP204,20220218,20220218,134100500,13:41:00,9250,252,2960,23247000,0,0,0
AP204,20220218,20220218,134101000,13:41:01,9250,252,2960,23247000,0,0,0
AP204,20220218,20220218,134101500,13:41:01,9250,252,2960,23247000,0,0,0
AP204,20220218,20220218,134102000,13:41:02,9250,252,2960,23247000,0,0,0
AP204,20220218,20220218,134104000,13:41:05,9250,252,2960,23247000,0,0,0
AP204,20220218,20220218,134104500,13:41:06,9250,252,2960,23247000,0,0,0
AP204,20220218,20220218,134105000,13:41:06,9253,254,2960,23431500,2,0,184500
AP204,20220218,20220218,134105500,13:41:06,9253,254,2960,23431500,0,0,0
AP204,20220218,20220218,134106000,13:41:07,9253,254,2960,23431500,0,0,0
AP204,20220218,20220218,134106500,13:41:07,9253,254,2960,23431500,0,0,0
AP204,20220218,20220218,134107000,13:41:09,9253,254,2960,23431500,0,0,0
AP204,20220218,20220218,134107500,13:41:09,9253,254,2960,23431500,0,0,0
AP204,20220218,20220218,134108000,13:41:09,9253,254,2960,23431500,0,0,0
AP204,20220218,20220218,134108500,13:41:10,9253,254,2960,23431500,0,0,0
AP204,20220218,20220218,134109500,13:41:10,9253,254,2960,23431500,0,0,0
AP204,20220218,20220218,134110500,13:41:10,9253,254,2960,23431500,0,0,0
AP204,20220218,20220218,134111000,13:41:11,9253,254,2960,23431500,0,0,0
AP204,20220218,20220218,134111500,13:41:12,9253,254,2960,23431500,0,0,0
AP204,20220218,20220218,134112000,13:41:12,9253,254,2960,23431500,0,0,0
AP204,20220218,20220218,134113000,13:41:13,9253,254,2960,23431500,0,0,0
AP204,20220218,20220218,134113500,13:41:13,9253,254,2960,23431500,0,0,0
AP204,20220218,20220218,134114500,13:41:16,9253,254,2960,23431500,0,0,0
AP204,20220218,20220218,134116500,13:41:17,9253,254,2960,23431500,0,0,0
AP204,20220218,20220218,134117000,13:41:17,9253,254,2960,23431500,0,0,0
AP204,20220218,20220218,134117500,13:41:18,9253,254,2960,23431500,0,0,0
AP204,20220218,20220218,134118500,13:41:19,9253,254,2960,23431500,0,0,0
AP204,20220218,20220218,134120500,13:41:23,9253,254,2960,23431500,0,0,0
AP204,20220218,20220218,134121000,13:41:23,9253,254,2960,23431500,0,0,0
AP204,20220218,20220218,134123000,13:41:24,9253,254,2960,23431500,0,0,0
AP204,20220218,20220218,134123500,13:41:24,9253,254,2960,23431500,0,0,0
AP204,20220218,20220218,134124500,13:41:26,9253,254,2960,23431500,0,0,0
AP204,20220218,20220218,134129000,13:41:29,9253,254,2960,23431500,0,0,0
AP204,20220218,20220218,134129500,13:41:30,9253,254,2960,23431500,0,0,0
AP204,20220218,20220218,134130000,13:41:30,9253,254,2960,23431500,0,0,0
AP204,20220218,20220218,134132000,13:41:33,9253,254,2960,23431500,0,0,0
AP204,20220218,20220218,134132500,13:41:33,9253,254,2960,23431500,0,0,0
AP204,20220218,20220218,134133500,13:41:34,9253,254,2960,23431500,0,0,0
AP204,20220218,20220218,134134000,13:41:34,9253,254,2960,23431500,0,0,0
AP204,20220218,20220218,134136000,13:41:39,9253,254,2960,23431500,0,0,0
AP204,20220218,20220218,134139500,13:41:40,9253,254,2960,23431500,0,0,0
AP204,20220218,20220218,134142000,13:41:42,9253,254,2960,23431500,0,0,0
AP204,20220218,20220218,134142500,13:41:42,9253,254,2960,23431500,0,0,0
AP204,20220218,20220218,134143000,13:41:43,9253,254,2960,23431500,0,0,0
AP204,20220218,20220218,134145000,13:41:45,9253,254,2960,23431500,0,0,0
AP204,20220218,20220218,134145500,13:41:45,9253,254,2960,23431500,0,0,0
AP204,20220218,20220218,134147500,13:41:48,9253,254,2960,23431500,0,0,0
AP204,20220218,20220218,134150000,13:41:50,9253,254,2960,23431500,0,0,0
AP204,20220218,20220218,134153000,13:41:53,9253,254,2960,23431500,0,0,0
AP204,20220218,20220218,134154000,13:42:02,9253,254,2960,23431500,0,0,0
AP204,20220218,20220218,134202000,13:42:06,9253,254,2960,23431500,0,0,0
AP204,20220218,20220218,134209500,13:42:11,9253,254,2960,23431500,0,0,0
AP204,20220218,20220218,134211000,13:42:12,9253,254,2960,23431500,0,0,0
AP204,20220218,20220218,134211500,13:42:12,9253,254,2960,23431500,0,0,0
AP204,20220218,20220218,134220000,13:42:21,9253,254,2960,23431500,0,0,0
AP204,20220218,20220218,134220500,13:42:21,9253,254,2960,23431500,0,0,0
AP204,20220218,20220218,134222500,13:42:22,9253,254,2960,23431500,0,0,0
AP204,20220218,20220218,134223000,13:42:23,9253,254,2960,23431500,0,0,0
AP204,20220218,20220218,134224000,13:42:25,9253,254,2960,23431500,0,0,0
AP204,20220218,20220218,134226000,13:42:27,9253,254,2960,23431500,0,0,0
AP204,20220218,20220218,134229000,13:42:29,9253,254,2960,23431500,0,0,0
AP204,20220218,20220218,134244500,13:42:44,9253,254,2960,23431500,0,0,0
AP204,20220218,20220218,134248000,13:42:48,9253,254,2960,23431500,0,0,0
AP204,20220218,20220218,134254000,13:42:54,9253,254,2960,23431500,0,0,0
AP204,20220218,20220218,134256500,13:42:57,9253,254,2960,23431500,0,0,0
AP204,20220218,20220218,134257000,13:42:59,9240,255,2960,23523750,1,0,92250
AP204,20220218,20220218,134258000,13:42:59,9240,255,2960,23523750,0,0,0
AP204,20220218,20220218,134259000,13:42:59,9240,255,2960,23523750,0,0,0
AP204,20220218,20220218,134300000,13:43:01,9240,255,2960,23523750,0,0,0
AP204,20220218,20220218,134301000,13:43:02,9240,255,2960,23523750,0,0,0
AP204,20220218,20220218,134301500,13:43:02,9240,255,2960,23523750,0,0,0
AP204,20220218,20220218,134303000,13:43:05,9240,255,2960,23523750,0,0,0
AP204,20220218,20220218,134303500,13:43:11,9240,255,2960,23523750,0,0,0
AP204,20220218,20220218,134309500,13:43:12,9240,255,2960,23523750,0,0,0
AP204,20220218,20220218,134312500,13:43:14,9240,255,2960,23523750,0,0,0
AP204,20220218,20220218,134313000,13:43:14,9240,255,2960,23523750,0,0,0
AP204,20220218,20220218,134313500,13:43:14,9240,255,2960,23523750,0,0,0
AP204,20220218,20220218,134315000,13:43:15,9240,255,2960,23523750,0,0,0
AP204,20220218,20220218,134321000,13:43:21,9240,255,2960,23523750,0,0,0
AP204,20220218,20220218,134321500,13:43:21,9240,255,2960,23523750,0,0,0
AP204,20220218,20220218,134324000,13:43:24,9240,255,2960,23523750,0,0,0
AP204,20220218,20220218,134324500,13:43:25,9240,255,2960,23523750,0,0,0
AP204,20220218,20220218,134325000,13:43:25,9240,255,2960,23523750,0,0,0
AP204,20220218,20220218,134327500,13:43:28,9240,255,2960,23523750,0,0,0
AP204,20220218,20220218,134328500,13:43:29,9240,255,2960,23523750,0,0,0
AP204,20220218,20220218,134329000,13:43:29,9240,255,2960,23523750,0,0,0
AP204,20220218,20220218,134329500,13:43:30,9240,255,2960,23523750,0,0,0
AP204,20220218,20220218,134335000,13:43:35,9240,255,2960,23523750,0,0,0
AP204,20220218,20220218,134336000,13:43:36,9240,255,2960,23523750,0,0,0
AP204,20220218,20220218,134337500,13:43:38,9240,255,2960,23523750,0,0,0
AP204,20220218,20220218,134339000,13:43:55,9240,255,2960,23523750,0,0,0
AP204,20220218,20220218,134339500,13:43:55,9240,255,2960,23523750,0,0,0
AP204,20220218,20220218,134340000,13:43:57,9240,255,2960,23523750,0,0,0
AP204,20220218,20220218,134340500,13:43:58,9240,255,2960,23523750,0,0,0
AP204,20220218,20220218,134351500,13:44:00,9240,255,2960,23523750,0,0,0
AP204,20220218,20220218,134356000,13:44:04,9240,255,2960,23523750,0,0,0
AP204,20220218,20220218,134357000,13:44:04,9240,255,2960,23523750,0,0,0
AP204,20220218,20220218,134403500,13:44:04,9250,257,2961,23708250,2,1,184500
AP204,20220218,20220218,134409000,13:44:17,9250,257,2961,23708250,0,0,0
AP204,20220218,20220218,134410000,13:44:17,9250,257,2961,23708250,0,0,0
AP204,20220218,20220218,134417000,13:44:17,9250,257,2961,23708250,0,0,0
AP204,20220218,20220218,134418000,13:44:18,9253,265,2953,24448900,8,-8,740650
AP204,20220218,20220218,134419000,13:44:21,9253,265,2953,24448900,0,0,0
AP204,20220218,20220218,134420500,13:44:23,9253,265,2953,24448900,0,0,0
AP204,20220218,20220218,134422500,13:44:23,9253,265,2953,24448900,0,0,0
AP204,20220218,20220218,134424500,13:44:24,9253,265,2953,24448900,0,0,0
AP204,20220218,20220218,134425000,13:44:25,9253,265,2953,24448900,0,0,0
AP204,20220218,20220218,134425500,13:44:25,9253,265,2953,24448900,0,0,0
AP204,20220218,20220218,134426000,13:44:26,9253,265,2953,24448900,0,0,0
AP204,20220218,20220218,134428500,13:44:29,9253,265,2953,24448900,0,0,0
AP204,20220218,20220218,134429000,13:44:29,9253,265,2953,24448900,0,0,0
AP204,20220218,20220218,134429500,13:44:37,9253,265,2953,24448900,0,0,0
AP204,20220218,20220218,134430000,13:44:37,9253,265,2953,24448900,0,0,0
AP204,20220218,20220218,134430500,13:44:37,9253,265,2953,24448900,0,0,0
AP204,20220218,20220218,134435000,13:44:37,9256,266,2953,24541160,1,0,92260
AP204,20220218,20220218,134451000,13:44:51,9256,266,2953,24541160,0,0,0
AP204,20220218,20220218,134453000,13:44:53,9256,266,2953,24541160,0,0,0
AP204,20220218,20220218,134454000,13:44:54,9256,266,2953,24541160,0,0,0
AP204,20220218,20220218,134454500,13:44:55,9256,266,2953,24541160,0,0,0
AP204,20220218,20220218,134456500,13:44:56,9256,266,2953,24541160,0,0,0
AP204,20220218,20220218,134500000,13:45:00,9256,266,2953,24541160,0,0,0
AP204,20220218,20220218,134501000,13:45:01,9256,266,2953,24541160,0,0,0
AP204,20220218,20220218,134501500,13:45:02,9256,266,2953,24541160,0,0,0
AP204,20220218,20220218,134502000,13:45:02,9256,266,2953,24541160,0,0,0
AP204,20220218,20220218,134503500,13:45:04,9256,266,2953,24541160,0,0,0
AP204,20220218,20220218,134506000,13:45:09,9256,266,2953,24541160,0,0,0
AP204,20220218,20220218,134509000,13:45:10,9256,266,2953,24541160,0,0,0
AP204,20220218,20220218,134509500,13:45:10,9256,266,2953,24541160,0,0,0
AP204,20220218,20220218,134510500,13:45:11,9256,266,2953,24541160,0,0,0
AP204,20220218,20220218,134511000,13:45:11,9258,268,2951,24728360,2,-2,187200
AP204,20220218,20220218,134512000,13:45:12,9258,268,2951,24728360,0,0,0
AP204,20220218,20220218,134516000,13:45:17,9258,268,2951,24728360,0,0,0
AP204,20220218,20220218,134520000,13:45:22,9258,268,2951,24728360,0,0,0
AP204,20220218,20220218,134522500,13:45:23,9258,268,2951,24728360,0,0,0
AP204,20220218,20220218,134523500,13:45:24,9258,268,2951,24728360,0,0,0
AP204,20220218,20220218,134525500,13:45:27,9258,269,2951,24820630,1,0,92270
AP204,20220218,20220218,134526000,13:45:27,9258,269,2951,24820630,0,0,0
AP204,20220218,20220218,134535000,13:45:35,9259,271,2951,25005170,2,0,184540
AP204,20220218,20220218,134536500,13:45:37,9259,271,2951,25005170,0,0,0
AP204,20220218,20220218,134537000,13:45:37,9259,271,2951,25005170,0,0,0
AP204,20220218,20220218,134539000,13:45:40,9259,271,2951,25005170,0,0,0
AP204,20220218,20220218,134542500,13:45:46,9259,271,2951,25005170,0,0,0
AP204,20220218,20220218,134544000,13:45:46,9259,271,2951,25005170,0,0,0
AP204,20220218,20220218,134553500,13:45:54,9259,271,2951,25005170,0,0,0
AP204,20220218,20220218,134554500,13:45:55,9259,271,2951,25005170,0,0,0
AP204,20220218,20220218,134555000,13:45:56,9259,271,2951,25005170,0,0,0
AP204,20220218,20220218,134556000,13:46:00,9259,271,2951,25005170,0,0,0
AP204,20220218,20220218,134556500,13:46:00,9259,271,2951,25005170,0,0,0
AP204,20220218,20220218,134557000,13:46:01,9259,271,2951,25005170,0,0,0
AP204,20220218,20220218,134559500,13:46:01,9259,271,2951,25005170,0,0,0
AP204,20220218,20220218,134602500,13:46:04,9259,271,2951,25005170,0,0,0
AP204,20220218,20220218,134603500,13:46:04,9259,271,2951,25005170,0,0,0
AP204,20220218,20220218,134604500,13:46:05,9259,271,2951,25005170,0,0,0
AP204,20220218,20220218,134605000,13:46:05,9259,271,2951,25005170,0,0,0
AP204,20220218,20220218,134605500,13:46:05,9259,271,2951,25005170,0,0,0
AP204,20220218,20220218,134607000,13:46:07,9259,271,2951,25005170,0,0,0
AP204,20220218,20220218,134611000,13:46:11,9262,273,2951,25189710,2,0,184540
AP204,20220218,20220218,134616500,13:46:18,9262,273,2951,25189710,0,0,0
AP204,20220218,20220218,134617500,13:46:18,9262,273,2951,25189710,0,0,0
AP204,20220218,20220218,134620500,13:46:21,9262,273,2951,25189710,0,0,0
AP204,20220218,20220218,134630000,13:46:30,9262,273,2951,25189710,0,0,0
AP204,20220218,20220218,134630500,13:46:31,9262,273,2951,25189710,0,0,0
AP204,20220218,20220218,134631000,13:46:31,9262,273,2951,25189710,0,0,0
AP204,20220218,20220218,134637000,13:46:37,9262,273,2951,25189710,0,0,0
AP204,20220218,20220218,134639500,13:46:40,9262,273,2951,25189710,0,0,0
AP204,20220218,20220218,134641000,13:46:42,9262,273,2951,25189710,0,0,0
AP204,20220218,20220218,134644500,13:46:47,9262,273,2951,25189710,0,0,0
AP204,20220218,20220218,134645000,13:46:47,9262,273,2951,25189710,0,0,0
AP204,20220218,20220218,134647500,13:46:47,9262,273,2951,25189710,0,0,0
AP204,20220218,20220218,134648000,13:46:48,9255,277,2949,25561560,4,-2,371850
AP204,20220218,20220218,134648500,13:46:48,9255,277,2949,25561560,0,0,0
AP204,20220218,20220218,134650000,13:46:50,9255,277,2949,25561560,0,0,0
AP204,20220218,20220218,134652000,13:46:52,9255,277,2949,25561560,0,0,0
AP204,20220218,20220218,134652500,13:46:53,9255,277,2949,25561560,0,0,0
AP204,20220218,20220218,134654000,13:46:55,9255,277,2949,25561560,0,0,0
AP204,20220218,20220218,134655000,13:46:55,9255,277,2949,25561560,0,0,0
AP204,20220218,20220218,134656000,13:46:56,9255,277,2949,25561560,0,0,0
AP204,20220218,20220218,134705500,13:47:06,9255,277,2949,25561560,0,0,0
AP204,20220218,20220218,134706000,13:47:10,9255,277,2949,25561560,0,0,0
AP204,20220218,20220218,134709000,13:47:11,9255,277,2949,25561560,0,0,0
AP204,20220218,20220218,134711500,13:47:16,9255,277,2949,25561560,0,0,0
AP204,20220218,20220218,134716000,13:47:16,9255,277,2949,25561560,0,0,0
AP204,20220218,20220218,134717000,13:47:17,9255,277,2949,25561560,0,0,0
AP204,20220218,20220218,134725500,13:47:27,9255,277,2949,25561560,0,0,0
AP204,20220218,20220218,134729500,13:47:29,9255,277,2949,25561560,0,0,0
AP204,20220218,20220218,134734000,13:47:36,9255,277,2949,25561560,0,0,0
AP204,20220218,20220218,134737500,13:47:38,9255,277,2949,25561560,0,0,0
AP204,20220218,20220218,134743000,13:47:43,9255,277,2949,25561560,0,0,0
AP204,20220218,20220218,134743500,13:47:44,9255,277,2949,25561560,0,0,0
AP204,20220218,20220218,134759500,13:48:00,9255,277,2949,25561560,0,0,0
AP204,20220218,20220218,134804000,13:48:04,9255,277,2949,25561560,0,0,0
AP204,20220218,20220218,134805500,13:48:05,9255,277,2949,25561560,0,0,0
AP204,20220218,20220218,134810500,13:48:10,9255,277,2949,25561560,0,0,0
AP204,20220218,20220218,134817000,13:48:18,9255,277,2949,25561560,0,0,0
AP204,20220218,20220218,134818000,13:48:19,9255,277,2949,25561560,0,0,0
AP204,20220218,20220218,134818500,13:48:20,9255,277,2949,25561560,0,0,0
AP204,20220218,20220218,134820500,13:48:22,9255,277,2949,25561560,0,0,0
AP204,20220218,20220218,134822500,13:48:23,9255,277,2949,25561560,0,0,0
AP204,20220218,20220218,134826000,13:48:27,9255,277,2949,25561560,0,0,0
AP204,20220218,20220218,134826500,13:48:27,9255,277,2949,25561560,0,0,0
AP204,20220218,20220218,134829500,13:48:30,9255,277,2949,25561560,0,0,0
AP204,20220218,20220218,134830000,13:48:31,9255,277,2949,25561560,0,0,0
AP204,20220218,20220218,134832000,13:48:32,9255,277,2949,25561560,0,0,0
AP204,20220218,20220218,134833500,13:48:34,9255,277,2949,25561560,0,0,0
AP204,20220218,20220218,134834500,13:48:36,9255,277,2949,25561560,0,0,0
AP204,20220218,20220218,134836000,13:48:37,9255,277,2949,25561560,0,0,0
AP204,20220218,20220218,134837500,13:48:37,9255,277,2949,25561560,0,0,0
AP204,20220218,20220218,134838000,13:48:38,9255,277,2949,25561560,0,0,0
AP204,20220218,20220218,134838500,13:48:38,9255,277,2949,25561560,0,0,0
AP204,20220218,20220218,134843500,13:48:43,9255,277,2949,25561560,0,0,0
AP204,20220218,20220218,134844500,13:48:44,9255,277,2949,25561560,0,0,0
AP204,20220218,20220218,134846000,13:48:46,9255,277,2949,25561560,0,0,0
AP204,20220218,20220218,134847000,13:48:47,9255,277,2949,25561560,0,0,0
AP204,20220218,20220218,134855500,13:48:56,9255,277,2949,25561560,0,0,0
AP204,20220218,20220218,134856000,13:48:57,9255,277,2949,25561560,0,0,0
AP204,20220218,20220218,134856500,13:48:57,9255,277,2949,25561560,0,0,0
AP204,20220218,20220218,134857000,13:48:57,9255,277,2949,25561560,0,0,0
AP204,20220218,20220218,134858000,13:48:58,9255,277,2949,25561560,0,0,0
AP204,20220218,20220218,134859000,13:48:59,9255,277,2949,25561560,0,0,0
AP204,20220218,20220218,134859500,13:49:00,9255,277,2949,25561560,0,0,0
AP204,20220218,20220218,134900500,13:49:00,9255,277,2949,25561560,0,0,0
AP204,20220218,20220218,134901000,13:49:01,9255,277,2949,25561560,0,0,0
AP204,20220218,20220218,134901500,13:49:02,9255,277,2949,25561560,0,0,0
AP204,20220218,20220218,134903000,13:49:03,9255,277,2949,25561560,0,0,0
AP204,20220218,20220218,134905000,13:49:05,9255,277,2949,25561560,0,0,0
AP204,20220218,20220218,134905500,13:49:05,9255,277,2949,25561560,0,0,0
AP204,20220218,20220218,134906000,13:49:06,9255,277,2949,25561560,0,0,0
AP204,20220218,20220218,134906500,13:49:06,9255,277,2949,25561560,0,0,0
AP204,20220218,20220218,134907000,13:49:07,9255,277,2949,25561560,0,0,0
AP204,20220218,20220218,134909000,13:49:09,9255,277,2949,25561560,0,0,0
AP204,20220218,20220218,134910000,13:49:10,9255,277,2949,25561560,0,0,0
AP204,20220218,20220218,134911500,13:49:12,9255,277,2949,25561560,0,0,0
AP204,20220218,20220218,134912000,13:49:12,9255,277,2949,25561560,0,0,0
AP204,20220218,20220218,134913000,13:49:13,9255,277,2949,25561560,0,0,0
AP204,20220218,20220218,134913500,13:49:13,9255,277,2949,25561560,0,0,0
AP204,20220218,20220218,134914000,13:49:14,9255,277,2949,25561560,0,0,0
AP204,20220218,20220218,134914500,13:49:14,9255,277,2949,25561560,0,0,0
AP204,20220218,20220218,134915000,13:49:15,9255,277,2949,25561560,0,0,0
AP204,20220218,20220218,134923000,13:49:24,9255,277,2949,25561560,0,0,0
AP204,20220218,20220218,134923500,13:49:24,9255,277,2949,25561560,0,0,0
AP204,20220218,20220218,134924000,13:49:24,9255,277,2949,25561560,0,0,0
AP204,20220218,20220218,134925000,13:49:25,9255,277,2949,25561560,0,0,0
AP204,20220218,20220218,134928500,13:49:29,9255,277,2949,25561560,0,0,0
AP204,20220218,20220218,134929000,13:49:29,9255,277,2949,25561560,0,0,0
AP204,20220218,20220218,134929500,13:49:30,9255,277,2949,25561560,0,0,0
AP204,20220218,20220218,134930000,13:49:30,9255,277,2949,25561560,0,0,0
AP204,20220218,20220218,134930500,13:49:31,9255,277,2949,25561560,0,0,0
AP204,20220218,20220218,134932500,13:49:32,9255,277,2949,25561560,0,0,0
AP204,20220218,20220218,134941500,13:49:42,9255,277,2949,25561560,0,0,0
AP204,20220218,20220218,134943000,13:49:43,9255,277,2949,25561560,0,0,0
AP204,20220218,20220218,134948500,13:49:48,9255,277,2949,25561560,0,0,0
AP204,20220218,20220218,134949000,13:49:49,9255,277,2949,25561560,0,0,0
AP204,20220218,20220218,134951000,13:49:51,9255,277,2949,25561560,0,0,0
AP204,20220218,20220218,134956500,13:49:57,9255,277,2949,25561560,0,0,0
AP204,20220218,20220218,135005500,13:50:06,9255,277,2949,25561560,0,0,0
AP204,20220218,20220218,135006500,13:50:07,9255,277,2949,25561560,0,0,0
AP204,20220218,20220218,135020500,13:50:26,9255,277,2949,25561560,0,0,0
AP204,20220218,20220218,135033000,13:50:37,9255,277,2949,25561560,0,0,0
AP204,20220218,20220218,135035000,13:50:37,9255,277,2949,25561560,0,0,0
AP204,20220218,20220218,135044000,13:50:45,9255,277,2949,25561560,0,0,0
AP204,20220218,20220218,135044500,13:50:45,9255,277,2949,25561560,0,0,0
AP204,20220218,20220218,135051000,13:50:51,9255,277,2949,25561560,0,0,0
AP204,20220218,20220218,135051500,13:50:52,9255,277,2949,25561560,0,0,0
AP204,20220218,20220218,135057500,13:50:58,9255,277,2949,25561560,0,0,0
AP204,20220218,20220218,135058000,13:50:58,9255,277,2949,25561560,0,0,0
AP204,20220218,20220218,135102000,13:51:02,9255,277,2949,25561560,0,0,0
AP204,20220218,20220218,135103000,13:51:03,9255,277,2949,25561560,0,0,0
AP204,20220218,20220218,135115000,13:51:21,9240,278,2950,25653840,1,1,92280
AP204,20220218,20220218,135128500,13:51:29,9240,278,2950,25653840,0,0,0
AP204,20220218,20220218,135142500,13:51:42,9240,278,2950,25653840,0,0,0
AP204,20220218,20220218,135201000,13:52:01,9240,278,2950,25653840,0,0,0
AP204,20220218,20220218,135202000,13:52:03,9240,278,2950,25653840,0,0,0
AP204,20220218,20220218,135202500,13:52:03,9240,278,2950,25653840,0,0,0
AP204,20220218,20220218,135203000,13:52:04,9240,278,2950,25653840,0,0,0
AP204,20220218,20220218,135217500,13:52:19,9240,278,2950,25653840,0,0,0
AP204,20220218,20220218,135223000,13:52:24,9240,278,2950,25653840,0,0,0
AP204,20220218,20220218,135224000,13:52:24,9240,278,2950,25653840,0,0,0
AP204,20220218,20220218,135226000,13:52:26,9240,278,2950,25653840,0,0,0
AP204,20220218,20220218,135244000,13:52:45,9240,278,2950,25653840,0,0,0
AP204,20220218,20220218,135245500,13:52:48,9240,278,2950,25653840,0,0,0
AP204,20220218,20220218,135246500,13:52:48,9240,278,2950,25653840,0,0,0
AP204,20220218,20220218,135247500,13:52:48,9240,278,2950,25653840,0,0,0
AP204,20220218,20220218,135248000,13:52:48,9240,278,2950,25653840,0,0,0
AP204,20220218,20220218,135248500,13:52:49,9240,278,2950,25653840,0,0,0
AP204,20220218,20220218,135253500,13:52:54,9240,278,2950,25653840,0,0,0
AP204,20220218,20220218,135254000,13:52:54,9240,278,2950,25653840,0,0,0
AP204,20220218,20220218,135254500,13:52:54,9240,278,2950,25653840,0,0,0
AP204,20220218,20220218,135324000,13:53:26,9240,278,2950,25653840,0,0,0
AP204,20220218,20220218,135325000,13:53:26,9240,278,2950,25653840,0,0,0
AP204,20220218,20220218,135326000,13:53:26,9240,278,2950,25653840,0,0,0
AP204,20220218,20220218,135345500,13:53:46,9240,278,2950,25653840,0,0,0
AP204,20220218,20220218,135346500,13:53:47,9240,278,2950,25653840,0,0,0
AP204,20220218,20220218,135355000,13:53:55,9240,278,2950,25653840,0,0,0
AP204,20220218,20220218,135359500,13:54:08,9240,278,2950,25653840,0,0,0
AP204,20220218,20220218,135400500,13:54:08,9240,278,2950,25653840,0,0,0
AP204,20220218,20220218,135407500,13:54:09,9240,278,2950,25653840,0,0,0
AP204,20220218,20220218,135408500,13:54:09,9240,278,2950,25653840,0,0,0
AP204,20220218,20220218,135412000,13:54:12,9240,278,2950,25653840,0,0,0
AP204,20220218,20220218,135412500,13:54:13,9240,278,2950,25653840,0,0,0
AP204,20220218,20220218,135413000,13:54:13,9240,278,2950,25653840,0,0,0
AP204,20220218,20220218,135417000,13:54:18,9240,278,2950,25653840,0,0,0
AP204,20220218,20220218,135421500,13:54:21,9240,278,2950,25653840,0,0,0
AP204,20220218,20220218,135422000,13:54:22,9240,278,2950,25653840,0,0,0
AP204,20220218,20220218,135423500,13:54:23,9240,278,2950,25653840,0,0,0
AP204,20220218,20220218,135424500,13:54:25,9240,278,2950,25653840,0,0,0
AP204,20220218,20220218,135426000,13:54:26,9240,278,2950,25653840,0,0,0
AP204,20220218,20220218,135427500,13:54:30,9240,278,2950,25653840,0,0,0
AP204,20220218,20220218,135430000,13:54:31,9240,278,2950,25653840,0,0,0
AP204,20220218,20220218,135430500,13:54:31,9240,278,2950,25653840,0,0,0
AP204,20220218,20220218,135432500,13:54:33,9240,278,2950,25653840,0,0,0
AP204,20220218,20220218,135435000,13:54:35,9240,278,2950,25653840,0,0,0
AP204,20220218,20220218,135435500,13:54:35,9240,278,2950,25653840,0,0,0
AP204,20220218,20220218,135441500,13:54:42,9240,278,2950,25653840,0,0,0
AP204,20220218,20220218,135442000,13:54:42,9240,278,2950,25653840,0,0,0
AP204,20220218,20220218,135442500,13:54:43,9240,278,2950,25653840,0,0,0
AP204,20220218,20220218,135445500,13:54:45,9240,278,2950,25653840,0,0,0
AP204,20220218,20220218,135446500,13:54:47,9240,278,2950,25653840,0,0,0
AP204,20220218,20220218,135447000,13:54:47,9240,278,2950,25653840,0,0,0
AP204,20220218,20220218,135447500,13:54:47,9240,278,2950,25653840,0,0,0
AP204,20220218,20220218,135448000,13:54:48,9240,278,2950,25653840,0,0,0
AP204,20220218,20220218,135449500,13:54:50,9240,278,2950,25653840,0,0,0
AP204,20220218,20220218,135451000,13:54:51,9240,278,2950,25653840,0,0,0
AP204,20220218,20220218,135452000,13:54:52,9240,278,2950,25653840,0,0,0
AP204,20220218,20220218,135452500,13:54:52,9240,278,2950,25653840,0,0,0
AP204,20220218,20220218,135453000,13:54:53,9240,278,2950,25653840,0,0,0
AP204,20220218,20220218,135453500,13:54:54,9240,278,2950,25653840,0,0,0
AP204,20220218,20220218,135454500,13:54:55,9240,278,2950,25653840,0,0,0
AP204,20220218,20220218,135455000,13:54:55,9240,278,2950,25653840,0,0,0
AP204,20220218,20220218,135459500,13:55:00,9240,278,2950,25653840,0,0,0
AP204,20220218,20220218,135500500,13:55:00,9240,278,2950,25653840,0,0,0
AP204,20220218,20220218,135501000,13:55:01,9240,278,2950,25653840,0,0,0
AP204,20220218,20220218,135515000,13:55:15,9240,278,2950,25653840,0,0,0
AP204,20220218,20220218,135515500,13:55:16,9240,278,2950,25653840,0,0,0
AP204,20220218,20220218,135516000,13:55:16,9240,278,2950,25653840,0,0,0
AP204,20220218,20220218,135516500,13:55:17,9240,278,2950,25653840,0,0,0
AP204,20220218,20220218,135517000,13:55:21,9240,278,2950,25653840,0,0,0
AP204,20220218,20220218,135518000,13:55:24,9240,278,2950,25653840,0,0,0
AP204,20220218,20220218,135518500,13:55:25,9240,278,2950,25653840,0,0,0
AP204,20220218,20220218,135520000,13:55:25,9240,278,2950,25653840,0,0,0
AP204,20220218,20220218,135522000,13:55:25,9240,278,2950,25653840,0,0,0
AP204,20220218,20220218,135526500,13:55:27,9240,278,2950,25653840,0,0,0
AP204,20220218,20220218,135527000,13:55:28,9240,278,2950,25653840,0,0,0
AP204,20220218,20220218,135527500,13:55:28,9240,278,2950,25653840,0,0,0
AP204,20220218,20220218,135528500,13:55:28,9240,278,2950,25653840,0,0,0
AP204,20220218,20220218,135529000,13:55:29,9240,278,2950,25653840,0,0,0
AP204,20220218,20220218,135529500,13:55:30,9240,278,2950,25653840,0,0,0
AP204,20220218,20220218,135531500,13:55:32,9240,278,2950,25653840,0,0,0
AP204,20220218,20220218,135533000,13:55:33,9240,278,2950,25653840,0,0,0
AP204,20220218,20220218,135535000,13:55:35,9240,278,2950,25653840,0,0,0
AP204,20220218,20220218,135536500,13:55:37,9240,278,2950,25653840,0,0,0
AP204,20220218,20220218,135537500,13:55:37,9240,278,2950,25653840,0,0,0
AP204,20220218,20220218,135538000,13:55:38,9240,278,2950,25653840,0,0,0
AP204,20220218,20220218,135538500,13:55:39,9240,278,2950,25653840,0,0,0
AP204,20220218,20220218,135540500,13:55:41,9240,278,2950,25653840,0,0,0
AP204,20220218,20220218,135557500,13:55:58,9240,278,2950,25653840,0,0,0
AP204,20220218,20220218,135600000,13:56:02,9240,278,2950,25653840,0,0,0
AP204,20220218,20220218,135602500,13:56:19,9240,278,2950,25653840,0,0,0
AP204,20220218,20220218,135603500,13:56:23,9240,278,2950,25653840,0,0,0
AP204,20220218,20220218,135616500,13:56:23,9240,278,2950,25653840,0,0,0
AP204,20220218,20220218,135631500,13:56:35,9240,278,2950,25653840,0,0,0
AP204,20220218,20220218,135634000,13:56:35,9240,278,2950,25653840,0,0,0
AP204,20220218,20220218,135635000,13:56:35,9240,278,2950,25653840,0,0,0
AP204,20220218,20220218,135635500,13:56:35,9240,278,2950,25653840,0,0,0
AP204,20220218,20220218,135642000,13:56:43,9240,278,2950,25653840,0,0,0
AP204,20220218,20220218,135642500,13:56:43,9240,278,2950,25653840,0,0,0
AP204,20220218,20220218,135649000,13:56:50,9240,278,2950,25653840,0,0,0
AP204,20220218,20220218,135700500,13:57:01,9240,278,2950,25653840,0,0,0
AP204,20220218,20220218,135701500,13:57:02,9240,278,2950,25653840,0,0,0
AP204,20220218,20220218,135702000,13:57:02,9240,278,2950,25653840,0,0,0
AP204,20220218,20220218,135702500,13:57:03,9240,278,2950,25653840,0,0,0
