CF205,20220218,20220218,112003000,11:20:05,21165,119541,387908,12662380425,119541,3019,12662380425
CF205,20220218,20220218,112004500,11:20:09,21165,119547,387904,12663015975,6,-4,635550
CF205,20220218,20220218,112005000,11:20:10,21165,119553,387908,12663651525,6,4,635550
CF205,20220218,20220218,112007500,11:20:10,21165,119553,387908,12663651525,0,0,0
CF205,20220218,20220218,112009500,11:20:10,21165,119554,387908,12663757450,1,0,105925
CF205,20220218,20220218,112010000,11:20:10,21165,119555,387908,12663863375,1,0,105925
CF205,20220218,20220218,112010500,11:20:10,21165,119556,387908,12663969300,1,0,105925
CF205,20220218,20220218,112011000,11:20:11,21165,119556,387908,12663969300,0,0,0
CF205,20220218,20220218,112011500,11:20:12,21160,119557,387908,12664075225,1,0,105925
CF205,20220218,20220218,112012000,11:20:12,21160,119557,387908,12664075225,0,0,0
CF205,20220218,20220218,112014000,11:20:14,21165,119558,387907,12664181150,1,-1,105925
CF205,20220218,20220218,112015000,11:20:15,21165,119558,387907,12664181150,0,0,0
CF205,20220218,20220218,112015500,11:20:16,21165,119559,387908,12664287075,1,1,105925
CF205,20220218,20220218,112016000,11:20:16,21165,119560,387908,12664393000,1,0,105925
CF205,20220218,20220218,112016500,11:20:16,21165,119561,387907,12664498925,1,-1,105925
CF205,20220218,20220218,112017000,11:20:17,21165,119561,387907,12664498925,0,0,0
CF205,20220218,20220218,112018000,11:20:18,21165,119561,387907,12664498925,0,0,0
CF205,20220218,20220218,112019000,11:20:19,21165,119561,387907,12664498925,0,0,0
CF205,20220218,20220218,112019500,11:20:20,21165,119561,387907,12664498925,0,0,0
CF205,20220218,20220218,112020000,11:20:20,21165,119592,387900,12667782600,31,-7,3283675
CF205,20220218,20220218,112020500,11:20:20,21165,119596,387897,12668206300,4,-3,423700
CF205,20220218,20220218,112021000,11:20:21,21165,119597,387897,12668312225,1,0,105925
CF205,20220218,20220218,112022000,11:20:22,21165,119597,387897,12668312225,0,0,0
CF205,20220218,20220218,112022500,11:20:23,21165,119597,387897,12668312225,0,0,0
CF205,20220218,20220218,112023000,11:20:23,21165,119597,387897,12668312225,0,0,0
CF205,20220218,20220218,112024000,11:20:24,21165,119597,387897,12668312225,0,0,0
CF205,20220218,20220218,112024500,11:20:24,21165,119597,387897,12668312225,0,0,0
CF205,20220218,20220218,112027000,11:20:27,21165,119597,387897,12668312225,0,0,0
CF205,20220218,20220218,112027500,11:20:28,21165,119597,387897,12668312225,0,0,0
CF205,20220218,20220218,112030000,11:20:31,21165,119597,387897,12668312225,0,0,0
CF205,20220218,20220218,112031000,11:20:32,21170,119599,387897,12668524075,2,0,211850
CF205,20220218,20220218,112031500,11:20:32,21170,119599,387897,12668524075,0,0,0
CF205,20220218,20220218,112033000,11:20:33,21170,119600,387897,12668630000,1,0,105925
CF205,20220218,20220218,112037500,11:20:38,21170,119600,387897,12668630000,0,0,0
CF205,20220218,20220218,112039500,11:20:40,21170,119600,387897,12668630000,0,0,0
CF205,20220218,20220218,112040500,11:20:41,21170,119600,387897,12668630000,0,0,0
CF205,20220218,20220218,112041500,11:20:41,21170,119600,387897,12668630000,0,0,0
CF205,20220218,20220218,112042000,11:20:42,21170,119600,387897,12668630000,0,0,0
CF205,20220218,20220218,112042500,11:20:42,21170,119600,387897,12668630000,0,0,0
CF205,20220218,20220218,112045000,11:20:45,21170,119600,387897,12668630000,0,0,0
CF205,20220218,20220218,112048000,11:20:48,21170,119620,387879,12670748500,20,-18,2118500
CF205,20220218,20220218,112048500,11:20:50,21170,119620,387879,12670748500,0,0,0
CF205,20220218,20220218,112050500,11:20:50,21170,119620,387879,12670748500,0,0,0
CF205,20220218,20220218,112051500,11:20:51,21170,119620,387879,12670748500,0,0,0
CF205,20220218,20220218,112054000,11:20:54,21170,119620,387879,12670748500,0,0,0
CF205,20220218,20220218,112054500,11:20:55,21170,119620,387879,12670748500,0,0,0
CF205,20220218,20220218,112055500,11:20:56,21170,119620,387879,12670748500,0,0,0
CF205,20220218,20220218,112058000,11:20:58,21170,119620,387879,12670748500,0,0,0
CF205,20220218,20220218,112059000,11:20:59,21170,119622,387879,12670960350,2,0,211850
CF205,20220218,20220218,112059500,11:21:00,21170,119645,387891,12673396625,23,12,2436275
CF205,20220218,20220218,112100000,11:21:00,21170,119645,387891,12673396625,0,0,0
CF205,20220218,20220218,112100500,11:21:00,21175,119646,387890,12673502550,1,-1,105925
CF205,20220218,20220218,112101000,11:21:01,21175,119646,387890,12673502550,0,0,0
CF205,20220218,20220218,112101500,11:21:02,21175,119651,387893,12674032175,5,3,529625
CF205,20220218,20220218,112102500,11:21:03,21170,119653,387893,12674244025,2,0,211850
CF205,20220218,20220218,112103500,11:21:04,21170,119653,387893,12674244025,0,0,0
CF205,20220218,20220218,112104500,11:21:05,21170,119653,387893,12674244025,0,0,0
CF205,20220218,20220218,112109000,11:21:10,21170,119653,387893,12674244025,0,0,0
CF205,20220218,20220218,112110500,11:21:11,21170,119653,387893,12674244025,0,0,0
CF205,20220218,20220218,112111000,11:21:11,21170,119653,387893,12674244025,0,0,0
CF205,20220218,20220218,112113500,11:21:13,21175,119654,387892,12674349950,1,-1,105925
CF205,20220218,20220218,112117000,11:21:17,21175,119654,387892,12674349950,0,0,0
CF205,20220218,20220218,112117500,11:21:18,21175,119702,387917,12679434350,48,25,5084400
CF205,20220218,20220218,112118000,11:21:18,21175,119702,387917,12679434350,0,0,0
CF205,20220218,20220218,112118500,11:21:18,21180,119705,387918,12679752125,3,1,317775
CF205,20220218,20220218,112119000,11:21:19,21180,119705,387918,12679752125,0,0,0
CF205,20220218,20220218,112121000,11:21:22,21175,119706,387918,12679858050,1,0,105925
CF205,20220218,20220218,112121500,11:21:22,21175,119706,387918,12679858050,0,0,0
CF205,20220218,20220218,112122000,11:21:22,21175,119706,387918,12679858050,0,0,0
CF205,20220218,20220218,112125500,11:23:32,21175,119706,387918,12679858050,0,0,0
CF205,20220218,20220218,112126000,11:23:33,21175,119706,387918,12679858050,0,0,0
CF205,20220218,20220218,112126500,11:23:33,21175,119706,387918,12679858050,0,0,0
CF205,20220218,20220218,112332500,11:23:33,21190,120096,387907,12721168800,390,-11,41310750
CF205,20220218,20220218,112335000,11:23:35,21190,120098,387908,12721380650,2,1,211850
CF205,20220218,20220218,112335500,11:23:35,21190,120098,387908,12721380650,0,0,0
CF205,20220218,20220218,112338000,11:23:38,21190,120099,387909,12721486575,1,1,105925
CF205,20220218,20220218,112338500,11:23:38,21185,120103,387912,12721910275,4,3,423700
CF205,20220218,20220218,112339000,11:23:39,21185,120103,387912,12721910275,0,0,0
CF205,20220218,20220218,112342000,11:23:42,21190,120126,387899,12724346550,23,-13,2436275
CF205,20220218,20220218,112342500,11:23:42,21190,120129,387901,12724664325,3,2,317775
CF205,20220218,20220218,112343000,11:23:43,21190,120129,387901,12724664325,0,0,0
CF205,20220218,20220218,112343500,11:23:43,21190,120129,387901,12724664325,0,0,0
CF205,20220218,20220218,112344500,11:23:48,21190,120151,387892,12726994675,22,-9,2330350
CF205,20220218,20220218,112345000,11:23:48,21190,120165,387899,12728477625,14,7,1482950
CF205,20220218,20220218,112345500,11:23:48,21190,120165,387899,12728477625,0,0,0
CF205,20220218,20220218,112347500,11:23:48,21190,120165,387899,12728477625,0,0,0
CF205,20220218,20220218,112348500,11:23:49,21190,120166,387898,12728583550,1,-1,105925
CF205,20220218,20220218,112349000,11:23:49,21190,120167,387899,12728689475,1,1,105925
CF205,20220218,20220218,112349500,11:23:50,21185,120170,387901,12729007250,3,2,317775
CF205,20220218,20220218,112350000,11:23:50,21185,120170,387901,12729007250,0,0,0
CF205,20220218,20220218,112351000,11:23:51,21185,120170,387901,12729007250,0,0,0
CF205,20220218,20220218,112353500,11:23:53,21185,120170,387901,12729007250,0,0,0
CF205,20220218,20220218,112355000,11:23:55,21190,120172,387899,12729219100,2,-2,211850
CF205,20220218,20220218,112356000,11:23:56,21185,120174,387898,12729430950,2,-1,211850
CF205,20220218,20220218,112400000,11:24:00,21185,120175,387898,12729536875,1,0,105925
CF205,20220218,20220218,112400500,11:24:00,21185,120175,387898,12729536875,0,0,0
CF205,20220218,20220218,112401500,11:24:01,21185,120175,387898,12729536875,0,0,0
CF205,20220218,20220218,112403000,11:24:03,21185,120176,387899,12729642800,1,1,105925
CF205,20220218,20220218,112405500,11:24:05,21185,120176,387899,12729642800,0,0,0
CF205,20220218,20220218,112406500,11:24:06,21190,120181,387896,12730172425,5,-3,529625
CF205,20220218,20220218,112408000,11:24:08,21185,120183,387896,12730384275,2,0,211850
CF205,20220218,20220218,112409500,11:24:11,21185,120184,387897,12730490200,1,1,105925
CF205,20220218,20220218,112410500,11:24:12,21185,120184,387897,12730490200,0,0,0
CF205,20220218,20220218,112411000,11:24:12,21185,120184,387897,12730490200,0,0,0
CF205,20220218,20220218,112411500,11:24:12,21185,120189,387895,12731019825,5,-2,529625
CF205,20220218,20220218,112412500,11:24:13,21185,120228,387862,12735150900,39,-33,4131075
CF205,20220218,20220218,112413000,11:24:13,21185,120228,387862,12735150900,0,0,0
CF205,20220218,20220218,112415000,11:24:15,21185,120229,387863,12735256825,1,1,105925
CF205,20220218,20220218,112417000,11:24:17,21185,120229,387863,12735256825,0,0,0
CF205,20220218,20220218,112417500,11:24:18,21185,120247,387852,12737163475,18,-11,1906650
CF205,20220218,20220218,112418000,11:24:18,21185,120249,387852,12737375325,2,0,211850
CF205,20220218,20220218,112418500,11:24:19,21185,120250,387852,12737481250,1,0,105925
CF205,20220218,20220218,112420500,11:24:20,21185,120251,387852,12737587175,1,0,105925
CF205,20220218,20220218,112421000,11:24:21,21185,120251,387852,12737587175,0,0,0
CF205,20220218,20220218,112425000,11:24:25,21185,120254,387855,12737904950,3,3,317775
CF205,20220218,20220218,112426000,11:24:26,21185,120256,387855,12738116800,2,0,211850
CF205,20220218,20220218,112427000,11:24:27,21185,120256,387855,12738116800,0,0,0
CF205,20220218,20220218,112429500,11:24:29,21185,120258,387857,12738328650,2,2,211850
CF205,20220218,20220218,112430500,11:24:30,21185,120260,387857,12738540500,2,0,211850
CF205,20220218,20220218,112434500,11:24:34,21185,120262,387857,12738752350,2,0,211850
CF205,20220218,20220218,112436000,11:24:36,21185,120263,387858,12738858275,1,1,105925
CF205,20220218,20220218,112437000,11:24:37,21185,120264,387859,12738964200,1,1,105925
CF205,20220218,20220218,112437500,11:24:37,21185,120264,387859,12738964200,0,0,0
CF205,20220218,20220218,112439500,11:24:40,21185,120268,387858,12739387900,4,-1,423700
CF205,20220218,20220218,112440000,11:24:40,21190,120278,387856,12740447150,10,-2,1059250
CF205,20220218,20220218,112440500,11:24:40,21190,120278,387856,12740447150,0,0,0
CF205,20220218,20220218,112441000,11:24:41,21190,120279,387856,12740553075,1,0,105925
CF205,20220218,20220218,112441500,11:24:41,21190,120281,387856,12740764925,2,0,211850
CF205,20220218,20220218,112442000,11:24:42,21190,120281,387856,12740764925,0,0,0
CF205,20220218,20220218,112443500,11:24:43,21190,120282,387856,12740870850,1,0,105925
CF205,20220218,20220218,112444000,11:24:44,21190,120284,387854,12741082700,2,-2,211850
CF205,20220218,20220218,112445500,11:24:45,21190,120284,387854,12741082700,0,0,0
CF205,20220218,20220218,112446000,11:24:46,21190,120285,387853,12741188625,1,-1,105925
CF205,20220218,20220218,112447000,11:24:47,21190,120285,387853,12741188625,0,0,0
CF205,20220218,20220218,112447500,11:24:47,21190,120286,387853,12741294550,1,0,105925
CF205,20220218,20220218,112448500,11:24:48,21190,120286,387853,12741294550,0,0,0
CF205,20220218,20220218,112450000,11:24:50,21185,120291,387853,12741824175,5,0,529625
CF205,20220218,20220218,112450500,11:24:50,21185,120291,387853,12741824175,0,0,0
CF205,20220218,20220218,112451000,11:24:51,21185,120291,387853,12741824175,0,0,0
CF205,20220218,20220218,112452500,11:24:52,21185,120293,387852,12742036025,2,-1,211850
CF205,20220218,20220218,112455500,11:24:56,21185,120293,387852,12742036025,0,0,0
CF205,20220218,20220218,112456000,11:24:56,21185,120293,387852,12742036025,0,0,0
CF205,20220218,20220218,112501500,11:25:03,21190,120299,387858,12742671575,6,6,635550
CF205,20220218,20220218,112502000,11:25:05,21190,120358,387907,12748921150,59,49,6249575
CF205,20220218,20220218,112502500,11:25:06,21190,120358,387907,12748921150,0,0,0
CF205,20220218,20220218,112504500,11:25:06,21195,120360,387905,12749133000,2,-2,211850
CF205,20220218,20220218,112505500,11:25:06,21190,120409,387935,12754323325,49,30,5190325
CF205,20220218,20220218,112506000,11:25:07,21190,120420,387938,12755488500,11,3,1165175
CF205,20220218,20220218,112506500,11:25:07,21190,120420,387938,12755488500,0,0,0
CF205,20220218,20220218,112507000,11:25:07,21190,120420,387938,12755488500,0,0,0
CF205,20220218,20220218,112507500,11:25:07,21190,120424,387936,12755912200,4,-2,423700
CF205,20220218,20220218,112508000,11:25:08,21190,120424,387936,12755912200,0,0,0
CF205,20220218,20220218,112508500,11:25:08,21190,120428,387938,12756335900,4,2,423700
CF205,20220218,20220218,112509000,11:25:09,21195,120429,387937,12756441825,1,-1,105925
CF205,20220218,20220218,112509500,11:25:09,21190,120430,387937,12756547750,1,0,105925
CF205,20220218,20220218,112510000,11:25:10,21195,120432,387935,12756759600,2,-2,211850
CF205,20220218,20220218,112510500,11:25:10,21195,120433,387934,12756865525,1,-1,105925
CF205,20220218,20220218,112511500,11:25:11,21195,120433,387934,12756865525,0,0,0
CF205,20220218,20220218,112512000,11:25:12,21190,120435,387935,12757077375,2,1,211850
CF205,20220218,20220218,112512500,11:25:12,21190,120435,387935,12757077375,0,0,0
CF205,20220218,20220218,112513500,11:25:15,21195,120438,387933,12757395150,3,-2,317775
CF205,20220218,20220218,112515000,11:25:16,21195,120443,387928,12757924775,5,-5,529625
CF205,20220218,20220218,112515500,11:25:16,21195,120444,387928,12758030700,1,0,105925
CF205,20220218,20220218,112516000,11:25:16,21195,120445,387928,12758136625,1,0,105925
CF205,20220218,20220218,112517000,11:25:17,21195,120445,387928,12758136625,0,0,0
CF205,20220218,20220218,112517500,11:25:18,21195,120445,387928,12758136625,0,0,0
CF205,20220218,20220218,112518000,11:25:18,21195,120445,387928,12758136625,0,0,0
CF205,20220218,20220218,112519000,11:25:19,21190,120447,387928,12758348475,2,0,211850
CF205,20220218,20220218,112519500,11:25:19,21190,120447,387928,12758348475,0,0,0
CF205,20220218,20220218,112521000,11:25:21,21195,120449,387927,12758560325,2,-1,211850
CF205,20220218,20220218,112522000,11:25:22,21195,120449,387927,12758560325,0,0,0
CF205,20220218,20220218,112523000,11:25:23,21190,120450,387927,12758666250,1,0,105925
CF205,20220218,20220218,112523500,11:25:24,21190,120450,387927,12758666250,0,0,0
CF205,20220218,20220218,112524000,11:25:25,21190,120451,387927,12758772175,1,0,105925
CF205,20220218,20220218,112525500,11:25:26,21190,120453,387925,12758984025,2,-2,211850
CF205,20220218,20220218,112526000,11:25:26,21200,120572,387860,12771589100,119,-65,12605075
CF205,20220218,20220218,112526500,11:25:27,21210,120722,387846,12787477850,150,-14,15888750
CF205,20220218,20220218,112527000,11:25:27,21210,120800,387797,12795740000,78,-49,8262150
CF205,20220218,20220218,112527500,11:25:28,21210,120880,387809,12804214000,80,12,8474000
CF205,20220218,20220218,112528000,11:25:28,21210,120881,387808,12804319925,1,-1,105925
CF205,20220218,20220218,112528500,11:25:28,21210,120882,387808,12804425850,1,0,105925
CF205,20220218,20220218,112529000,11:25:29,21210,120884,387807,12804637700,2,-1,211850
CF205,20220218,20220218,112529500,11:25:30,21205,120888,387809,12805061400,4,2,423700
CF205,20220218,20220218,112530000,11:25:30,21205,120888,387809,12805061400,0,0,0
CF205,20220218,20220218,112530500,11:25:31,21205,120888,387809,12805061400,0,0,0
CF205,20220218,20220218,112531000,11:25:31,21205,120948,387797,12811416900,60,-12,6355500
CF205,20220218,20220218,112531500,11:25:32,21210,120968,387809,12813535400,20,12,2118500
CF205,20220218,20220218,112532000,11:25:32,21210,120976,387806,12814382800,8,-3,847400
CF205,20220218,20220218,112532500,11:25:33,21210,120978,387806,12814594650,2,0,211850
CF205,20220218,20220218,112533000,11:25:33,21205,120980,387808,12814806500,2,2,211850
CF205,20220218,20220218,112533500,11:25:33,21205,120985,387809,12815336125,5,1,529625
CF205,20220218,20220218,112534000,11:25:34,21205,120986,387809,12815442050,1,0,105925
CF205,20220218,20220218,112534500,11:25:35,21205,120986,387809,12815442050,0,0,0
CF205,20220218,20220218,112535000,11:25:36,21210,120991,387804,12815971675,5,-5,529625
CF205,20220218,20220218,112535500,11:25:37,21210,120998,387797,12816713150,7,-7,741475
CF205,20220218,20220218,112536000,11:25:37,21205,120999,387798,12816819075,1,1,105925
CF205,20220218,20220218,112536500,11:25:37,21205,121001,387800,12817030925,2,2,211850
CF205,20220218,20220218,112537000,11:25:37,21210,121003,387800,12817242775,2,0,211850
CF205,20220218,20220218,112537500,11:25:38,21210,121039,387786,12821056075,36,-14,3813300
CF205,20220218,20220218,112538000,11:25:38,21210,121040,387785,12821162000,1,-1,105925
CF205,20220218,20220218,112538500,11:25:39,21210,121078,387770,12825187150,38,-15,4025150
CF205,20220218,20220218,112539000,11:25:39,21215,121090,387767,12826458250,12,-3,1271100
CF205,20220218,20220218,112539500,11:25:40,21215,121093,387769,12826776025,3,2,317775
CF205,20220218,20220218,112540000,11:25:40,21210,121095,387769,12826987875,2,0,211850
CF205,20220218,20220218,112540500,11:25:40,21215,121099,387769,12827411575,4,0,423700
CF205,20220218,20220218,112541000,11:25:41,21215,121116,387770,12829212300,17,1,1800725
CF205,20220218,20220218,112541500,11:25:41,21205,121119,387771,12829530075,3,1,317775
CF205,20220218,20220218,112542000,11:25:42,21210,121121,387772,12829741925,2,1,211850
CF205,20220218,20220218,112542500,11:25:42,21210,121124,387772,12830059700,3,0,317775
CF205,20220218,20220218,112543000,11:25:43,21210,121124,387772,12830059700,0,0,0
CF205,20220218,20220218,112543500,11:25:43,21205,121129,387771,12830589325,5,-1,529625
CF205,20220218,20220218,112544000,11:25:44,21210,121131,387769,12830801175,2,-2,211850
CF205,20220218,20220218,112544500,11:25:44,21210,121137,387764,12831436725,6,-5,635550
CF205,20220218,20220218,112545000,11:25:45,21215,121138,387764,12831542650,1,0,105925
CF205,20220218,20220218,112545500,11:25:46,21215,121138,387764,12831542650,0,0,0
CF205,20220218,20220218,112546000,11:25:47,21210,121139,387765,12831648575,1,1,105925
CF205,20220218,20220218,112546500,11:25:48,21215,121195,387752,12837580375,56,-13,5931800
CF205,20220218,20220218,112547000,11:25:48,21220,121208,387747,12838957400,13,-5,1377025
CF205,20220218,20220218,112547500,11:25:48,21225,121284,387718,12847007700,76,-29,8050300
CF205,20220218,20220218,112548000,11:25:48,21215,121345,387724,12853469125,61,6,6461425
CF205,20220218,20220218,112548500,11:25:48,21220,121354,387720,12854422450,9,-4,953325
CF205,20220218,20220218,112549000,11:25:49,21220,121354,387720,12854422450,0,0,0
CF205,20220218,20220218,112549500,11:25:49,21220,121354,387720,12854422450,0,0,0
CF205,20220218,20220218,112550000,11:25:50,21220,121361,387718,12855163925,7,-2,741475
CF205,20220218,20220218,112550500,11:25:51,21220,121367,387716,12855799475,6,-2,635550
CF205,20220218,20220218,112551000,11:25:51,21220,121370,387714,12856117250,3,-2,317775
CF205,20220218,20220218,112551500,11:25:51,21220,121382,387706,12857388350,12,-8,1271100
CF205,20220218,20220218,112552000,11:25:52,21220,121400,387696,12859295000,18,-10,1906650
CF205,20220218,20220218,112552500,11:25:52,21225,121411,387691,12860460175,11,-5,1165175
CF205,20220218,20220218,112553000,11:25:53,21225,121419,387686,12861307575,8,-5,847400
CF205,20220218,20220218,112553500,11:25:54,21220,121431,387686,12862578675,12,0,1271100
CF205,20220218,20220218,112554000,11:25:54,21215,121436,387684,12863108300,5,-2,529625
CF205,20220218,20220218,112554500,11:25:55,21220,121441,387682,12863637925,5,-2,529625
CF205,20220218,20220218,112555000,11:25:55,21220,121464,387663,12866074200,23,-19,2436275
CF205,20220218,20220218,112555500,11:25:56,21220,121469,387658,12866603825,5,-5,529625
CF205,20220218,20220218,112556000,11:25:57,21220,121481,387658,12867874925,12,0,1271100
CF205,20220218,20220218,112556500,11:25:57,21220,121488,387656,12868616400,7,-2,741475
CF205,20220218,20220218,112557000,11:25:57,21215,121491,387657,12868934175,3,1,317775
CF205,20220218,20220218,112557500,11:25:57,21220,121495,387654,12869357875,4,-3,423700
CF205,20220218,20220218,112558000,11:25:59,21220,121506,387643,12870523050,11,-11,1165175
CF205,20220218,20220218,112558500,11:25:59,21220,121529,387630,12872959325,23,-13,2436275
CF205,20220218,20220218,112559000,11:26:00,21220,121540,387631,12874124500,11,1,1165175
CF205,20220218,20220218,112559500,11:26:00,21220,121546,387625,12874760050,6,-6,635550
CF205,20220218,20220218,112600000,11:26:00,21220,121557,387622,12875925225,11,-3,1165175
CF205,20220218,20220218,112600500,11:26:01,21225,121562,387622,12876454850,5,0,529625
CF205,20220218,20220218,112601000,11:26:01,21220,121591,387615,12879526675,29,-7,3071825
CF205,20220218,20220218,112601500,11:26:01,21220,121593,387615,12879738525,2,0,211850
CF205,20220218,20220218,112602000,11:26:03,21225,121644,387568,12885140700,51,-47,5402175
CF205,20220218,20220218,112602500,11:26:03,21230,121679,387566,12888848075,35,-2,3707375
CF205,20220218,20220218,112603000,11:26:03,21225,121772,387527,12898699100,93,-39,9851025
CF205,20220218,20220218,112603500,11:26:04,21225,121780,387527,12899546500,8,0,847400
CF205,20220218,20220218,112604000,11:26:05,21225,121787,387527,12900287975,7,0,741475
CF205,20220218,20220218,112604500,11:26:05,21225,121792,387525,12900817600,5,-2,529625
CF205,20220218,20220218,112605000,11:26:05,21225,121792,387525,12900817600,0,0,0
CF205,20220218,20220218,112605500,11:26:06,21230,121836,387508,12905478300,44,-17,4660700
CF205,20220218,20220218,112606000,11:26:06,21230,121857,387519,12907702725,21,11,2224425
CF205,20220218,20220218,112606500,11:26:06,21230,121868,387508,12908867900,11,-11,1165175
CF205,20220218,20220218,112607000,11:26:09,21230,121871,387509,12909185675,3,1,317775
CF205,20220218,20220218,112607500,11:26:09,21230,121874,387508,12909503450,3,-1,317775
CF205,20220218,20220218,112608000,11:26:09,21230,121874,387508,12909503450,0,0,0
CF205,20220218,20220218,112608500,11:26:09,21230,121878,387509,12909927150,4,1,423700
CF205,20220218,20220218,112609500,11:26:10,21230,121881,387510,12910244925,3,1,317775
CF205,20220218,20220218,112610000,11:26:10,21230,121881,387510,12910244925,0,0,0
CF205,20220218,20220218,112611000,11:26:11,21230,121917,387496,12914058225,36,-14,3813300
CF205,20220218,20220218,112611500,11:26:13,21230,121939,387502,12916388575,22,6,2330350
CF205,20220218,20220218,112612000,11:26:14,21225,121950,387497,12917553750,11,-5,1165175
CF205,20220218,20220218,112612500,11:26:14,21230,121954,387498,12917977450,4,1,423700
CF205,20220218,20220218,112613000,11:26:15,21230,121966,387492,12919248550,12,-6,1271100
CF205,20220218,20220218,112614000,11:26:15,21230,121966,387492,12919248550,0,0,0
CF205,20220218,20220218,112614500,11:26:15,21230,121990,387502,12921790750,24,10,2542200
CF205,20220218,20220218,112615000,11:26:16,21235,121993,387502,12922108525,3,0,317775
CF205,20220218,20220218,112615500,11:26:16,21240,122053,387500,12928464025,60,-2,6355500
CF205,20220218,20220218,112616000,11:26:16,21235,122124,387483,12935984700,71,-17,7520675
CF205,20220218,20220218,112616500,11:26:17,21240,122146,387491,12938315050,22,8,2330350
CF205,20220218,20220218,112617000,11:26:17,21245,122152,387495,12938950600,6,4,635550
CF205,20220218,20220218,112617500,11:26:17,21240,122179,387502,12941810575,27,7,2859975
CF205,20220218,20220218,112618000,11:26:18,21240,122222,387504,12946365350,43,2,4554775
CF205,20220218,20220218,112618500,11:26:18,21240,122229,387501,12947106825,7,-3,741475
CF205,20220218,20220218,112619000,11:26:19,21240,122229,387501,12947106825,0,0,0
CF205,20220218,20220218,112619500,11:26:20,21235,122314,387462,12956110450,85,-39,9003625
CF205,20220218,20220218,112620000,11:26:20,21240,122334,387465,12958228950,20,3,2118500
CF205,20220218,20220218,112620500,11:26:20,21240,122363,387454,12961300775,29,-11,3071825
CF205,20220218,20220218,112621000,11:26:21,21240,122388,387442,12963948900,25,-12,2648125
CF205,20220218,20220218,112621500,11:26:21,21235,122464,387445,12971999200,76,3,8050300
CF205,20220218,20220218,112622000,11:26:22,21240,122485,387428,12974223625,21,-17,2224425
CF205,20220218,20220218,112622500,11:26:23,21240,122492,387423,12974965100,7,-5,741475
CF205,20220218,20220218,112623000,11:26:23,21240,122496,387423,12975388800,4,0,423700
CF205,20220218,20220218,112623500,11:26:23,21240,122496,387423,12975388800,0,0,0
CF205,20220218,20220218,112624000,11:26:24,21235,122540,387398,12980049500,44,-25,4660700
CF205,20220218,20220218,112624500,11:26:24,21240,122556,387402,12981744300,16,4,1694800
CF205,20220218,20220218,112625000,11:26:25,21235,122572,387394,12983439100,16,-8,1694800
CF205,20220218,20220218,112625500,11:26:25,21235,122582,387394,12984498350,10,0,1059250
CF205,20220218,20220218,112626000,11:26:26,21230,122584,387393,12984710200,2,-1,211850
CF205,20220218,20220218,112626500,11:26:26,21235,122587,387391,12985027975,3,-2,317775
CF205,20220218,20220218,112627000,11:26:27,21230,122591,387392,12985451675,4,1,423700
CF205,20220218,20220218,112627500,11:26:27,21235,122598,387391,12986193150,7,-1,741475
CF205,20220218,20220218,112628000,11:26:28,21230,122600,387390,12986405000,2,-1,211850
CF205,20220218,20220218,112628500,11:26:28,21230,122601,387391,12986510925,1,1,105925
CF205,20220218,20220218,112629000,11:26:29,21230,122603,387391,12986722775,2,0,211850
CF205,20220218,20220218,112629500,11:26:30,21235,122604,387390,12986828700,1,-1,105925
CF205,20220218,20220218,112630000,11:26:31,21235,122605,387390,12986934625,1,0,105925
CF205,20220218,20220218,112630500,11:26:31,21235,122609,387389,12987358325,4,-1,423700
CF205,20220218,20220218,112631000,11:26:31,21235,122617,387391,12988205725,8,2,847400
CF205,20220218,20220218,112631500,11:26:32,21230,122618,387392,12988311650,1,1,105925
CF205,20220218,20220218,112632000,11:26:32,21230,122619,387392,12988417575,1,0,105925
CF205,20220218,20220218,112632500,11:26:32,21235,122623,387392,12988841275,4,0,423700
CF205,20220218,20220218,112633000,11:26:33,21235,122644,387377,12991065700,21,-15,2224425
CF205,20220218,20220218,112633500,11:26:34,21230,122649,387381,12991595325,5,4,529625
CF205,20220218,20220218,112634000,11:26:34,21230,122650,387382,12991701250,1,1,105925
CF205,20220218,20220218,112634500,11:26:37,21230,122686,387369,12995514550,36,-13,3813300
CF205,20220218,20220218,112635000,11:26:37,21230,122718,387363,12998904150,32,-6,3389600
CF205,20220218,20220218,112635500,11:26:38,21230,122718,387363,12998904150,0,0,0
CF205,20220218,20220218,112636000,11:26:38,21230,122719,387364,12999010075,1,1,105925
CF205,20220218,20220218,112636500,11:26:38,21230,122719,387364,12999010075,0,0,0
CF205,20220218,20220218,112637500,11:27:10,21230,122729,387366,13000069325,10,2,1059250
CF205,20220218,20220218,112638000,11:27:10,21230,122735,387362,13000704875,6,-4,635550
CF205,20220218,20220218,112638500,11:27:10,21230,122735,387362,13000704875,0,0,0
CF205,20220218,20220218,112653500,11:27:10,21230,123037,387272,13032694225,302,-90,31989350
CF205,20220218,20220218,112654000,11:27:12,21230,123045,387271,13033541625,8,-1,847400
CF205,20220218,20220218,112710000,11:27:12,21230,123045,387271,13033541625,0,0,0
CF205,20220218,20220218,112710500,11:27:12,21230,123210,387236,13051019250,165,-35,17477625
CF205,20220218,20220218,112712000,11:27:12,21230,123221,387231,13052184425,11,-5,1165175
CF205,20220218,20220218,112712500,11:27:13,21230,123223,387231,13052396275,2,0,211850
CF205,20220218,20220218,112713000,11:27:13,21235,123227,387235,13052819975,4,4,423700
CF205,20220218,20220218,112713500,11:27:14,21235,123227,387235,13052819975,0,0,0
CF205,20220218,20220218,112714000,11:27:14,21235,123227,387235,13052819975,0,0,0
CF205,20220218,20220218,112714500,11:27:15,21230,123248,387235,13055044400,21,0,2224425
CF205,20220218,20220218,112715000,11:27:15,21225,123251,387233,13055362175,3,-2,317775
CF205,20220218,20220218,112715500,11:27:16,21225,123251,387233,13055362175,0,0,0
CF205,20220218,20220218,112716000,11:27:17,21225,123252,387233,13055468100,1,0,105925
CF205,20220218,20220218,112717000,11:27:17,21225,123252,387233,13055468100,0,0,0
CF205,20220218,20220218,112717500,11:27:17,21230,123256,387229,13055891800,4,-4,423700
CF205,20220218,20220218,112718500,11:27:19,21230,123256,387229,13055891800,0,0,0
CF205,20220218,20220218,112719000,11:27:19,21230,123277,387241,13058116225,21,12,2224425
CF205,20220218,20220218,112719500,11:27:20,21230,123277,387241,13058116225,0,0,0
CF205,20220218,20220218,112720000,11:27:20,21230,123280,387240,13058434000,3,-1,317775
CF205,20220218,20220218,112720500,11:27:21,21230,123281,387241,13058539925,1,1,105925
CF205,20220218,20220218,112721500,11:27:22,21230,123281,387241,13058539925,0,0,0
CF205,20220218,20220218,112722500,11:27:23,21230,123302,387241,13060764350,21,0,2224425
CF205,20220218,20220218,112723000,11:27:26,21230,123303,387242,13060870275,1,1,105925
CF205,20220218,20220218,112723500,11:27:27,21230,123303,387242,13060870275,0,0,0
CF205,20220218,20220218,112724000,11:27:27,21225,123304,387242,13060976200,1,0,105925
CF205,20220218,20220218,112726500,11:27:27,21225,123304,387242,13060976200,0,0,0
CF205,20220218,20220218,112727000,11:27:27,21230,123314,387248,13062035450,10,6,1059250
CF205,20220218,20220218,112728000,11:27:28,21230,123314,387248,13062035450,0,0,0
CF205,20220218,20220218,112728500,11:27:28,21230,123316,387248,13062247300,2,0,211850
CF205,20220218,20220218,112729500,11:27:29,21230,123335,387265,13064259875,19,17,2012575
CF205,20220218,20220218,112730000,11:27:30,21230,123336,387265,13064365800,1,0,105925
CF205,20220218,20220218,112730500,11:27:31,21230,123341,387260,13064895425,5,-5,529625
CF205,20220218,20220218,112731000,11:27:32,21235,123346,387260,13065425050,5,0,529625
CF205,20220218,20220218,112731500,11:27:35,21230,123362,387259,13067119850,16,-1,1694800
CF205,20220218,20220218,112732000,11:27:35,21230,123362,387259,13067119850,0,0,0
CF205,20220218,20220218,112732500,11:27:36,21230,123362,387259,13067119850,0,0,0
CF205,20220218,20220218,112735500,11:27:36,21230,123386,387254,13069662050,24,-5,2542200
CF205,20220218,20220218,112736000,11:27:36,21230,123389,387251,13069979825,3,-3,317775
CF205,20220218,20220218,112738500,11:27:39,21230,123389,387251,13069979825,0,0,0
CF205,20220218,20220218,112739000,11:27:39,21230,123393,387251,13070403525,4,0,423700
CF205,20220218,20220218,112739500,11:27:39,21230,123401,387251,13071250925,8,0,847400
CF205,20220218,20220218,112740000,11:27:40,21230,123401,387251,13071250925,0,0,0
CF205,20220218,20220218,112740500,11:27:40,21225,123502,387191,13081949350,101,-60,10698425
CF205,20220218,20220218,112741000,11:27:41,21230,123503,387191,13082055275,1,0,105925
CF205,20220218,20220218,112742000,11:27:42,21230,123504,387191,13082161200,1,0,105925
CF205,20220218,20220218,112742500,11:27:43,21230,123514,387197,13083220450,10,6,1059250
CF205,20220218,20220218,112743000,11:27:43,21230,123524,387189,13084279700,10,-8,1059250
CF205,20220218,20220218,112743500,11:27:43,21230,123525,387190,13084385625,1,1,105925
CF205,20220218,20220218,112744000,11:27:44,21230,123525,387190,13084385625,0,0,0
CF205,20220218,20220218,112744500,11:27:45,21230,123532,387194,13085127100,7,4,741475
CF205,20220218,20220218,112745000,11:27:46,21230,123532,387194,13085127100,0,0,0
CF205,20220218,20220218,112745500,11:27:46,21230,123535,387193,13085444875,3,-1,317775
CF205,20220218,20220218,112746000,11:27:46,21230,123599,387159,13092224075,64,-34,6779200
CF205,20220218,20220218,112746500,11:27:47,21230,123600,387159,13092330000,1,0,105925
CF205,20220218,20220218,112747000,11:27:47,21230,123601,387158,13092435925,1,-1,105925
CF205,20220218,20220218,112747500,11:27:47,21230,123624,387154,13094872200,23,-4,2436275
CF205,20220218,20220218,112748000,11:27:53,21230,123627,387153,13095189975,3,-1,317775
CF205,20220218,20220218,112748500,11:27:54,21230,123633,387149,13095825525,6,-4,635550
CF205,20220218,20220218,112749000,11:27:54,21235,123635,387148,13096037375,2,-1,211850
CF205,20220218,20220218,112749500,11:27:54,21235,123640,387148,13096567000,5,0,529625
CF205,20220218,20220218,112754000,11:27:54,21230,123694,387143,13102286950,54,-5,5719950
CF205,20220218,20220218,112754500,11:27:55,21230,123694,387143,13102286950,0,0,0
CF205,20220218,20220218,112755000,11:27:55,21230,123694,387143,13102286950,0,0,0
CF205,20220218,20220218,112755500,11:27:55,21230,123695,387144,13102392875,1,1,105925
CF205,20220218,20220218,112756000,11:27:56,21230,123696,387145,13102498800,1,1,105925
CF205,20220218,20220218,112756500,11:27:56,21230,123696,387145,13102498800,0,0,0
CF205,20220218,20220218,112757000,11:27:57,21230,123702,387150,13103134350,6,5,635550
CF205,20220218,20220218,112758000,11:27:58,21235,123722,387150,13105252850,20,0,2118500
CF205,20220218,20220218,112758500,11:27:59,21235,123844,387138,13118175700,122,-12,12922850
CF205,20220218,20220218,112759000,11:27:59,21235,123868,387148,13120717900,24,10,2542200
CF205,20220218,20220218,112759500,11:27:59,21240,123873,387145,13121247525,5,-3,529625
CF205,20220218,20220218,112800000,11:28:01,21235,123877,387144,13121671225,4,-1,423700
CF205,20220218,20220218,112800500,11:28:01,21235,123877,387144,13121671225,0,0,0
CF205,20220218,20220218,112801000,11:28:01,21240,123912,387125,13125378600,35,-19,3707375
CF205,20220218,20220218,112801500,11:28:02,21240,123925,387116,13126755625,13,-9,1377025
CF205,20220218,20220218,112802000,11:28:03,21240,123938,387113,13128132650,13,-3,1377025
CF205,20220218,20220218,112802500,11:28:03,21240,123941,387111,13128450425,3,-2,317775
CF205,20220218,20220218,112803000,11:28:04,21240,123941,387111,13128450425,0,0,0
CF205,20220218,20220218,112803500,11:28:04,21235,123952,387111,13129615600,11,0,1165175
CF205,20220218,20220218,112804000,11:28:04,21235,123952,387111,13129615600,0,0,0
CF205,20220218,20220218,112804500,11:28:05,21240,123963,387111,13130780775,11,0,1165175
CF205,20220218,20220218,112805000,11:28:06,21240,123964,387111,13130886700,1,0,105925
CF205,20220218,20220218,112805500,11:28:06,21240,123993,387087,13133958525,29,-24,3071825
CF205,20220218,20220218,112806500,11:28:10,21240,124007,387080,13135441475,14,-7,1482950
CF205,20220218,20220218,112807000,11:28:10,21240,124024,387087,13137242200,17,7,1800725
CF205,20220218,20220218,112807500,11:28:11,21240,124039,387082,13138831075,15,-5,1588875
CF205,20220218,20220218,112810000,11:28:11,21240,124107,387064,13146033975,68,-18,7202900
CF205,20220218,20220218,112810500,11:28:11,21240,124120,387061,13147411000,13,-3,1377025
CF205,20220218,20220218,112811000,11:28:12,21240,124138,387071,13149317650,18,10,1906650
CF205,20220218,20220218,112811500,11:28:12,21240,124147,387069,13150270975,9,-2,953325
CF205,20220218,20220218,112812000,11:28:12,21245,124204,387044,13156308700,57,-25,6037725
CF205,20220218,20220218,112812500,11:28:13,21240,124224,387050,13158427200,20,6,2118500
CF205,20220218,20220218,112813000,11:28:13,21245,124249,387064,13161075325,25,14,2648125
CF205,20220218,20220218,112813500,11:28:14,21240,124252,387064,13161393100,3,0,317775
CF205,20220218,20220218,112814000,11:28:14,21240,124252,387064,13161393100,0,0,0
CF205,20220218,20220218,112814500,11:28:14,21240,124260,387065,13162240500,8,1,847400
CF205,20220218,20220218,112815000,11:28:15,21240,124268,387066,13163087900,8,1,847400
CF205,20220218,20220218,112815500,11:28:15,21240,124279,387063,13164253075,11,-3,1165175
CF205,20220218,20220218,112816000,11:28:16,21240,124289,387063,13165312325,10,0,1059250
CF205,20220218,20220218,112816500,11:28:16,21240,124289,387063,13165312325,0,0,0
CF205,20220218,20220218,112817000,11:28:17,21240,124289,387063,13165312325,0,0,0
CF205,20220218,20220218,112817500,11:28:17,21245,124303,387058,13166795275,14,-5,1482950
CF205,20220218,20220218,112818000,11:28:18,21245,124313,387063,13167854525,10,5,1059250
CF205,20220218,20220218,112818500,11:28:18,21240,124321,387067,13168701925,8,4,847400
CF205,20220218,20220218,112819000,11:28:19,21240,124322,387066,13168807850,1,-1,105925
CF205,20220218,20220218,112819500,11:28:19,21240,124324,387065,13169019700,2,-1,211850
CF205,20220218,20220218,112820000,11:28:20,21240,124395,387022,13176540375,71,-43,7520675
CF205,20220218,20220218,112820500,11:28:20,21235,124431,387041,13180353675,36,19,3813300
CF205,20220218,20220218,112821000,11:28:21,21240,124438,387041,13181095150,7,0,741475
CF205,20220218,20220218,112821500,11:28:22,21240,124440,387041,13181307000,2,0,211850
CF205,20220218,20220218,112822000,11:28:22,21240,124440,387041,13181307000,0,0,0
CF205,20220218,20220218,112823000,11:28:23,21240,124441,387041,13181412925,1,0,105925
CF205,20220218,20220218,112824000,11:28:24,21235,124442,387042,13181518850,1,1,105925
CF205,20220218,20220218,112824500,11:28:24,21235,124442,387042,13181518850,0,0,0
CF205,20220218,20220218,112825000,11:28:25,21235,124451,387040,13182472175,9,-2,953325
CF205,20220218,20220218,112825500,11:28:25,21235,124456,387035,13183001800,5,-5,529625
CF205,20220218,20220218,112826000,11:28:26,21235,124466,387028,13184061050,10,-7,1059250
CF205,20220218,20220218,112826500,11:28:27,21235,124466,387028,13184061050,0,0,0
CF205,20220218,20220218,112827000,11:28:27,21235,124466,387028,13184061050,0,0,0
CF205,20220218,20220218,112827500,11:28:27,21235,124476,387028,13185120300,10,0,1059250
CF205,20220218,20220218,112828000,11:28:28,21235,124501,387023,13187768425,25,-5,2648125
CF205,20220218,20220218,112828500,11:28:28,21240,124510,387024,13188721750,9,1,953325
CF205,20220218,20220218,112829000,11:28:29,21235,124532,387033,13191052100,22,9,2330350
CF205,20220218,20220218,112829500,11:28:29,21235,124534,387033,13191263950,2,0,211850
CF205,20220218,20220218,112830000,11:28:30,21235,124534,387033,13191263950,0,0,0
CF205,20220218,20220218,112830500,11:28:31,21235,124534,387033,13191263950,0,0,0
CF205,20220218,20220218,112831000,11:28:31,21235,124537,387031,13191581725,3,-2,317775
CF205,20220218,20220218,112831500,11:28:31,21230,124538,387032,13191687650,1,1,105925
CF205,20220218,20220218,112832000,11:28:32,21235,124539,387032,13191793575,1,0,105925
CF205,20220218,20220218,112832500,11:28:33,21235,124541,387032,13192005425,2,0,211850
CF205,20220218,20220218,112833000,11:28:33,21230,124557,387032,13193700225,16,0,1694800
CF205,20220218,20220218,112833500,11:28:34,21230,124557,387032,13193700225,0,0,0
CF205,20220218,20220218,112834000,11:28:34,21230,124560,387032,13194018000,3,0,317775
CF205,20220218,20220218,112835000,11:28:35,21230,124564,387029,13194441700,4,-3,423700
CF205,20220218,20220218,112835500,11:28:36,21235,124567,387026,13194759475,3,-3,317775
CF205,20220218,20220218,112837000,11:28:37,21235,124578,387025,13195924650,11,-1,1165175
CF205,20220218,20220218,112837500,11:28:38,21235,124584,387029,13196560200,6,4,635550
CF205,20220218,20220218,112838000,11:28:38,21230,124588,387027,13196983900,4,-2,423700
CF205,20220218,20220218,112838500,11:28:38,21230,124612,387015,13199526100,24,-12,2542200
CF205,20220218,20220218,112839000,11:28:40,21230,124612,387015,13199526100,0,0,0
CF205,20220218,20220218,112839500,11:28:40,21235,124615,387015,13199843875,3,0,317775
CF205,20220218,20220218,112840000,11:28:40,21230,124619,387014,13200267575,4,-1,423700
CF205,20220218,20220218,112840500,11:28:40,21235,124621,387013,13200479425,2,-1,211850
CF205,20220218,20220218,112841000,11:28:41,21235,124621,387013,13200479425,0,0,0
CF205,20220218,20220218,112841500,11:28:41,21235,124627,387009,13201114975,6,-4,635550
CF205,20220218,20220218,112842500,11:28:42,21235,124653,386996,13203869025,26,-13,2754050
CF205,20220218,20220218,112843000,11:28:43,21240,124654,386996,13203974950,1,0,105925
CF205,20220218,20220218,112844000,11:28:44,21240,124674,386982,13206093450,20,-14,2118500
CF205,20220218,20220218,112844500,11:28:44,21240,124769,386962,13216156325,95,-20,10062875
CF205,20220218,20220218,112845000,11:28:45,21240,124774,386959,13216685950,5,-3,529625
CF205,20220218,20220218,112845500,11:28:45,21240,124774,386959,13216685950,0,0,0
CF205,20220218,20220218,112846000,11:28:46,21240,124786,386959,13217957050,12,0,1271100
CF205,20220218,20220218,112846500,11:28:46,21240,124786,386959,13217957050,0,0,0
CF205,20220218,20220218,112847000,11:28:47,21240,124788,386959,13218168900,2,0,211850
CF205,20220218,20220218,112847500,11:28:47,21240,124788,386959,13218168900,0,0,0
CF205,20220218,20220218,112848000,11:28:48,21240,124800,386962,13219440000,12,3,1271100
CF205,20220218,20220218,112848500,11:28:48,21240,124801,386962,13219545925,1,0,105925
CF205,20220218,20220218,112849000,11:28:49,21240,124802,386962,13219651850,1,0,105925
CF205,20220218,20220218,112849500,11:28:50,21240,124802,386962,13219651850,0,0,0
CF205,20220218,20220218,112850000,11:28:50,21240,124802,386962,13219651850,0,0,0
CF205,20220218,20220218,112850500,11:28:50,21240,124806,386960,13220075550,4,-2,423700
CF205,20220218,20220218,112851000,11:28:51,21245,124807,386959,13220181475,1,-1,105925
CF205,20220218,20220218,112851500,11:28:51,21240,124810,386958,13220499250,3,-1,317775
CF205,20220218,20220218,112852000,11:28:52,21245,124867,386913,13226536975,57,-45,6037725
CF205,20220218,20220218,112852500,11:28:53,21250,124886,386927,13228549550,19,14,2012575
CF205,20220218,20220218,112853000,11:28:54,21245,125021,386933,13242849425,135,6,14299875
CF205,20220218,20220218,112853500,11:28:54,21255,125058,386951,13246768650,37,18,3919225
CF205,20220218,20220218,112854000,11:28:54,21255,125144,386897,13255878200,86,-54,9109550
CF205,20220218,20220218,112854500,11:28:54,21255,125147,386896,13256195975,3,-1,317775
CF205,20220218,20220218,112855000,11:28:55,21255,125155,386889,13257043375,8,-7,847400
CF205,20220218,20220218,112855500,11:28:56,21255,125157,386890,13257255225,2,1,211850
CF205,20220218,20220218,112856000,11:28:56,21255,125187,386880,13260432975,30,-10,3177750
CF205,20220218,20220218,112856500,11:28:56,21255,125204,386865,13262233700,17,-15,1800725
CF205,20220218,20220218,112857000,11:28:57,21255,125204,386865,13262233700,0,0,0
CF205,20220218,20220218,112858000,11:28:58,21255,125209,386865,13262763325,5,0,529625
CF205,20220218,20220218,112858500,11:28:59,21255,125227,386847,13264669975,18,-18,1906650
CF205,20220218,20220218,112859000,11:28:59,21255,125241,386846,13266152925,14,-1,1482950
CF205,20220218,20220218,112859500,11:29:00,21255,125291,386820,13271449175,50,-26,5296250
CF205,20220218,20220218,112900000,11:29:00,21255,125291,386820,13271449175,0,0,0
CF205,20220218,20220218,112900500,11:29:01,21255,125291,386820,13271449175,0,0,0
CF205,20220218,20220218,112901000,11:29:01,21250,125320,386802,13274521000,29,-18,3071825
CF205,20220218,20220218,112901500,11:29:02,21255,125350,386781,13277698750,30,-21,3177750
CF205,20220218,20220218,112902000,11:29:02,21250,125353,386782,13278016525,3,1,317775
CF205,20220218,20220218,112902500,11:29:03,21255,125354,386781,13278122450,1,-1,105925
CF205,20220218,20220218,112903000,11:29:03,21255,125365,386778,13279287625,11,-3,1165175
CF205,20220218,20220218,112903500,11:29:04,21250,125376,386777,13280452800,11,-1,1165175
CF205,20220218,20220218,112904000,11:29:04,21250,125382,386781,13281088350,6,4,635550
CF205,20220218,20220218,112904500,11:29:04,21250,125382,386781,13281088350,0,0,0
CF205,20220218,20220218,112905000,11:29:05,21250,125393,386790,13282253525,11,9,1165175
CF205,20220218,20220218,112905500,11:29:06,21245,125398,386795,13282783150,5,5,529625
CF205,20220218,20220218,112906000,11:29:06,21250,125411,386796,13284160175,13,1,1377025
CF205,20220218,20220218,112906500,11:29:06,21250,125419,386799,13285007575,8,3,847400
CF205,20220218,20220218,112907000,11:29:07,21250,125450,386795,13288291250,31,-4,3283675
CF205,20220218,20220218,112907500,11:29:08,21250,125455,386791,13288820875,5,-4,529625
CF205,20220218,20220218,112908000,11:29:08,21245,125460,386793,13289350500,5,2,529625
CF205,20220218,20220218,112908500,11:29:08,21250,125471,386785,13290515675,11,-8,1165175
CF205,20220218,20220218,112909000,11:29:09,21250,125481,386775,13291574925,10,-10,1059250
CF205,20220218,20220218,112909500,11:29:09,21250,125482,386774,13291680850,1,-1,105925
CF205,20220218,20220218,112910000,11:29:10,21250,125523,386774,13296023775,41,0,4342925
CF205,20220218,20220218,112910500,11:29:10,21250,125540,386763,13297824500,17,-11,1800725
CF205,20220218,20220218,112911000,11:29:11,21250,125541,386763,13297930425,1,0,105925
CF205,20220218,20220218,112911500,11:29:12,21250,125680,386675,13312654000,139,-88,14723575
CF205,20220218,20220218,112912000,11:29:12,21245,125728,386704,13317738400,48,29,5084400
CF205,20220218,20220218,112912500,11:29:12,21245,125728,386704,13317738400,0,0,0
CF205,20220218,20220218,112913000,11:29:13,21250,125732,386703,13318162100,4,-1,423700
CF205,20220218,20220218,112913500,11:29:14,21250,125737,386701,13318691725,5,-2,529625
CF205,20220218,20220218,112914000,11:29:14,21250,125765,386683,13321657625,28,-18,2965900
CF205,20220218,20220218,112914500,11:29:14,21250,125766,386683,13321763550,1,0,105925
CF205,20220218,20220218,112915000,11:29:15,21250,125766,386683,13321763550,0,0,0
CF205,20220218,20220218,112915500,11:29:16,21250,125773,386677,13322505025,7,-6,741475
CF205,20220218,20220218,112916000,11:29:16,21250,125778,386675,13323034650,5,-2,529625
CF205,20220218,20220218,112916500,11:29:17,21250,125781,386674,13323352425,3,-1,317775
CF205,20220218,20220218,112917000,11:29:20,21250,125781,386674,13323352425,0,0,0
CF205,20220218,20220218,112917500,11:29:21,21250,125781,386674,13323352425,0,0,0
CF205,20220218,20220218,112918000,11:29:21,21250,125790,386674,13324305750,9,0,953325
CF205,20220218,20220218,112920500,11:29:21,21250,125790,386674,13324305750,0,0,0
CF205,20220218,20220218,112921000,11:29:22,21250,125790,386674,13324305750,0,0,0
CF205,20220218,20220218,112921500,11:29:24,21250,125960,386571,13342313000,170,-103,18007250
CF205,20220218,20220218,112922000,11:29:24,21245,125970,386571,13343372250,10,0,1059250
CF205,20220218,20220218,112922500,11:29:24,21245,125970,386571,13343372250,0,0,0
CF205,20220218,20220218,112924000,11:29:24,21245,125972,386572,13343584100,2,1,211850
CF205,20220218,20220218,112924500,11:29:24,21245,125972,386572,13343584100,0,0,0
CF205,20220218,20220218,112925000,11:29:25,21250,125973,386571,13343690025,1,-1,105925
CF205,20220218,20220218,112925500,11:29:25,21250,125973,386571,13343690025,0,0,0
CF205,20220218,20220218,112926000,11:29:26,21250,125975,386573,13343901875,2,2,211850
CF205,20220218,20220218,112926500,11:29:26,21250,125975,386573,13343901875,0,0,0
CF205,20220218,20220218,112927000,11:29:27,21245,125987,386571,13345172975,12,-2,1271100
CF205,20220218,20220218,112927500,11:29:27,21245,125988,386571,13345278900,1,0,105925
CF205,20220218,20220218,112928000,11:29:28,21250,125989,386571,13345384825,1,0,105925
CF205,20220218,20220218,112928500,11:29:28,21240,126003,386567,13346867775,14,-4,1482950
CF205,20220218,20220218,112929000,11:29:29,21250,126004,386568,13346973700,1,1,105925
CF205,20220218,20220218,112929500,11:29:29,21240,126005,386568,13347079625,1,0,105925
CF205,20220218,20220218,112930000,11:29:30,21245,126006,386568,13347185550,1,0,105925
CF205,20220218,20220218,112930500,11:29:30,21245,126006,386568,13347185550,0,0,0
CF205,20220218,20220218,112931000,11:29:32,21240,126019,386559,13348562575,13,-9,1377025
CF205,20220218,20220218,112931500,11:29:32,21245,126028,386553,13349515900,9,-6,953325
CF205,20220218,20220218,112932000,11:29:36,21245,126029,386553,13349621825,1,0,105925
CF205,20220218,20220218,112932500,11:29:36,21245,126033,386553,13350045525,4,0,423700
CF205,20220218,20220218,112933000,11:29:37,21245,126035,386552,13350257375,2,-1,211850
CF205,20220218,20220218,112936500,11:29:38,21245,126076,386550,13354600300,41,-2,4342925
CF205,20220218,20220218,112937000,11:29:38,21245,126076,386550,13354600300,0,0,0
CF205,20220218,20220218,112937500,11:29:38,21245,126078,386550,13354812150,2,0,211850
CF205,20220218,20220218,112938500,11:29:39,21245,126078,386550,13354812150,0,0,0
CF205,20220218,20220218,112939000,11:29:39,21245,126079,386551,13354918075,1,1,105925
CF205,20220218,20220218,112939500,11:29:40,21245,126080,386552,13355024000,1,1,105925
CF205,20220218,20220218,112940000,11:29:40,21245,126080,386552,13355024000,0,0,0
CF205,20220218,20220218,112940500,11:29:40,21245,126082,386552,13355235850,2,0,211850
CF205,20220218,20220218,112941000,11:29:41,21245,126082,386552,13355235850,0,0,0
CF205,20220218,20220218,112941500,11:29:42,21245,126082,386552,13355235850,0,0,0
CF205,20220218,20220218,112942000,11:29:42,21245,126082,386552,13355235850,0,0,0
CF205,20220218,20220218,112942500,11:29:44,21245,126082,386552,13355235850,0,0,0
CF205,20220218,20220218,112943000,11:29:45,21245,126142,386532,13361591350,60,-20,6355500
CF205,20220218,20220218,112943500,11:29:45,21245,126145,386530,13361909125,3,-2,317775
CF205,20220218,20220218,112944000,11:29:45,21245,126145,386530,13361909125,0,0,0
CF205,20220218,20220218,112944500,11:29:45,21245,126146,386530,13362015050,1,0,105925
CF205,20220218,20220218,112945000,11:29:46,21245,126150,386527,13362438750,4,-3,423700
CF205,20220218,20220218,112945500,11:29:46,21245,126154,386527,13362862450,4,0,423700
CF205,20220218,20220218,112946000,11:29:46,21245,126160,386522,13366652000,6,-5,3789550
CF205,20220218,20220218,112947000,11:29:47,21245,126162,386521,13366863900,2,-1,211900
CF205,20220218,20220218,112947500,11:29:48,21245,126165,386521,13367181750,3,0,317850
CF205,20220218,20220218,112948000,11:29:48,21245,126165,386521,13367181750,0,0,0
CF205,20220218,20220218,112948500,11:29:49,21245,126168,386519,13367499600,3,-2,317850
CF205,20220218,20220218,112949000,11:29:50,21245,126169,386520,13367605550,1,1,105950
CF205,20220218,20220218,112949500,11:29:50,21245,126170,386520,13367711500,1,0,105950
CF205,20220218,20220218,112950000,11:29:51,21245,126175,386517,13368241250,5,-3,529750
CF205,20220218,20220218,112950500,11:29:51,21245,126182,386510,13368982900,7,-7,741650
CF205,20220218,20220218,112951500,11:29:52,21245,126182,386510,13368982900,0,0,0
CF205,20220218,20220218,112952000,11:29:52,21245,126182,386510,13368982900,0,0,0
CF205,20220218,20220218,112952500,11:29:53,21250,126202,386491,13371101900,20,-19,2119000
CF205,20220218,20220218,112953000,11:29:54,21245,126203,386490,13371207850,1,-1,105950
CF205,20220218,20220218,112953500,11:29:54,21245,126203,386490,13371207850,0,0,0
CF205,20220218,20220218,112954000,11:29:54,21245,126214,386490,13372373300,11,0,1165450
CF205,20220218,20220218,112954500,11:29:54,21245,126228,386491,13373856600,14,1,1483300
CF205,20220218,20220218,112955000,11:29:55,21245,126230,386490,13374068500,2,-1,211900
CF205,20220218,20220218,112955500,11:29:56,21245,126233,386491,13374386350,3,1,317850
CF205,20220218,20220218,112956000,11:29:56,21240,126241,386496,13375233950,8,5,847600
CF205,20220218,20220218,112956500,11:30:00,21240,126241,386496,13375233950,0,0,0
CF205,20220218,20220218,112957000,11:30:00,21245,126244,386494,13375551800,3,-2,317850
CF205,20220218,20220218,112957500,11:30:02,21245,126251,386493,13376293450,7,-1,741650
CF205,20220218,20220218,112959500,11:30:02,21245,126272,386486,13378518400,21,-7,2224950
CF205,20220218,20220218,113000500,11:30:03,21245,126272,386486,13378518400,0,0,0
CF205,20220218,20220218,133000500,13:30:00,21245,126353,386520,13387100350,81,34,8581950
CF205,20220218,20220218,133001000,13:30:01,21255,126405,386535,13392609750,52,15,5509400
CF205,20220218,20220218,133001500,13:30:02,21255,126452,386546,13397589400,47,11,4979650
CF205,20220218,20220218,133002000,13:30:08,21255,126508,386553,13403522600,56,7,5933200
CF205,20220218,20220218,133002500,13:30:10,21245,126540,386557,13406913000,32,4,3390400
CF205,20220218,20220218,133008000,13:30:10,21265,127236,386546,13480654200,696,-11,73741200
CF205,20220218,20220218,133009500,13:30:10,21265,127278,386544,13485104100,42,-2,4449900
CF205,20220218,20220218,133010000,13:30:11,21265,127289,386540,13486269550,11,-4,1165450
CF205,20220218,20220218,133010500,13:30:12,21265,127290,386540,13486375500,1,0,105950
CF205,20220218,20220218,133011000,13:30:12,21260,127332,386518,13490825400,42,-22,4449900
CF205,20220218,20220218,133011500,13:30:13,21270,127371,386539,13494957450,39,21,4132050
CF205,20220218,20220218,133012500,13:30:13,21265,127407,386548,13498771650,36,9,3814200
CF205,20220218,20220218,133013000,13:30:13,21265,127407,386548,13498771650,0,0,0
CF205,20220218,20220218,133013500,13:30:14,21260,127414,386549,13499513300,7,1,741650
CF205,20220218,20220218,133014000,13:30:15,21270,127427,386547,13500890650,13,-2,1377350
CF205,20220218,20220218,133014500,13:30:16,21265,127437,386549,13501950150,10,2,1059500
CF205,20220218,20220218,133015000,13:30:17,21265,127437,386549,13501950150,0,0,0
CF205,20220218,20220218,133016500,13:30:18,21260,127521,386555,13510849950,84,6,8899800
CF205,20220218,20220218,133017000,13:30:18,21265,127558,386564,13514770100,37,9,3920150
CF205,20220218,20220218,133017500,13:30:18,21265,127588,386556,13517948600,30,-8,3178500
CF205,20220218,20220218,133018000,13:30:19,21265,127625,386547,13521868750,37,-9,3920150
CF205,20220218,20220218,133018500,13:30:20,21270,127647,386548,13524199650,22,1,2330900
CF205,20220218,20220218,133019000,13:30:20,21265,127651,386545,13524623450,4,-3,423800
CF205,20220218,20220218,133019500,13:30:20,21265,127667,386547,13526318650,16,2,1695200
CF205,20220218,20220218,133020000,13:30:21,21265,127673,386545,13526954350,6,-2,635700
CF205,20220218,20220218,133020500,13:30:21,21265,127674,386545,13527060300,1,0,105950
CF205,20220218,20220218,133021000,13:30:21,21265,127675,386545,13527166250,1,0,105950
CF205,20220218,20220218,133022000,13:30:38,21265,127675,386545,13527166250,0,0,0
CF205,20220218,20220218,133022500,13:30:38,21270,127699,386543,13529709050,24,-2,2542800
CF205,20220218,20220218,133023000,13:30:39,21265,127709,386536,13530768550,10,-7,1059500
CF205,20220218,20220218,133038000,13:30:40,21265,127709,386536,13530768550,0,0,0
CF205,20220218,20220218,133038500,13:30:42,21265,127709,386536,13530768550,0,0,0
CF205,20220218,20220218,133040500,13:30:42,21245,127987,386512,13560222650,278,-24,29454100
CF205,20220218,20220218,133041000,13:30:43,21245,127988,386511,13560328600,1,-1,105950
CF205,20220218,20220218,133042500,13:30:44,21245,128004,386497,13562023800,16,-14,1695200
CF205,20220218,20220218,133043000,13:30:44,21245,128019,386486,13563613050,15,-11,1589250
CF205,20220218,20220218,133043500,13:30:44,21245,128019,386486,13563613050,0,0,0
CF205,20220218,20220218,133044500,13:30:45,21250,128025,386486,13564248750,6,0,635700
CF205,20220218,20220218,133045000,13:30:46,21250,128027,386484,13564460650,2,-2,211900
CF205,20220218,20220218,133045500,13:30:47,21245,128028,386483,13564566600,1,-1,105950
CF205,20220218,20220218,133046000,13:30:47,21245,128029,386482,13564672550,1,-1,105950
CF205,20220218,20220218,133046500,13:30:47,21245,128029,386482,13564672550,0,0,0
CF205,20220218,20220218,133047000,13:30:48,21245,128038,386478,13565626100,9,-4,953550
CF205,20220218,20220218,133047500,13:30:48,21245,128048,386478,13566685600,10,0,1059500
CF205,20220218,20220218,133048500,13:30:49,21250,128050,386480,13566897500,2,2,211900
CF205,20220218,20220218,133049000,13:30:50,21245,128055,386476,13567427250,5,-4,529750
CF205,20220218,20220218,133049500,13:30:50,21250,128062,386472,13568168900,7,-4,741650
CF205,20220218,20220218,133050000,13:30:51,21250,128062,386472,13568168900,0,0,0
CF205,20220218,20220218,133050500,13:30:51,21250,128062,386472,13568168900,0,0,0
CF205,20220218,20220218,133051000,13:30:52,21250,128068,386471,13568804600,6,-1,635700
CF205,20220218,20220218,133051500,13:30:52,21245,128081,386467,13570181950,13,-4,1377350
CF205,20220218,20220218,133052000,13:30:53,21245,128081,386467,13570181950,0,0,0
CF205,20220218,20220218,133052500,13:30:53,21245,128081,386467,13570181950,0,0,0
CF205,20220218,20220218,133053000,13:30:54,21250,128085,386467,13570605750,4,0,423800
CF205,20220218,20220218,133054000,13:30:54,21250,128085,386467,13570605750,0,0,0
CF205,20220218,20220218,133054500,13:30:55,21245,128092,386467,13571347400,7,0,741650
CF205,20220218,20220218,133055000,13:30:56,21245,128112,386448,13573466400,20,-19,2119000
CF205,20220218,20220218,133055500,13:30:56,21245,128112,386448,13573466400,0,0,0
CF205,20220218,20220218,133056500,13:30:57,21250,128125,386449,13574843750,13,1,1377350
CF205,20220218,20220218,133057000,13:30:57,21245,128127,386447,13575055650,2,-2,211900
CF205,20220218,20220218,133057500,13:30:58,21245,128128,386447,13575161600,1,0,105950
CF205,20220218,20220218,133058000,13:30:58,21245,128128,386447,13575161600,0,0,0
CF205,20220218,20220218,133058500,13:30:59,21245,128128,386447,13575161600,0,0,0
CF205,20220218,20220218,133059000,13:30:59,21250,128190,386452,13581730500,62,5,6568900
CF205,20220218,20220218,133059500,13:30:59,21250,128191,386453,13581836450,1,1,105950
CF205,20220218,20220218,133100000,13:31:00,21250,128194,386455,13582154300,3,2,317850
CF205,20220218,20220218,133100500,13:31:01,21250,128194,386455,13582154300,0,0,0
CF205,20220218,20220218,133101500,13:31:01,21250,128194,386455,13582154300,0,0,0
CF205,20220218,20220218,133102000,13:31:02,21250,128231,386472,13586074450,37,17,3920150
CF205,20220218,20220218,133102500,13:31:02,21260,128232,386471,13586180400,1,-1,105950
CF205,20220218,20220218,133103000,13:31:03,21260,128242,386463,13587239900,10,-8,1059500
CF205,20220218,20220218,133103500,13:31:04,21260,128242,386463,13587239900,0,0,0
CF205,20220218,20220218,133104000,13:31:06,21260,128242,386463,13587239900,0,0,0
CF205,20220218,20220218,133104500,13:31:06,21260,128275,386475,13590736250,33,12,3496350
CF205,20220218,20220218,133105500,13:31:07,21260,128275,386475,13590736250,0,0,0
CF205,20220218,20220218,133106000,13:31:08,21265,128347,386493,13598364650,72,18,7628400
CF205,20220218,20220218,133107500,13:31:08,21265,128404,386501,13604403800,57,8,6039150
CF205,20220218,20220218,133108500,13:31:09,21270,128438,386479,13608006100,34,-22,3602300
CF205,20220218,20220218,133109000,13:31:09,21270,128445,386477,13608747750,7,-2,741650
CF205,20220218,20220218,133109500,13:31:10,21270,128450,386476,13609277500,5,-1,529750
CF205,20220218,20220218,133110000,13:31:11,21270,128462,386469,13610548900,12,-7,1271400
CF205,20220218,20220218,133110500,13:31:11,21270,128512,386471,13615846400,50,2,5297500
CF205,20220218,20220218,133111000,13:31:11,21265,128528,386470,13617541600,16,-1,1695200
CF205,20220218,20220218,133111500,13:31:12,21270,128536,386474,13618389200,8,4,847600
CF205,20220218,20220218,133112000,13:31:13,21270,128538,386476,13618601100,2,2,211900
CF205,20220218,20220218,133112500,13:31:13,21265,128540,386477,13618813000,2,1,211900
CF205,20220218,20220218,133113000,13:31:13,21270,128541,386477,13618918950,1,0,105950
CF205,20220218,20220218,133113500,13:31:14,21265,128555,386480,13620402250,14,3,1483300
CF205,20220218,20220218,133114000,13:31:15,21265,128558,386480,13620720100,3,0,317850
CF205,20220218,20220218,133115000,13:31:15,21270,128560,386480,13620932000,2,0,211900
CF205,20220218,20220218,133115500,13:31:15,21270,128561,386480,13621037950,1,0,105950
CF205,20220218,20220218,133116000,13:31:16,21270,128563,386479,13621249850,2,-1,211900
CF205,20220218,20220218,133116500,13:31:17,21270,128571,386481,13622097450,8,2,847600
CF205,20220218,20220218,133117000,13:31:17,21270,128614,386456,13626653300,43,-25,4555850
CF205,20220218,20220218,133117500,13:31:18,21270,128617,386458,13626971150,3,2,317850
CF205,20220218,20220218,133118000,13:31:18,21270,128619,386459,13627183050,2,1,211900
CF205,20220218,20220218,133118500,13:31:19,21270,128622,386460,13627500900,3,1,317850
CF205,20220218,20220218,133119000,13:31:19,21270,128689,386436,13634599550,67,-24,7098650
CF205,20220218,20220218,133119500,13:31:20,21265,128690,386436,13634705500,1,0,105950
CF205,20220218,20220218,133120000,13:31:20,21265,128690,386436,13634705500,0,0,0
CF205,20220218,20220218,133122000,13:31:22,21270,128691,386435,13634811450,1,-1,105950
CF205,20220218,20220218,133122500,13:31:25,21270,128691,386435,13634811450,0,0,0
CF205,20220218,20220218,133123500,13:31:25,21270,128692,386434,13634917400,1,-1,105950
CF205,20220218,20220218,133124000,13:31:25,21270,128693,386433,13635023350,1,-1,105950
CF205,20220218,20220218,133124500,13:31:25,21270,128693,386433,13635023350,0,0,0
CF205,20220218,20220218,133156000,13:31:56,21265,128694,386433,13635129300,1,0,105950
CF205,20220218,20220218,133158000,13:31:58,21265,128696,386433,13635341200,2,0,211900
CF205,20220218,20220218,133158500,13:31:58,21270,128702,386427,13635976900,6,-6,635700
CF205,20220218,20220218,133159500,13:32:00,21275,129350,386352,13704632500,648,-75,68655600
CF205,20220218,20220218,133200000,13:32:00,21275,129362,386345,13705903900,12,-7,1271400
CF205,20220218,20220218,133200500,13:32:01,21280,129425,386349,13712578750,63,4,6674850
CF205,20220218,20220218,133201000,13:32:01,21280,129434,386350,13713532300,9,1,953550
CF205,20220218,20220218,133201500,13:32:01,21275,129439,386350,13714062050,5,0,529750
CF205,20220218,20220218,133202000,13:32:03,21280,129540,386266,13724763000,101,-84,10700950
CF205,20220218,20220218,133202500,13:32:04,21280,129565,386262,13727411750,25,-4,2648750
CF205,20220218,20220218,133203000,13:32:05,21280,129622,386281,13733450900,57,19,6039150
CF205,20220218,20220218,133203500,13:32:05,21290,129637,386277,13735040150,15,-4,1589250
CF205,20220218,20220218,133204000,13:32:05,21290,129683,386276,13739913850,46,-1,4873700
CF205,20220218,20220218,133205000,13:32:05,21290,129694,386275,13741079300,11,-1,1165450
CF205,20220218,20220218,133205500,13:32:06,21285,129699,386277,13741609050,5,2,529750
CF205,20220218,20220218,133206000,13:32:07,21290,129737,386263,13745635150,38,-14,4026100
CF205,20220218,20220218,133206500,13:32:07,21285,129750,386272,13747012500,13,9,1377350
CF205,20220218,20220218,133207000,13:32:07,21285,129758,386269,13747860100,8,-3,847600
CF205,20220218,20220218,133207500,13:32:07,21285,129766,386268,13748707700,8,-1,847600
CF205,20220218,20220218,133208000,13:32:09,21280,129779,386260,13750085050,13,-8,1377350
CF205,20220218,20220218,133208500,13:32:10,21285,129780,386259,13750191000,1,-1,105950
CF205,20220218,20220218,133209000,13:32:10,21285,129784,386258,13750614800,4,-1,423800
CF205,20220218,20220218,133209500,13:32:10,21280,129785,386258,13750720750,1,0,105950
CF205,20220218,20220218,133210000,13:32:10,21285,129799,386249,13752204050,14,-9,1483300
CF205,20220218,20220218,133210500,13:32:13,21285,129800,386249,13752310000,1,0,105950
CF205,20220218,20220218,133211000,13:32:14,21280,129845,386231,13757077750,45,-18,4767750
CF205,20220218,20220218,133213000,13:32:15,21280,129853,386229,13757925350,8,-2,847600
CF205,20220218,20220218,133214000,13:32:15,21285,129859,386226,13758561050,6,-3,635700
CF205,20220218,20220218,133214500,13:32:16,21285,129862,386223,13758878900,3,-3,317850
CF205,20220218,20220218,133215000,13:32:16,21280,129863,386223,13758984850,1,0,105950
CF205,20220218,20220218,133215500,13:32:16,21280,129863,386223,13758984850,0,0,0
CF205,20220218,20220218,133217000,13:32:17,21285,129865,386222,13759196750,2,-1,211900
CF205,20220218,20220218,133217500,13:32:18,21285,129868,386222,13759514600,3,0,317850
CF205,20220218,20220218,133218000,13:32:18,21280,129878,386214,13760574100,10,-8,1059500
CF205,20220218,20220218,133218500,13:32:19,21285,129881,386214,13760891950,3,0,317850
CF205,20220218,20220218,133219000,13:32:20,21280,129884,386212,13761209800,3,-2,317850
CF205,20220218,20220218,133219500,13:32:20,21285,129886,386212,13761421700,2,0,211900
CF205,20220218,20220218,133220000,13:32:20,21285,129917,386197,13764706150,31,-15,3284450
CF205,20220218,20220218,133220500,13:32:21,21285,129919,386196,13764918050,2,-1,211900
CF205,20220218,20220218,133221000,13:32:21,21290,129975,386209,13770851250,56,13,5933200
CF205,20220218,20220218,133221500,13:32:22,21290,130032,386204,13776890400,57,-5,6039150
CF205,20220218,20220218,133222000,13:32:22,21285,130055,386204,13779327250,23,0,2436850
CF205,20220218,20220218,133222500,13:32:23,21290,130059,386202,13779751050,4,-2,423800
CF205,20220218,20220218,133223000,13:32:24,21290,130061,386200,13779962950,2,-2,211900
CF205,20220218,20220218,133223500,13:32:24,21285,130063,386200,13780174850,2,0,211900
CF205,20220218,20220218,133224000,13:32:24,21290,130082,386202,13782187900,19,2,2013050
CF205,20220218,20220218,133225000,13:32:25,21290,130092,386198,13783247400,10,-4,1059500
CF205,20220218,20220218,133225500,13:32:26,21290,130094,386197,13783459300,2,-1,211900
CF205,20220218,20220218,133226000,13:32:27,21290,130097,386195,13783777150,3,-2,317850
CF205,20220218,20220218,133226500,13:32:27,21285,130104,386195,13784518800,7,0,741650
CF205,20220218,20220218,133227000,13:32:27,21280,130165,386157,13790981750,61,-38,6462950
CF205,20220218,20220218,133227500,13:32:28,21290,130181,386152,13792676950,16,-5,1695200
CF205,20220218,20220218,133228000,13:32:32,21290,130184,386154,13792994800,3,2,317850
CF205,20220218,20220218,133228500,13:32:32,21290,130184,386154,13792994800,0,0,0
CF205,20220218,20220218,133229000,13:32:33,21285,130185,386154,13793100750,1,0,105950
CF205,20220218,20220218,133232000,13:32:34,21290,130300,386188,13805285000,115,34,12184250
CF205,20220218,20220218,133232500,13:32:35,21295,130304,386191,13805708800,4,3,423800
CF205,20220218,20220218,133234500,13:32:35,21295,130345,386179,13810052750,41,-12,4343950
CF205,20220218,20220218,133235000,13:32:36,21295,130347,386180,13810264650,2,1,211900
CF205,20220218,20220218,133235500,13:32:36,21295,130348,386180,13810370600,1,0,105950
CF205,20220218,20220218,133236000,13:32:37,21295,130351,386178,13810688450,3,-2,317850
CF205,20220218,20220218,133236500,13:32:37,21295,130353,386176,13810900350,2,-2,211900
CF205,20220218,20220218,133237000,13:32:37,21295,130387,386151,13814502650,34,-25,3602300
CF205,20220218,20220218,133237500,13:32:37,21295,130390,386149,13814820500,3,-2,317850
CF205,20220218,20220218,133238000,13:32:38,21290,130392,386149,13815032400,2,0,211900
CF205,20220218,20220218,133238500,13:32:39,21295,130394,386148,13815244300,2,-1,211900
CF205,20220218,20220218,133239000,13:32:39,21295,130440,386170,13820118000,46,22,4873700
CF205,20220218,20220218,133239500,13:32:40,21295,130449,386168,13821071550,9,-2,953550
CF205,20220218,20220218,133240000,13:32:40,21295,130450,386167,13821177500,1,-1,105950
CF205,20220218,20220218,133240500,13:32:40,21290,130451,386168,13821283450,1,1,105950
CF205,20220218,20220218,133241000,13:32:41,21290,130452,386168,13821389400,1,0,105950
CF205,20220218,20220218,133241500,13:32:42,21290,130458,386168,13822025100,6,0,635700
CF205,20220218,20220218,133242000,13:32:42,21290,130458,386168,13822025100,0,0,0
CF205,20220218,20220218,133242500,13:32:42,21290,130459,386169,13822131050,1,1,105950
CF205,20220218,20220218,133243000,13:32:43,21295,130468,386172,13823084600,9,3,953550
CF205,20220218,20220218,133243500,13:32:43,21295,130468,386172,13823084600,0,0,0
CF205,20220218,20220218,133244000,13:32:44,21295,130491,386163,13825521450,23,-9,2436850
CF205,20220218,20220218,133244500,13:32:45,21290,130540,386123,13830713000,49,-40,5191550
CF205,20220218,20220218,133245000,13:32:45,21295,130541,386123,13830818950,1,0,105950
CF205,20220218,20220218,133245500,13:32:45,21295,130541,386123,13830818950,0,0,0
CF205,20220218,20220218,133246000,13:32:47,21295,130542,386124,13830924900,1,1,105950
CF205,20220218,20220218,133246500,13:32:47,21295,130543,386125,13831030850,1,1,105950
CF205,20220218,20220218,133247500,13:32:48,21295,130560,386129,13832832000,17,4,1801150
CF205,20220218,20220218,133248000,13:32:48,21290,130571,386136,13833997450,11,7,1165450
CF205,20220218,20220218,133248500,13:32:49,21290,130609,386142,13838023550,38,6,4026100
CF205,20220218,20220218,133249000,13:32:49,21290,130611,386141,13838235450,2,-1,211900
CF205,20220218,20220218,133249500,13:32:49,21290,130614,386143,13838553300,3,2,317850
CF205,20220218,20220218,133250000,13:32:51,21295,130630,386129,13840248500,16,-14,1695200
CF205,20220218,20220218,133250500,13:32:52,21295,130631,386128,13840354450,1,-1,105950
CF205,20220218,20220218,133251000,13:32:52,21290,130647,386124,13842049650,16,-4,1695200
CF205,20220218,20220218,133251500,13:32:53,21290,130652,386124,13842579400,5,0,529750
CF205,20220218,20220218,133252500,13:32:53,21290,130652,386124,13842579400,0,0,0
CF205,20220218,20220218,133253000,13:32:53,21290,130671,386128,13844592450,19,4,2013050
CF205,20220218,20220218,133253500,13:32:54,21290,130678,386125,13845334100,7,-3,741650
CF205,20220218,20220218,133254000,13:32:54,21295,130690,386128,13846605500,12,3,1271400
CF205,20220218,20220218,133254500,13:32:55,21295,130699,386123,13847559050,9,-5,953550
CF205,20220218,20220218,133255000,13:32:55,21295,130706,386122,13848300700,7,-1,741650
CF205,20220218,20220218,133255500,13:32:55,21290,130707,386122,13848406650,1,0,105950
CF205,20220218,20220218,133256000,13:32:56,21285,130725,386116,13850313750,18,-6,1907100
CF205,20220218,20220218,133256500,13:32:56,21290,130740,386112,13851903000,15,-4,1589250
CF205,20220218,20220218,133257500,13:33:00,21295,130760,386126,13854022000,20,14,2119000
CF205,20220218,20220218,133258000,13:33:00,21295,130760,386126,13854022000,0,0,0
CF205,20220218,20220218,133259500,13:33:00,21295,130786,386117,13856776700,26,-9,2754700
CF205,20220218,20220218,133300000,13:33:01,21290,130806,386121,13858895700,20,4,2119000
CF205,20220218,20220218,133300500,13:33:01,21290,130812,386117,13859531400,6,-4,635700
CF205,20220218,20220218,133301000,13:33:02,21295,130816,386114,13859955200,4,-3,423800
CF205,20220218,20220218,133301500,13:33:02,21290,130843,386093,13862815850,27,-21,2860650
CF205,20220218,20220218,133302000,13:33:03,21290,130849,386096,13863451550,6,3,635700
CF205,20220218,20220218,133302500,13:33:03,21290,130870,386115,13865676500,21,19,2224950
CF205,20220218,20220218,133303000,13:33:03,21290,130870,386115,13865676500,0,0,0
CF205,20220218,20220218,133303500,13:33:04,21295,130871,386115,13865782450,1,0,105950
CF205,20220218,20220218,133304000,13:33:04,21290,130876,386115,13866312200,5,0,529750
CF205,20220218,20220218,133304500,13:33:05,21290,130883,386116,13867053850,7,1,741650
CF205,20220218,20220218,133305000,13:33:05,21290,130884,386117,13867159800,1,1,105950
CF205,20220218,20220218,133305500,13:33:05,21290,130884,386117,13867159800,0,0,0
CF205,20220218,20220218,133306000,13:33:06,21295,130886,386115,13867371700,2,-2,211900
CF205,20220218,20220218,133306500,13:33:06,21290,130890,386114,13867795500,4,-1,423800
CF205,20220218,20220218,133307000,13:33:07,21290,130894,386118,13868219300,4,4,423800
CF205,20220218,20220218,133307500,13:33:08,21295,130895,386119,13868325250,1,1,105950
CF205,20220218,20220218,133308000,13:33:08,21290,130897,386121,13868537150,2,2,211900
CF205,20220218,20220218,133308500,13:33:09,21290,130901,386124,13868960950,4,3,423800
CF205,20220218,20220218,133309000,13:33:09,21290,130909,386131,13869808550,8,7,847600
CF205,20220218,20220218,133309500,13:33:11,21290,130912,386134,13870126400,3,3,317850
CF205,20220218,20220218,133310000,13:33:11,21290,130915,386134,13870444250,3,0,317850
CF205,20220218,20220218,133310500,13:33:12,21290,130924,386133,13871397800,9,-1,953550
CF205,20220218,20220218,133311000,13:33:12,21290,130948,386133,13873940600,24,0,2542800
CF205,20220218,20220218,133311500,13:33:14,21290,130978,386144,13877119100,30,11,3178500
CF205,20220218,20220218,133312000,13:33:14,21290,130986,386138,13877966700,8,-6,847600
CF205,20220218,20220218,133312500,13:33:14,21290,130998,386138,13879238100,12,0,1271400
CF205,20220218,20220218,133313500,13:33:14,21290,131038,386128,13883476100,40,-10,4238000
CF205,20220218,20220218,133314000,13:33:17,21295,131040,386128,13883688000,2,0,211900
CF205,20220218,20220218,133314500,13:33:17,21295,131042,386127,13883899900,2,-1,211900
CF205,20220218,20220218,133315000,13:33:18,21295,131044,386126,13884111800,2,-1,211900
CF205,20220218,20220218,133315500,13:33:18,21295,131059,386114,13885701050,15,-12,1589250
CF205,20220218,20220218,133317000,13:33:18,21295,131064,386111,13886230800,5,-3,529750
CF205,20220218,20220218,133317500,13:33:19,21295,131072,386106,13887078400,8,-5,847600
CF205,20220218,20220218,133318000,13:33:19,21295,131076,386105,13887502200,4,-1,423800
CF205,20220218,20220218,133318500,13:33:19,21295,131105,386103,13890574750,29,-2,3072550
CF205,20220218,20220218,133319000,13:33:20,21290,131110,386107,13891104500,5,4,529750
CF205,20220218,20220218,133319500,13:33:20,21290,131110,386107,13891104500,0,0,0
CF205,20220218,20220218,133320000,13:33:21,21290,131111,386107,13891210450,1,0,105950
CF205,20220218,20220218,133320500,13:33:21,21290,131132,386094,13893435400,21,-13,2224950
CF205,20220218,20220218,133321000,13:33:22,21285,131133,386095,13893541350,1,1,105950
CF205,20220218,20220218,133321500,13:33:22,21290,131134,386094,13893647300,1,-1,105950
CF205,20220218,20220218,133322000,13:33:22,21290,131135,386093,13893753250,1,-1,105950
CF205,20220218,20220218,133322500,13:33:22,21290,131136,386093,13893859200,1,0,105950
CF205,20220218,20220218,133323000,13:33:23,21285,131137,386093,13893965150,1,0,105950
CF205,20220218,20220218,133323500,13:33:24,21285,131159,386073,13896296050,22,-20,2330900
CF205,20220218,20220218,133324000,13:33:24,21285,131181,386060,13898626950,22,-13,2330900
CF205,20220218,20220218,133324500,13:33:25,21285,131182,386061,13898732900,1,1,105950
CF205,20220218,20220218,133325000,13:33:26,21290,131183,386061,13898838850,1,0,105950
CF205,20220218,20220218,133326500,13:33:29,21285,131185,386062,13899050750,2,1,211900
CF205,20220218,20220218,133327000,13:33:29,21285,131185,386062,13899050750,0,0,0
CF205,20220218,20220218,133327500,13:33:29,21290,131197,386074,13900322150,12,12,1271400
CF205,20220218,20220218,133328000,13:33:30,21290,131198,386074,13900428100,1,0,105950
CF205,20220218,20220218,133329500,13:33:30,21285,131199,386075,13900534050,1,1,105950
CF205,20220218,20220218,133330000,13:33:30,21290,131200,386074,13900640000,1,-1,105950
CF205,20220218,20220218,133330500,13:33:31,21285,131209,386073,13901593550,9,-1,953550
CF205,20220218,20220218,133331000,13:33:32,21285,131267,386111,13907738650,58,38,6145100
CF205,20220218,20220218,133331500,13:33:32,21285,131287,386100,13909857650,20,-11,2119000
CF205,20220218,20220218,133332000,13:33:32,21290,131288,386100,13909963600,1,0,105950
CF205,20220218,20220218,133332500,13:33:33,21285,131289,386101,13910069550,1,1,105950
CF205,20220218,20220218,133333000,13:33:33,21290,131292,386102,13910387400,3,1,317850
CF205,20220218,20220218,133333500,13:33:33,21285,131293,386102,13910493350,1,0,105950
CF205,20220218,20220218,133334500,13:33:35,21285,131297,386106,13910917150,4,4,423800
CF205,20220218,20220218,133335000,13:33:35,21285,131316,386105,13912930200,19,-1,2013050
CF205,20220218,20220218,133335500,13:33:35,21285,131316,386105,13912930200,0,0,0
CF205,20220218,20220218,133336000,13:33:36,21285,131319,386108,13913248050,3,3,317850
CF205,20220218,20220218,133337000,13:33:37,21285,131320,386108,13913354000,1,0,105950
CF205,20220218,20220218,133337500,13:33:37,21285,131322,386109,13913565900,2,1,211900
CF205,20220218,20220218,133338000,13:33:38,21285,131343,386124,13915790850,21,15,2224950
CF205,20220218,20220218,133338500,13:33:39,21285,131351,386123,13916638450,8,-1,847600
CF205,20220218,20220218,133339000,13:33:39,21290,131353,386121,13916850350,2,-2,211900
CF205,20220218,20220218,133339500,13:33:40,21285,131356,386121,13917168200,3,0,317850
CF205,20220218,20220218,133340000,13:33:40,21285,131391,386148,13920876450,35,27,3708250
CF205,20220218,20220218,133340500,13:33:41,21285,131393,386150,13921088350,2,2,211900
CF205,20220218,20220218,133341000,13:33:41,21285,131393,386150,13921088350,0,0,0
CF205,20220218,20220218,133341500,13:33:42,21285,131394,386151,13921194300,1,1,105950
CF205,20220218,20220218,133342500,13:33:42,21280,131396,386151,13921406200,2,0,211900
CF205,20220218,20220218,133343000,13:33:43,21285,131398,386152,13921618100,2,1,211900
CF205,20220218,20220218,133343500,13:33:44,21280,131438,386147,13925856100,40,-5,4238000
CF205,20220218,20220218,133344000,13:33:45,21280,131490,386127,13931365500,52,-20,5509400
CF205,20220218,20220218,133344500,13:33:45,21280,131491,386128,13931471450,1,1,105950
CF205,20220218,20220218,133345000,13:33:45,21280,131496,386129,13932001200,5,1,529750
CF205,20220218,20220218,133345500,13:33:46,21280,131502,386132,13932636900,6,3,635700
CF205,20220218,20220218,133346000,13:33:48,21275,131598,386137,13942808100,96,5,10171200
CF205,20220218,20220218,133346500,13:33:48,21275,131602,386133,13943231900,4,-4,423800
CF205,20220218,20220218,133347000,13:33:48,21275,131604,386134,13943443800,2,1,211900
CF205,20220218,20220218,133347500,13:33:49,21275,131606,386132,13943655700,2,-2,211900
CF205,20220218,20220218,133348000,13:33:49,21275,131606,386132,13943655700,0,0,0
CF205,20220218,20220218,133348500,13:33:49,21280,131613,386128,13944397350,7,-4,741650
CF205,20220218,20220218,133349000,13:33:50,21280,131613,386128,13944397350,0,0,0
CF205,20220218,20220218,133349500,13:33:50,21280,131613,386128,13944397350,0,0,0
CF205,20220218,20220218,133350000,13:33:50,21275,131614,386128,13944503300,1,0,105950
CF205,20220218,20220218,133350500,13:33:50,21275,131615,386127,13944609250,1,-1,105950
CF205,20220218,20220218,133351500,13:33:52,21275,131625,386117,13945668750,10,-10,1059500
CF205,20220218,20220218,133352000,13:33:52,21275,131625,386117,13945668750,0,0,0
CF205,20220218,20220218,133353000,13:33:53,21275,131641,386102,13947363950,16,-15,1695200
CF205,20220218,20220218,133353500,13:33:53,21275,131764,386109,13960395800,123,7,13031850
CF205,20220218,20220218,133354000,13:33:54,21275,131764,386109,13960395800,0,0,0
CF205,20220218,20220218,133354500,13:33:55,21270,131765,386109,13960501750,1,0,105950
CF205,20220218,20220218,133355000,13:33:56,21270,131770,386111,13961031500,5,2,529750
CF205,20220218,20220218,133355500,13:33:56,21270,131823,386098,13966646850,53,-13,5615350
CF205,20220218,20220218,133356000,13:33:56,21270,131881,386100,13972791950,58,2,6145100
CF205,20220218,20220218,133356500,13:33:57,21275,131882,386100,13972897900,1,0,105950
CF205,20220218,20220218,133357000,13:33:58,21275,131882,386100,13972897900,0,0,0
CF205,20220218,20220218,133357500,13:33:58,21275,131882,386100,13972897900,0,0,0
CF205,20220218,20220218,133358000,13:33:58,21270,131883,386101,13973003850,1,1,105950
CF205,20220218,20220218,133358500,13:33:58,21275,131886,386102,13973321700,3,1,317850
CF205,20220218,20220218,133359000,13:33:59,21275,131887,386101,13973427650,1,-1,105950
CF205,20220218,20220218,133359500,13:33:59,21270,131889,386103,13973639550,2,2,211900
CF205,20220218,20220218,133400000,13:34:00,21270,131889,386103,13973639550,0,0,0
CF205,20220218,20220218,133400500,13:34:00,21275,131930,386079,13977983500,41,-24,4343950
CF205,20220218,20220218,133401000,13:34:01,21275,131930,386079,13977983500,0,0,0
CF205,20220218,20220218,133401500,13:34:02,21275,131933,386082,13978301350,3,3,317850
CF205,20220218,20220218,133402000,13:34:10,21275,131938,386087,13978831100,5,5,529750
CF205,20220218,20220218,133402500,13:34:10,21275,131938,386087,13978831100,0,0,0
CF205,20220218,20220218,133403000,13:34:10,21275,131939,386087,13978937050,1,0,105950
CF205,20220218,20220218,133409500,13:34:11,21275,132014,386093,13986883300,75,6,7946250
CF205,20220218,20220218,133410500,13:34:12,21275,132026,386094,13988154700,12,1,1271400
CF205,20220218,20220218,133411000,13:34:12,21275,132040,386106,13989638000,14,12,1483300
CF205,20220218,20220218,133411500,13:34:12,21275,132045,386111,13990167750,5,5,529750
CF205,20220218,20220218,133412000,13:34:12,21270,132046,386112,13990273700,1,1,105950
CF205,20220218,20220218,133412500,13:34:13,21275,132049,386113,13990591550,3,1,317850
CF205,20220218,20220218,133413000,13:34:13,21275,132049,386113,13990591550,0,0,0
CF205,20220218,20220218,133413500,13:34:14,21275,132049,386113,13990591550,0,0,0
CF205,20220218,20220218,133414000,13:34:14,21275,132051,386112,13990803450,2,-1,211900
CF205,20220218,20220218,133414500,13:34:15,21270,132053,386114,13991015350,2,2,211900
CF205,20220218,20220218,133415000,13:34:15,21270,132053,386114,13991015350,0,0,0
CF205,20220218,20220218,133415500,13:34:16,21275,132055,386113,13991227250,2,-1,211900
CF205,20220218,20220218,133416000,13:34:16,21275,132075,386105,13993346250,20,-8,2119000
CF205,20220218,20220218,133416500,13:34:16,21275,132077,386105,13993558150,2,0,211900
CF205,20220218,20220218,133417000,13:34:17,21275,132079,386105,13993770050,2,0,211900
CF205,20220218,20220218,133417500,13:34:17,21275,132079,386105,13993770050,0,0,0
CF205,20220218,20220218,133418000,13:34:18,21280,132080,386106,13993876000,1,1,105950
CF205,20220218,20220218,133418500,13:34:19,21275,132081,386106,13993981950,1,0,105950
CF205,20220218,20220218,133419000,13:34:19,21275,132099,386105,13995889050,18,-1,1907100
CF205,20220218,20220218,133419500,13:34:20,21275,132104,386105,13996418800,5,0,529750
CF205,20220218,20220218,133420000,13:34:20,21275,132104,386105,13996418800,0,0,0
CF205,20220218,20220218,133420500,13:34:21,21275,132104,386105,13996418800,0,0,0
CF205,20220218,20220218,133421000,13:34:23,21275,132104,386105,13996418800,0,0,0
CF205,20220218,20220218,133421500,13:34:23,21275,132104,386105,13996418800,0,0,0
CF205,20220218,20220218,133423500,13:34:24,21275,132107,386106,13996736650,3,1,317850
CF205,20220218,20220218,133424000,13:34:24,21280,132108,386106,13996842600,1,0,105950
CF205,20220218,20220218,133424500,13:34:24,21275,132126,386097,13998749700,18,-9,1907100
CF205,20220218,20220218,133425000,13:34:25,21275,132127,386096,13998855650,1,-1,105950
CF205,20220218,20220218,133425500,13:34:26,21270,132147,386096,14000974650,20,0,2119000
CF205,20220218,20220218,133426500,13:34:26,21275,132151,386092,14001398450,4,-4,423800
CF205,20220218,20220218,133427500,13:34:27,21270,132186,386086,14005106700,35,-6,3708250
CF205,20220218,20220218,133428000,13:34:28,21270,132186,386086,14005106700,0,0,0
CF205,20220218,20220218,133428500,13:34:29,21265,132187,386086,14005212650,1,0,105950
CF205,20220218,20220218,133429000,13:34:29,21270,132195,386082,14006060250,8,-4,847600
CF205,20220218,20220218,133429500,13:34:29,21270,132211,386079,14007755450,16,-3,1695200
CF205,20220218,20220218,133430000,13:34:30,21270,132211,386079,14007755450,0,0,0
CF205,20220218,20220218,133430500,13:34:30,21270,132226,386079,14009344700,15,0,1589250
CF205,20220218,20220218,133431000,13:34:31,21265,132253,386054,14012205350,27,-25,2860650
CF205,20220218,20220218,133431500,13:34:31,21265,132260,386051,14012947000,7,-3,741650
CF205,20220218,20220218,133432000,13:34:32,21265,132267,386045,14013688650,7,-6,741650
CF205,20220218,20220218,133432500,13:34:32,21265,132267,386045,14013688650,0,0,0
CF205,20220218,20220218,133433000,13:34:33,21265,132267,386045,14013688650,0,0,0
CF205,20220218,20220218,133433500,13:34:34,21270,132268,386044,14013794600,1,-1,105950
CF205,20220218,20220218,133434000,13:34:34,21270,132281,386043,14015171950,13,-1,1377350
CF205,20220218,20220218,133434500,13:34:35,21270,132282,386042,14015277900,1,-1,105950
CF205,20220218,20220218,133435000,13:34:35,21270,132284,386041,14015489800,2,-1,211900
CF205,20220218,20220218,133435500,13:34:36,21270,132284,386041,14015489800,0,0,0
CF205,20220218,20220218,133436000,13:34:36,21270,132285,386041,14015595750,1,0,105950
CF205,20220218,20220218,133436500,13:34:36,21265,132288,386043,14015913600,3,2,317850
CF205,20220218,20220218,133437000,13:34:37,21265,132290,386042,14016125500,2,-1,211900
CF205,20220218,20220218,133437500,13:34:38,21265,132290,386042,14016125500,0,0,0
CF205,20220218,20220218,133438000,13:34:38,21265,132294,386041,14016549300,4,-1,423800
CF205,20220218,20220218,133439000,13:34:39,21265,132294,386041,14016549300,0,0,0
CF205,20220218,20220218,133439500,13:34:39,21265,132294,386041,14016549300,0,0,0
CF205,20220218,20220218,133440500,13:34:41,21265,132306,386045,14017820700,12,4,1271400
CF205,20220218,20220218,133441000,13:34:41,21265,132307,386046,14017926650,1,1,105950
CF205,20220218,20220218,133441500,13:34:42,21265,132308,386047,14018032600,1,1,105950
CF205,20220218,20220218,133442000,13:34:44,21265,132308,386047,14018032600,0,0,0
CF205,20220218,20220218,133442500,13:34:44,21265,132329,386058,14020257550,21,11,2224950
CF205,20220218,20220218,133443000,13:34:45,21265,132330,386058,14020363500,1,0,105950
CF205,20220218,20220218,133443500,13:34:45,21265,132338,386063,14021211100,8,5,847600
CF205,20220218,20220218,133444000,13:34:45,21265,132344,386060,14021846800,6,-3,635700
CF205,20220218,20220218,133445000,13:34:46,21265,132365,386050,14024071750,21,-10,2224950
CF205,20220218,20220218,133445500,13:34:46,21265,132366,386051,14024177700,1,1,105950
CF205,20220218,20220218,133446000,13:34:46,21265,132368,386052,14024389600,2,1,211900
CF205,20220218,20220218,133446500,13:34:47,21265,132368,386052,14024389600,0,0,0
CF205,20220218,20220218,133447000,13:34:47,21265,132369,386053,14024495550,1,1,105950
CF205,20220218,20220218,133447500,13:34:47,21265,132369,386053,14024495550,0,0,0
CF205,20220218,20220218,133448500,13:34:49,21265,132369,386053,14024495550,0,0,0
CF205,20220218,20220218,133449500,13:34:49,21265,132369,386053,14024495550,0,0,0
CF205,20220218,20220218,133450000,13:34:51,21265,132375,386057,14025131250,6,4,635700
CF205,20220218,20220218,133450500,13:34:51,21265,132376,386058,14025237200,1,1,105950
CF205,20220218,20220218,133451000,13:34:51,21265,132399,386065,14027674050,23,7,2436850
CF205,20220218,20220218,133451500,13:34:52,21265,132399,386065,14027674050,0,0,0
CF205,20220218,20220218,133452500,13:34:53,21260,132404,386068,14028203800,5,3,529750
CF205,20220218,20220218,133453000,13:34:53,21265,132406,386068,14028415700,2,0,211900
CF205,20220218,20220218,133453500,13:34:55,21265,132406,386068,14028415700,0,0,0
CF205,20220218,20220218,133454000,13:34:56,21265,132407,386069,14028521650,1,1,105950
CF205,20220218,20220218,133454500,13:34:56,21260,132409,386069,14028733550,2,0,211900
CF205,20220218,20220218,133455000,13:34:56,21265,132410,386068,14028839500,1,-1,105950
CF205,20220218,20220218,133456000,13:34:56,21260,132411,386068,14028945450,1,0,105950
CF205,20220218,20220218,133457000,13:34:57,21265,132412,386068,14029051400,1,0,105950
CF205,20220218,20220218,133458000,13:34:58,21265,132412,386068,14029051400,0,0,0
CF205,20220218,20220218,133458500,13:34:59,21260,132414,386069,14029263300,2,1,211900
CF205,20220218,20220218,133459500,13:35:00,21265,132422,386072,14030110900,8,3,847600
CF205,20220218,20220218,133500000,13:35:00,21265,132425,386069,14030428750,3,-3,317850
CF205,20220218,20220218,133500500,13:35:02,21265,132425,386069,14030428750,0,0,0
CF205,20220218,20220218,133501000,13:35:04,21265,132425,386069,14030428750,0,0,0
CF205,20220218,20220218,133501500,13:35:05,21260,132436,386076,14031594200,11,7,1165450
CF205,20220218,20220218,133502000,13:35:10,21260,132438,386077,14031806100,2,1,211900
CF205,20220218,20220218,133504500,13:35:10,21265,132479,386084,14036150050,41,7,4343950
CF205,20220218,20220218,133510000,13:35:10,21265,132555,386069,14044202250,76,-15,8052200
CF205,20220218,20220218,133510500,13:35:11,21265,132556,386070,14044308200,1,1,105950
CF205,20220218,20220218,133511000,13:35:11,21265,132561,386075,14044837950,5,5,529750
CF205,20220218,20220218,133511500,13:35:12,21260,132563,386075,14045049850,2,0,211900
CF205,20220218,20220218,133512000,13:35:12,21265,132568,386080,14045579600,5,5,529750
CF205,20220218,20220218,133512500,13:35:13,21265,132571,386081,14045897450,3,1,317850
CF205,20220218,20220218,133513000,13:35:13,21260,132574,386081,14046215300,3,0,317850
CF205,20220218,20220218,133513500,13:35:14,21265,132575,386080,14046321250,1,-1,105950
CF205,20220218,20220218,133514000,13:35:14,21265,132576,386080,14046427200,1,0,105950
CF205,20220218,20220218,133514500,13:35:15,21265,132576,386080,14046427200,0,0,0
CF205,20220218,20220218,133515000,13:35:15,21260,132577,386079,14046533150,1,-1,105950
CF205,20220218,20220218,133516500,13:35:17,21265,132579,386079,14046745050,2,0,211900
CF205,20220218,20220218,133517000,13:35:17,21265,132580,386078,14046851000,1,-1,105950
CF205,20220218,20220218,133517500,13:35:18,21265,132580,386078,14046851000,0,0,0
CF205,20220218,20220218,133518000,13:35:19,21265,132580,386078,14046851000,0,0,0
CF205,20220218,20220218,133518500,13:35:19,21265,132581,386078,14046956950,1,0,105950
CF205,20220218,20220218,133519000,13:35:19,21265,132612,386075,14050241400,31,-3,3284450
CF205,20220218,20220218,133519500,13:35:20,21265,132629,386075,14052042550,17,0,1801150
CF205,20220218,20220218,133520000,13:35:20,21265,132629,386075,14052042550,0,0,0
CF205,20220218,20220218,133520500,13:35:21,21265,132629,386075,14052042550,0,0,0
CF205,20220218,20220218,133521000,13:35:22,21265,132657,386086,14055009150,28,11,2966600
CF205,20220218,20220218,133521500,13:35:22,21265,132657,386086,14055009150,0,0,0
CF205,20220218,20220218,133522000,13:35:22,21265,132657,386086,14055009150,0,0,0
CF205,20220218,20220218,133522500,13:35:23,21265,132659,386088,14055221050,2,2,211900
CF205,20220218,20220218,133523000,13:35:23,21265,132661,386086,14055432950,2,-2,211900
CF205,20220218,20220218,133523500,13:35:23,21265,132662,386085,14055538900,1,-1,105950
CF205,20220218,20220218,133524000,13:35:25,21265,132663,386084,14055644850,1,-1,105950
CF205,20220218,20220218,133524500,13:35:25,21265,132663,386084,14055644850,0,0,0
CF205,20220218,20220218,133525000,13:35:25,21265,132664,386084,14055750800,1,0,105950
CF205,20220218,20220218,133525500,13:35:26,21265,132665,386084,14055856750,1,0,105950
CF205,20220218,20220218,133526000,13:35:26,21265,132669,386082,14056280550,4,-2,423800
CF205,20220218,20220218,133526500,13:35:27,21265,132669,386082,14056280550,0,0,0
CF205,20220218,20220218,133527000,13:35:27,21265,132674,386087,14056810300,5,5,529750
CF205,20220218,20220218,133527500,13:35:31,21265,132674,386087,14056810300,0,0,0
CF205,20220218,20220218,133528500,13:35:32,21265,132674,386087,14056810300,0,0,0
CF205,20220218,20220218,133531000,13:35:32,21260,132731,386108,14062849450,57,21,6039150
CF205,20220218,20220218,133531500,13:35:41,21260,132736,386113,14063379200,5,5,529750
CF205,20220218,20220218,133532000,13:35:41,21260,132736,386113,14063379200,0,0,0
CF205,20220218,20220218,133532500,13:35:42,21260,132747,386123,14064544650,11,10,1165450
CF205,20220218,20220218,133540500,13:35:43,21260,132747,386123,14064544650,0,0,0
CF205,20220218,20220218,133542000,13:35:43,21255,132895,386123,14080225250,148,0,15680600
CF205,20220218,20220218,133542500,13:35:44,21255,132895,386123,14080225250,0,0,0
CF205,20220218,20220218,133543500,13:35:44,21260,132900,386123,14080755000,5,0,529750
CF205,20220218,20220218,133544000,13:35:44,21260,132902,386123,14080966900,2,0,211900
CF205,20220218,20220218,133545000,13:35:46,21260,132903,386123,14081072850,1,0,105950
CF205,20220218,20220218,133545500,13:35:46,21260,132935,386112,14084463250,32,-11,3390400
CF205,20220218,20220218,133546000,13:35:46,21260,132938,386111,14084781100,3,-1,317850
CF205,20220218,20220218,133546500,13:35:46,21260,132942,386108,14085204900,4,-3,423800
CF205,20220218,20220218,133547000,13:35:47,21260,132943,386108,14085310850,1,0,105950
CF205,20220218,20220218,133548000,13:35:48,21260,132950,386102,14086052500,7,-6,741650
CF205,20220218,20220218,133548500,13:35:48,21260,132951,386102,14086158450,1,0,105950
CF205,20220218,20220218,133549000,13:35:49,21260,132951,386102,14086158450,0,0,0
CF205,20220218,20220218,133549500,13:35:49,21260,132951,386102,14086158450,0,0,0
CF205,20220218,20220218,133550500,13:35:51,21255,132953,386100,14086370350,2,-2,211900
CF205,20220218,20220218,133551500,13:35:52,21260,132986,386082,14089866700,33,-18,3496350
CF205,20220218,20220218,133552000,13:35:52,21260,132987,386082,14089972650,1,0,105950
CF205,20220218,20220218,133552500,13:35:52,21260,132989,386081,14090184550,2,-1,211900
CF205,20220218,20220218,133553000,13:35:53,21260,132990,386080,14090290500,1,-1,105950
CF205,20220218,20220218,133553500,13:35:55,21260,132998,386082,14091138100,8,2,847600
CF205,20220218,20220218,133554000,13:35:55,21260,132998,386082,14091138100,0,0,0
CF205,20220218,20220218,133555000,13:35:56,21260,132998,386082,14091138100,0,0,0
CF205,20220218,20220218,133555500,13:35:56,21260,133000,386082,14091350000,2,0,211900
CF205,20220218,20220218,133556000,13:35:56,21260,133001,386081,14091455950,1,-1,105950
CF205,20220218,20220218,133556500,13:35:57,21260,133004,386081,14091773800,3,0,317850
CF205,20220218,20220218,133557000,13:35:59,21260,133004,386081,14091773800,0,0,0
CF205,20220218,20220218,133558000,13:36:01,21260,133010,386086,14092409500,6,5,635700
CF205,20220218,20220218,133558500,13:36:03,21260,133010,386086,14092409500,0,0,0
CF205,20220218,20220218,133601500,13:36:03,21260,133010,386086,14092409500,0,0,0
CF205,20220218,20220218,133602000,13:36:03,21260,133010,386086,14092409500,0,0,0
CF205,20220218,20220218,133602500,13:36:03,21260,133013,386085,14092727350,3,-1,317850
CF205,20220218,20220218,133603000,13:36:05,21260,133015,386085,14092939250,2,0,211900
CF205,20220218,20220218,133603500,13:36:05,21255,133049,386092,14096541550,34,7,3602300
CF205,20220218,20220218,133604000,13:36:06,21255,133059,386099,14097601050,10,7,1059500
CF205,20220218,20220218,133605000,13:36:06,21255,133070,386097,14098766500,11,-2,1165450
CF205,20220218,20220218,133606000,13:36:07,21255,133072,386097,14098978400,2,0,211900
CF205,20220218,20220218,133606500,13:36:07,21255,133073,386097,14099084350,1,0,105950
CF205,20220218,20220218,133607000,13:36:08,21250,133093,386097,14101203350,20,0,2119000
CF205,20220218,20220218,133607500,13:36:08,21250,133093,386097,14101203350,0,0,0
CF205,20220218,20220218,133609000,13:36:09,21250,133125,386086,14104593750,32,-11,3390400
CF205,20220218,20220218,133609500,13:36:10,21250,133125,386086,14104593750,0,0,0
CF205,20220218,20220218,133610000,13:36:10,21250,133137,386079,14105865150,12,-7,1271400
CF205,20220218,20220218,133610500,13:36:11,21250,133154,386082,14107666300,17,3,1801150
CF205,20220218,20220218,133611000,13:36:12,21255,133155,386082,14107772250,1,0,105950
CF205,20220218,20220218,133611500,13:36:12,21255,133179,386084,14110315050,24,2,2542800
CF205,20220218,20220218,133612000,13:36:12,21255,133186,386084,14111056700,7,0,741650
CF205,20220218,20220218,133612500,13:36:12,21255,133187,386085,14111162650,1,1,105950
CF205,20220218,20220218,133613000,13:36:13,21255,133187,386085,14111162650,0,0,0
CF205,20220218,20220218,133613500,13:36:14,21255,133188,386084,14111268600,1,-1,105950
CF205,20220218,20220218,133614000,13:36:14,21255,133188,386084,14111268600,0,0,0
CF205,20220218,20220218,133614500,13:36:14,21255,133189,386084,14111374550,1,0,105950
CF205,20220218,20220218,133615000,13:36:15,21255,133191,386085,14111586450,2,1,211900
CF205,20220218,20220218,133615500,13:36:15,21255,133201,386085,14112645950,10,0,1059500
CF205,20220218,20220218,133616000,13:36:16,21260,133207,386080,14113281650,6,-5,635700
CF205,20220218,20220218,133616500,13:36:17,21260,133207,386080,14113281650,0,0,0
CF205,20220218,20220218,133617000,13:36:17,21260,133207,386080,14113281650,0,0,0
CF205,20220218,20220218,133618000,13:36:19,21260,133208,386080,14113387600,1,0,105950
CF205,20220218,20220218,133618500,13:36:19,21260,133208,386080,14113387600,0,0,0
CF205,20220218,20220218,133619000,13:36:19,21260,133208,386080,14113387600,0,0,0
CF205,20220218,20220218,133619500,13:36:20,21260,133208,386080,14113387600,0,0,0
CF205,20220218,20220218,133620500,13:36:20,21260,133208,386080,14113387600,0,0,0
CF205,20220218,20220218,133621000,13:36:21,21260,133208,386080,14113387600,0,0,0
CF205,20220218,20220218,133621500,13:36:21,21260,133229,386088,14115612550,21,8,2224950
CF205,20220218,20220218,133622000,13:36:22,21260,133230,386087,14115718500,1,-1,105950
CF205,20220218,20220218,133622500,13:36:22,21255,133232,386087,14115930400,2,0,211900
CF205,20220218,20220218,133623000,13:36:23,21260,133242,386095,14116989900,10,8,1059500
CF205,20220218,20220218,133623500,13:36:23,21260,133242,386095,14116989900,0,0,0
CF205,20220218,20220218,133624000,13:36:24,21255,133244,386094,14117201800,2,-1,211900
CF205,20220218,20220218,133625000,13:36:25,21260,133245,386094,14117307750,1,0,105950
CF205,20220218,20220218,133625500,13:36:26,21255,133250,386092,14117837500,5,-2,529750
CF205,20220218,20220218,133626500,13:36:27,21260,133251,386091,14117943450,1,-1,105950
CF205,20220218,20220218,133627000,13:36:28,21260,133251,386091,14117943450,0,0,0
CF205,20220218,20220218,133627500,13:36:28,21255,133279,386068,14120910050,28,-23,2966600
CF205,20220218,20220218,133628000,13:36:28,21260,133305,386066,14123664750,26,-2,2754700
CF205,20220218,20220218,133628500,13:36:29,21260,133306,386067,14123770700,1,1,105950
CF205,20220218,20220218,133629000,13:36:30,21260,133306,386067,14123770700,0,0,0
CF205,20220218,20220218,133630500,13:36:31,21255,133308,386069,14123982600,2,2,211900
CF205,20220218,20220218,133631000,13:36:31,21255,133309,386070,14124088550,1,1,105950
CF205,20220218,20220218,133632000,13:36:32,21255,133314,386075,14124618300,5,5,529750
CF205,20220218,20220218,133632500,13:36:32,21255,133314,386075,14124618300,0,0,0
CF205,20220218,20220218,133633000,13:36:33,21255,133315,386076,14124724250,1,1,105950
CF205,20220218,20220218,133633500,13:36:33,21255,133321,386080,14125359950,6,4,635700
CF205,20220218,20220218,133634000,13:36:34,21255,133333,386072,14126631350,12,-8,1271400
CF205,20220218,20220218,133634500,13:36:35,21255,133349,386067,14128326550,16,-5,1695200
CF205,20220218,20220218,133635000,13:36:35,21255,133349,386067,14128326550,0,0,0
CF205,20220218,20220218,133635500,13:36:36,21255,133350,386067,14128432500,1,0,105950
CF205,20220218,20220218,133636500,13:36:36,21255,133351,386068,14128538450,1,1,105950
CF205,20220218,20220218,133637000,13:36:38,21255,133352,386067,14128644400,1,-1,105950
CF205,20220218,20220218,133637500,13:36:38,21255,133352,386067,14128644400,0,0,0
CF205,20220218,20220218,133638000,13:36:38,21255,133360,386067,14129492000,8,0,847600
CF205,20220218,20220218,133638500,13:36:39,21255,133360,386067,14129492000,0,0,0
CF205,20220218,20220218,133639000,13:36:39,21255,133360,386067,14129492000,0,0,0
CF205,20220218,20220218,133639500,13:36:40,21255,133361,386067,14129597950,1,0,105950
CF205,20220218,20220218,133641000,13:36:41,21255,133362,386067,14129703900,1,0,105950
CF205,20220218,20220218,133641500,13:36:41,21255,133362,386067,14129703900,0,0,0
CF205,20220218,20220218,133642000,13:36:42,21255,133362,386067,14129703900,0,0,0
CF205,20220218,20220218,133642500,13:36:43,21255,133388,386052,14132458600,26,-15,2754700
CF205,20220218,20220218,133643000,13:36:43,21255,133389,386053,14132564550,1,1,105950
CF205,20220218,20220218,133643500,13:36:44,21255,133389,386053,14132564550,0,0,0
CF205,20220218,20220218,133645000,13:36:45,21255,133395,386052,14133200250,6,-1,635700
CF205,20220218,20220218,133645500,13:36:46,21255,133402,386046,14133941900,7,-6,741650
CF205,20220218,20220218,133646000,13:36:46,21255,133415,386045,14135319250,13,-1,1377350
CF205,20220218,20220218,133646500,13:36:46,21255,133415,386045,14135319250,0,0,0
CF205,20220218,20220218,133647000,13:36:47,21255,133419,386048,14135743050,4,3,423800
CF205,20220218,20220218,133648000,13:36:48,21255,133419,386048,14135743050,0,0,0
CF205,20220218,20220218,133648500,13:36:48,21255,133424,386050,14136272800,5,2,529750
CF205,20220218,20220218,133649000,13:36:49,21255,133424,386050,14136272800,0,0,0
CF205,20220218,20220218,133649500,13:36:49,21255,133424,386050,14136272800,0,0,0
CF205,20220218,20220218,133650000,13:36:50,21255,133425,386051,14136378750,1,1,105950
CF205,20220218,20220218,133650500,13:36:50,21260,133450,386048,14139027500,25,-3,2648750
CF205,20220218,20220218,133651000,13:36:51,21260,133450,386048,14139027500,0,0,0
CF205,20220218,20220218,133651500,13:36:51,21260,133451,386049,14139133450,1,1,105950
CF205,20220218,20220218,133652000,13:36:52,21260,133451,386049,14139133450,0,0,0
CF205,20220218,20220218,133652500,13:36:53,21255,133459,386057,14139981050,8,8,847600
