CF207,20220218,20220218,112001500,11:20:09,20805,20637,43540,2146763925,20637,350,2146763925
CF207,20220218,20220218,112003500,11:20:09,20805,20637,43540,2146763925,0,0,0
CF207,20220218,20220218,112012500,11:20:12,20805,20638,43539,2146867950,1,-1,104025
CF207,20220218,20220218,112019000,11:20:19,20805,20639,43539,2146971975,1,0,104025
CF207,20220218,20220218,112020000,11:20:20,20805,20639,43539,2146971975,0,0,0
CF207,20220218,20220218,112020500,11:20:21,20805,20639,43539,2146971975,0,0,0
CF207,20220218,20220218,112021000,11:20:21,20805,20640,43540,2147076000,1,1,104025
CF207,20220218,20220218,112021500,11:20:21,20805,20640,43540,2147076000,0,0,0
CF207,20220218,20220218,112022000,11:20:22,20805,20640,43540,2147076000,0,0,0
CF207,20220218,20220218,112022500,11:20:23,20805,20640,43540,2147076000,0,0,0
CF207,20220218,20220218,112023000,11:20:23,20805,20640,43540,2147076000,0,0,0
CF207,20220218,20220218,112027000,11:20:27,20805,20640,43540,2147076000,0,0,0
CF207,20220218,20220218,112031500,11:20:32,20805,20640,43540,2147076000,0,0,0
CF207,20220218,20220218,112032000,11:20:32,20805,20640,43540,2147076000,0,0,0
CF207,20220218,20220218,112034000,11:20:34,20805,20640,43540,2147076000,0,0,0
CF207,20220218,20220218,112035500,11:20:35,20805,20640,43540,2147076000,0,0,0
CF207,20220218,20220218,112040500,11:20:41,20805,20640,43540,2147076000,0,0,0
CF207,20220218,20220218,112042500,11:20:42,20805,20640,43540,2147076000,0,0,0
CF207,20220218,20220218,112045000,11:20:45,20805,20640,43540,2147076000,0,0,0
CF207,20220218,20220218,112058000,11:20:59,20805,20640,43540,2147076000,0,0,0
CF207,20220218,20220218,112059500,11:21:00,20810,20641,43540,2147180025,1,0,104025
CF207,20220218,20220218,112100000,11:21:00,20810,20641,43540,2147180025,0,0,0
CF207,20220218,20220218,112100500,11:21:01,20810,20641,43540,2147180025,0,0,0
CF207,20220218,20220218,112109000,11:21:10,20810,20641,43540,2147180025,0,0,0
CF207,20220218,20220218,112110500,11:21:11,20810,20641,43540,2147180025,0,0,0
CF207,20220218,20220218,112111000,11:21:11,20810,20641,43540,2147180025,0,0,0
CF207,20220218,20220218,112112000,11:21:12,20815,20652,43550,2148324300,11,10,1144275
CF207,20220218,20220218,112117500,11:21:18,20815,20652,43550,2148324300,0,0,0
CF207,20220218,20220218,112118000,11:21:18,20815,20652,43550,2148324300,0,0,0
CF207,20220218,20220218,112118500,11:21:18,20815,20652,43550,2148324300,0,0,0
CF207,20220218,20220218,112325000,11:23:33,20815,20652,43550,2148324300,0,0,0
CF207,20220218,20220218,112333500,11:23:33,20815,20652,43550,2148324300,0,0,0
CF207,20220218,20220218,112342000,11:23:42,20835,20681,43560,2151341025,29,10,3016725
CF207,20220218,20220218,112342500,11:23:43,20835,20681,43560,2151341025,0,0,0
CF207,20220218,20220218,112343000,11:23:43,20835,20681,43560,2151341025,0,0,0
CF207,20220218,20220218,112343500,11:23:43,20835,20691,43560,2152381275,10,0,1040250
CF207,20220218,20220218,112344000,11:23:48,20835,20691,43560,2152381275,0,0,0
CF207,20220218,20220218,112344500,11:23:48,20835,20691,43560,2152381275,0,0,0
CF207,20220218,20220218,112345000,11:23:48,20835,20691,43560,2152381275,0,0,0
CF207,20220218,20220218,112345500,11:23:48,20835,20691,43560,2152381275,0,0,0
CF207,20220218,20220218,112347500,11:23:48,20835,20691,43560,2152381275,0,0,0
CF207,20220218,20220218,112348500,11:23:49,20835,20691,43560,2152381275,0,0,0
CF207,20220218,20220218,112349500,11:23:50,20830,20692,43560,2152485300,1,0,104025
CF207,20220218,20220218,112351000,11:23:51,20830,20694,43560,2152693350,2,0,208050
CF207,20220218,20220218,112357000,11:23:57,20830,20694,43560,2152693350,0,0,0
CF207,20220218,20220218,112359500,11:23:59,20830,20694,43560,2152693350,0,0,0
CF207,20220218,20220218,112400500,11:24:00,20830,20694,43560,2152693350,0,0,0
CF207,20220218,20220218,112412500,11:24:13,20830,20694,43560,2152693350,0,0,0
CF207,20220218,20220218,112417000,11:24:17,20830,20694,43560,2152693350,0,0,0
CF207,20220218,20220218,112417500,11:24:18,20830,20694,43560,2152693350,0,0,0
CF207,20220218,20220218,112418000,11:24:18,20830,20694,43560,2152693350,0,0,0
CF207,20220218,20220218,112418500,11:24:19,20830,20694,43560,2152693350,0,0,0
CF207,20220218,20220218,112420500,11:24:21,20830,20694,43560,2152693350,0,0,0
CF207,20220218,20220218,112421000,11:24:21,20830,20694,43560,2152693350,0,0,0
CF207,20220218,20220218,112426500,11:24:26,20830,20694,43560,2152693350,0,0,0
CF207,20220218,20220218,112427500,11:24:28,20830,20694,43560,2152693350,0,0,0
CF207,20220218,20220218,112429500,11:24:30,20830,20694,43560,2152693350,0,0,0
CF207,20220218,20220218,112430500,11:24:30,20830,20694,43560,2152693350,0,0,0
CF207,20220218,20220218,112434500,11:24:34,20830,20694,43560,2152693350,0,0,0
CF207,20220218,20220218,112439500,11:24:40,20830,20694,43560,2152693350,0,0,0
CF207,20220218,20220218,112446500,11:24:46,20830,20694,43560,2152693350,0,0,0
CF207,20220218,20220218,112450000,11:24:50,20830,20695,43561,2152797375,1,1,104025
CF207,20220218,20220218,112451000,11:24:51,20830,20695,43561,2152797375,0,0,0
CF207,20220218,20220218,112452500,11:24:52,20830,20696,43562,2152901400,1,1,104025
CF207,20220218,20220218,112453000,11:24:53,20830,20696,43562,2152901400,0,0,0
CF207,20220218,20220218,112501500,11:25:05,20835,20702,43562,2153525550,6,0,624150
CF207,20220218,20220218,112502000,11:25:05,20835,20702,43562,2153525550,0,0,0
CF207,20220218,20220218,112502500,11:25:06,20835,20702,43562,2153525550,0,0,0
CF207,20220218,20220218,112504000,11:25:06,20835,20702,43562,2153525550,0,0,0
CF207,20220218,20220218,112505500,11:25:06,20835,20714,43572,2154773850,12,10,1248300
CF207,20220218,20220218,112506000,11:25:07,20835,20722,43564,2155606050,8,-8,832200
CF207,20220218,20220218,112506500,11:25:07,20835,20722,43564,2155606050,0,0,0
CF207,20220218,20220218,112507000,11:25:07,20835,20722,43564,2155606050,0,0,0
CF207,20220218,20220218,112507500,11:25:07,20835,20722,43564,2155606050,0,0,0
CF207,20220218,20220218,112508000,11:25:08,20835,20722,43564,2155606050,0,0,0
CF207,20220218,20220218,112508500,11:25:09,20835,20722,43564,2155606050,0,0,0
CF207,20220218,20220218,112509000,11:25:09,20835,20722,43564,2155606050,0,0,0
CF207,20220218,20220218,112509500,11:25:09,20835,20722,43564,2155606050,0,0,0
CF207,20220218,20220218,112511500,11:25:11,20835,20722,43564,2155606050,0,0,0
CF207,20220218,20220218,112512000,11:25:12,20835,20722,43564,2155606050,0,0,0
CF207,20220218,20220218,112512500,11:25:12,20835,20722,43564,2155606050,0,0,0
CF207,20220218,20220218,112513500,11:25:15,20835,20722,43564,2155606050,0,0,0
CF207,20220218,20220218,112515000,11:25:16,20835,20722,43564,2155606050,0,0,0
CF207,20220218,20220218,112516000,11:25:16,20835,20722,43564,2155606050,0,0,0
CF207,20220218,20220218,112517000,11:25:18,20835,20722,43564,2155606050,0,0,0
CF207,20220218,20220218,112517500,11:25:18,20835,20722,43564,2155606050,0,0,0
CF207,20220218,20220218,112526000,11:25:26,20845,20819,43569,2165696475,97,5,10090425
CF207,20220218,20220218,112526500,11:25:27,20850,20918,43634,2175994950,99,65,10298475
CF207,20220218,20220218,112527000,11:25:28,20855,20946,43644,2178907650,28,10,2912700
CF207,20220218,20220218,112527500,11:25:28,20850,21019,43624,2186501475,73,-20,7593825
CF207,20220218,20220218,112528000,11:25:28,20850,21030,43615,2187645750,11,-9,1144275
CF207,20220218,20220218,112528500,11:25:28,20850,21030,43615,2187645750,0,0,0
CF207,20220218,20220218,112529000,11:25:29,20850,21030,43615,2187645750,0,0,0
CF207,20220218,20220218,112529500,11:25:30,20850,21030,43615,2187645750,0,0,0
CF207,20220218,20220218,112530000,11:25:31,20850,21030,43615,2187645750,0,0,0
CF207,20220218,20220218,112530500,11:25:31,20850,21030,43615,2187645750,0,0,0
CF207,20220218,20220218,112531000,11:25:31,20850,21030,43615,2187645750,0,0,0
CF207,20220218,20220218,112531500,11:25:32,20850,21036,43609,2188269900,6,-6,624150
CF207,20220218,20220218,112532000,11:25:32,20850,21039,43606,2188581975,3,-3,312075
CF207,20220218,20220218,112532500,11:25:33,20850,21041,43604,2188790025,2,-2,208050
CF207,20220218,20220218,112533000,11:25:33,20850,21047,43604,2189414175,6,0,624150
CF207,20220218,20220218,112533500,11:25:33,20850,21047,43604,2189414175,0,0,0
CF207,20220218,20220218,112534500,11:25:35,20850,21047,43604,2189414175,0,0,0
CF207,20220218,20220218,112535000,11:25:37,20850,21047,43604,2189414175,0,0,0
CF207,20220218,20220218,112535500,11:25:37,20850,21047,43604,2189414175,0,0,0
CF207,20220218,20220218,112537500,11:25:38,20850,21047,43604,2189414175,0,0,0
CF207,20220218,20220218,112538000,11:25:38,20850,21047,43604,2189414175,0,0,0
CF207,20220218,20220218,112538500,11:25:39,20850,21058,43603,2190558450,11,-1,1144275
CF207,20220218,20220218,112539000,11:25:39,20850,21058,43603,2190558450,0,0,0
CF207,20220218,20220218,112539500,11:25:40,20850,21058,43603,2190558450,0,0,0
CF207,20220218,20220218,112540000,11:25:40,20850,21058,43603,2190558450,0,0,0
CF207,20220218,20220218,112540500,11:25:41,20850,21058,43603,2190558450,0,0,0
CF207,20220218,20220218,112541000,11:25:41,20850,21074,43591,2192222850,16,-12,1664400
CF207,20220218,20220218,112541500,11:25:41,20850,21074,43591,2192222850,0,0,0
CF207,20220218,20220218,112542000,11:25:42,20850,21074,43591,2192222850,0,0,0
CF207,20220218,20220218,112542500,11:25:43,20850,21076,43591,2192430900,2,0,208050
CF207,20220218,20220218,112543500,11:25:43,20850,21076,43591,2192430900,0,0,0
CF207,20220218,20220218,112544000,11:25:44,20850,21076,43591,2192430900,0,0,0
CF207,20220218,20220218,112544500,11:25:44,20850,21076,43591,2192430900,0,0,0
CF207,20220218,20220218,112545000,11:25:45,20850,21076,43591,2192430900,0,0,0
CF207,20220218,20220218,112545500,11:25:46,20850,21076,43591,2192430900,0,0,0
CF207,20220218,20220218,112546000,11:25:47,20850,21076,43591,2192430900,0,0,0
CF207,20220218,20220218,112546500,11:25:48,20855,21106,43601,2195551650,30,10,3120750
CF207,20220218,20220218,112547000,11:25:48,20855,21106,43601,2195551650,0,0,0
CF207,20220218,20220218,112547500,11:25:48,20860,21111,43602,2196071775,5,1,520125
CF207,20220218,20220218,112548000,11:25:48,20860,21151,43585,2200232775,40,-17,4161000
CF207,20220218,20220218,112548500,11:25:48,20860,21153,43584,2200440825,2,-1,208050
CF207,20220218,20220218,112549000,11:25:49,20860,21153,43584,2200440825,0,0,0
CF207,20220218,20220218,112549500,11:25:49,20860,21153,43584,2200440825,0,0,0
CF207,20220218,20220218,112550000,11:25:50,20860,21153,43584,2200440825,0,0,0
CF207,20220218,20220218,112550500,11:25:51,20860,21153,43584,2200440825,0,0,0
CF207,20220218,20220218,112551000,11:25:51,20860,21153,43584,2200440825,0,0,0
CF207,20220218,20220218,112551500,11:25:51,20860,21153,43584,2200440825,0,0,0
CF207,20220218,20220218,112552000,11:25:52,20860,21154,43583,2200544850,1,-1,104025
CF207,20220218,20220218,112552500,11:25:52,20860,21156,43581,2200752900,2,-2,208050
CF207,20220218,20220218,112553000,11:25:53,20860,21159,43578,2201064975,3,-3,312075
CF207,20220218,20220218,112553500,11:25:54,20860,21159,43578,2201064975,0,0,0
CF207,20220218,20220218,112554000,11:25:54,20860,21159,43578,2201064975,0,0,0
CF207,20220218,20220218,112554500,11:25:55,20860,21159,43578,2201064975,0,0,0
CF207,20220218,20220218,112555000,11:25:55,20860,21160,43577,2201169000,1,-1,104025
CF207,20220218,20220218,112555500,11:25:56,20855,21172,43578,2202417300,12,1,1248300
CF207,20220218,20220218,112556000,11:25:57,20860,21183,43567,2203561575,11,-11,1144275
CF207,20220218,20220218,112556500,11:25:57,20860,21183,43567,2203561575,0,0,0
CF207,20220218,20220218,112557000,11:25:57,20860,21183,43567,2203561575,0,0,0
CF207,20220218,20220218,112557500,11:25:57,20860,21183,43567,2203561575,0,0,0
CF207,20220218,20220218,112558000,11:25:59,20860,21184,43566,2203665600,1,-1,104025
CF207,20220218,20220218,112558500,11:25:59,20860,21198,43552,2205121950,14,-14,1456350
CF207,20220218,20220218,112559000,11:26:00,20860,21198,43552,2205121950,0,0,0
CF207,20220218,20220218,112559500,11:26:00,20860,21198,43552,2205121950,0,0,0
CF207,20220218,20220218,112600000,11:26:00,20860,21200,43550,2205330000,2,-2,208050
CF207,20220218,20220218,112600500,11:26:01,20860,21200,43550,2205330000,0,0,0
CF207,20220218,20220218,112601000,11:26:01,20860,21214,43555,2206786350,14,5,1456350
CF207,20220218,20220218,112601500,11:26:02,20860,21214,43555,2206786350,0,0,0
CF207,20220218,20220218,112602000,11:26:03,20865,21227,43550,2208138675,13,-5,1352325
CF207,20220218,20220218,112602500,11:26:03,20870,21228,43549,2208242700,1,-1,104025
CF207,20220218,20220218,112603000,11:26:03,20870,21228,43549,2208242700,0,0,0
CF207,20220218,20220218,112603500,11:26:04,20865,21233,43549,2208762825,5,0,520125
CF207,20220218,20220218,112604000,11:26:05,20865,21233,43549,2208762825,0,0,0
CF207,20220218,20220218,112604500,11:26:05,20865,21233,43549,2208762825,0,0,0
CF207,20220218,20220218,112605000,11:26:05,20865,21233,43549,2208762825,0,0,0
CF207,20220218,20220218,112605500,11:26:06,20865,21233,43549,2208762825,0,0,0
CF207,20220218,20220218,112606000,11:26:06,20865,21233,43549,2208762825,0,0,0
CF207,20220218,20220218,112606500,11:26:09,20865,21233,43549,2208762825,0,0,0
CF207,20220218,20220218,112607000,11:26:09,20865,21233,43549,2208762825,0,0,0
CF207,20220218,20220218,112607500,11:26:09,20865,21233,43549,2208762825,0,0,0
CF207,20220218,20220218,112608500,11:26:09,20865,21237,43549,2209178925,4,0,416100
CF207,20220218,20220218,112609500,11:26:10,20865,21239,43549,2209386975,2,0,208050
CF207,20220218,20220218,112610000,11:26:10,20865,21239,43549,2209386975,0,0,0
CF207,20220218,20220218,112610500,11:26:11,20865,21239,43549,2209386975,0,0,0
CF207,20220218,20220218,112611000,11:26:11,20865,21241,43550,2209595025,2,1,208050
CF207,20220218,20220218,112611500,11:26:13,20865,21244,43550,2209907100,3,0,312075
CF207,20220218,20220218,112612000,11:26:14,20865,21244,43550,2209907100,0,0,0
CF207,20220218,20220218,112612500,11:26:15,20865,21245,43550,2210011125,1,0,104025
CF207,20220218,20220218,112613000,11:26:15,20865,21245,43550,2210011125,0,0,0
CF207,20220218,20220218,112614500,11:26:16,20865,21245,43550,2210011125,0,0,0
CF207,20220218,20220218,112615000,11:26:16,20865,21245,43550,2210011125,0,0,0
CF207,20220218,20220218,112615500,11:26:16,20870,21246,43550,2210115150,1,0,104025
CF207,20220218,20220218,112616000,11:26:16,20875,21256,43550,2211155400,10,0,1040250
CF207,20220218,20220218,112616500,11:26:17,20875,21257,43551,2211259425,1,1,104025
CF207,20220218,20220218,112617000,11:26:17,20875,21257,43551,2211259425,0,0,0
CF207,20220218,20220218,112617500,11:26:17,20875,21257,43551,2211259425,0,0,0
CF207,20220218,20220218,112618000,11:26:18,20875,21266,43549,2212195650,9,-2,936225
CF207,20220218,20220218,112618500,11:26:19,20875,21266,43549,2212195650,0,0,0
CF207,20220218,20220218,112619000,11:26:19,20875,21266,43549,2212195650,0,0,0
CF207,20220218,20220218,112619500,11:26:20,20875,21266,43549,2212195650,0,0,0
CF207,20220218,20220218,112620000,11:26:20,20875,21266,43549,2212195650,0,0,0
CF207,20220218,20220218,112620500,11:26:20,20875,21272,43548,2212819800,6,-1,624150
CF207,20220218,20220218,112621000,11:26:21,20875,21274,43550,2213027850,2,2,208050
CF207,20220218,20220218,112621500,11:26:21,20875,21277,43550,2213339925,3,0,312075
CF207,20220218,20220218,112622000,11:26:22,20875,21277,43550,2213339925,0,0,0
CF207,20220218,20220218,112622500,11:26:23,20875,21283,43551,2213964075,6,1,624150
CF207,20220218,20220218,112623000,11:26:23,20875,21287,43552,2214380175,4,1,416100
CF207,20220218,20220218,112623500,11:26:23,20875,21289,43550,2214588225,2,-2,208050
CF207,20220218,20220218,112624000,11:26:24,20875,21289,43550,2214588225,0,0,0
CF207,20220218,20220218,112624500,11:26:24,20870,21308,43559,2216564700,19,9,1976475
CF207,20220218,20220218,112625000,11:26:25,20870,21308,43559,2216564700,0,0,0
CF207,20220218,20220218,112625500,11:26:25,20870,21318,43559,2217604950,10,0,1040250
CF207,20220218,20220218,112626000,11:26:26,20870,21318,43559,2217604950,0,0,0
CF207,20220218,20220218,112626500,11:26:27,20870,21318,43559,2217604950,0,0,0
CF207,20220218,20220218,112627000,11:26:27,20870,21318,43559,2217604950,0,0,0
CF207,20220218,20220218,112627500,11:26:27,20870,21319,43559,2217708975,1,0,104025
CF207,20220218,20220218,112628000,11:26:28,20870,21319,43559,2217708975,0,0,0
CF207,20220218,20220218,112628500,11:26:28,20870,21319,43559,2217708975,0,0,0
CF207,20220218,20220218,112629500,11:26:30,20870,21320,43559,2217813000,1,0,104025
CF207,20220218,20220218,112630000,11:26:31,20870,21321,43559,2217917025,1,0,104025
CF207,20220218,20220218,112630500,11:26:31,20870,21321,43559,2217917025,0,0,0
CF207,20220218,20220218,112631000,11:26:31,20870,21321,43559,2217917025,0,0,0
CF207,20220218,20220218,112631500,11:26:32,20870,21321,43559,2217917025,0,0,0
CF207,20220218,20220218,112632000,11:26:32,20870,21321,43559,2217917025,0,0,0
CF207,20220218,20220218,112633000,11:26:33,20870,21322,43559,2218021050,1,0,104025
CF207,20220218,20220218,112634000,11:26:37,20870,21322,43559,2218021050,0,0,0
CF207,20220218,20220218,112634500,11:26:37,20870,21322,43559,2218021050,0,0,0
CF207,20220218,20220218,112635000,11:26:37,20870,21329,43559,2218749225,7,0,728175
CF207,20220218,20220218,112635500,11:26:38,20870,21329,43559,2218749225,0,0,0
CF207,20220218,20220218,112637000,11:26:38,20870,21329,43559,2218749225,0,0,0
CF207,20220218,20220218,112637500,11:27:10,20870,21329,43559,2218749225,0,0,0
CF207,20220218,20220218,112638000,11:27:10,20870,21329,43559,2218749225,0,0,0
CF207,20220218,20220218,112653500,11:27:10,20870,21329,43559,2218749225,0,0,0
CF207,20220218,20220218,112710000,11:27:12,20870,21329,43559,2218749225,0,0,0
CF207,20220218,20220218,112710500,11:27:12,20870,21329,43559,2218749225,0,0,0
CF207,20220218,20220218,112712000,11:27:12,20870,21329,43559,2218749225,0,0,0
CF207,20220218,20220218,112712500,11:27:13,20870,21329,43559,2218749225,0,0,0
CF207,20220218,20220218,112713000,11:27:14,20870,21329,43559,2218749225,0,0,0
CF207,20220218,20220218,112713500,11:27:14,20870,21329,43559,2218749225,0,0,0
CF207,20220218,20220218,112714000,11:27:15,20870,21329,43559,2218749225,0,0,0
CF207,20220218,20220218,112714500,11:27:15,20870,21329,43559,2218749225,0,0,0
CF207,20220218,20220218,112715000,11:27:16,20870,21329,43559,2218749225,0,0,0
CF207,20220218,20220218,112715500,11:27:16,20870,21329,43559,2218749225,0,0,0
CF207,20220218,20220218,112722500,11:27:26,20870,21329,43559,2218749225,0,0,0
CF207,20220218,20220218,112723000,11:27:27,20870,21329,43559,2218749225,0,0,0
CF207,20220218,20220218,112724000,11:27:27,20870,21329,43559,2218749225,0,0,0
CF207,20220218,20220218,112724500,11:27:27,20870,21329,43559,2218749225,0,0,0
CF207,20220218,20220218,112728500,11:27:28,20870,21329,43559,2218749225,0,0,0
CF207,20220218,20220218,112729500,11:27:30,20870,21329,43559,2218749225,0,0,0
CF207,20220218,20220218,112731000,11:27:33,20870,21374,43540,2223430350,45,-19,4681125
CF207,20220218,20220218,112731500,11:27:35,20870,21374,43540,2223430350,0,0,0
CF207,20220218,20220218,112732000,11:27:36,20870,21374,43540,2223430350,0,0,0
CF207,20220218,20220218,112733000,11:27:36,20870,21374,43540,2223430350,0,0,0
CF207,20220218,20220218,112739000,11:27:39,20870,21374,43540,2223430350,0,0,0
CF207,20220218,20220218,112739500,11:27:40,20870,21374,43540,2223430350,0,0,0
CF207,20220218,20220218,112740000,11:27:40,20870,21374,43540,2223430350,0,0,0
CF207,20220218,20220218,112740500,11:27:40,20865,21376,43540,2223638400,2,0,208050
CF207,20220218,20220218,112741000,11:27:41,20865,21376,43540,2223638400,0,0,0
CF207,20220218,20220218,112743000,11:27:43,20865,21376,43540,2223638400,0,0,0
CF207,20220218,20220218,112743500,11:27:44,20865,21376,43540,2223638400,0,0,0
CF207,20220218,20220218,112746000,11:27:46,20865,21376,43540,2223638400,0,0,0
CF207,20220218,20220218,112746500,11:27:47,20865,21376,43540,2223638400,0,0,0
CF207,20220218,20220218,112747500,11:27:48,20865,21376,43540,2223638400,0,0,0
CF207,20220218,20220218,112748000,11:27:53,20865,21376,43540,2223638400,0,0,0
CF207,20220218,20220218,112748500,11:27:54,20865,21376,43540,2223638400,0,0,0
CF207,20220218,20220218,112752500,11:27:54,20865,21376,43540,2223638400,0,0,0
CF207,20220218,20220218,112755000,11:27:55,20865,21376,43540,2223638400,0,0,0
CF207,20220218,20220218,112758500,11:27:59,20865,21376,43540,2223638400,0,0,0
CF207,20220218,20220218,112759000,11:27:59,20870,21389,43528,2224990725,13,-12,1352325
CF207,20220218,20220218,112759500,11:27:59,20870,21389,43528,2224990725,0,0,0
CF207,20220218,20220218,112800000,11:28:01,20870,21389,43528,2224990725,0,0,0
CF207,20220218,20220218,112801000,11:28:01,20870,21389,43528,2224990725,0,0,0
CF207,20220218,20220218,112801500,11:28:02,20870,21389,43528,2224990725,0,0,0
CF207,20220218,20220218,112802000,11:28:03,20875,21390,43527,2225094750,1,-1,104025
CF207,20220218,20220218,112802500,11:28:03,20875,21390,43527,2225094750,0,0,0
CF207,20220218,20220218,112803500,11:28:04,20875,21390,43527,2225094750,0,0,0
CF207,20220218,20220218,112804000,11:28:05,20875,21390,43527,2225094750,0,0,0
CF207,20220218,20220218,112804500,11:28:06,20875,21390,43527,2225094750,0,0,0
CF207,20220218,20220218,112805000,11:28:06,20875,21390,43527,2225094750,0,0,0
CF207,20220218,20220218,112805500,11:28:07,20875,21390,43527,2225094750,0,0,0
CF207,20220218,20220218,112806000,11:28:10,20875,21390,43527,2225094750,0,0,0
CF207,20220218,20220218,112806500,11:28:10,20875,21390,43527,2225094750,0,0,0
CF207,20220218,20220218,112807000,11:28:10,20875,21390,43527,2225094750,0,0,0
CF207,20220218,20220218,112810000,11:28:11,20875,21390,43527,2225094750,0,0,0
CF207,20220218,20220218,112810500,11:28:12,20875,21390,43527,2225094750,0,0,0
CF207,20220218,20220218,112811000,11:28:12,20875,21390,43527,2225094750,0,0,0
CF207,20220218,20220218,112811500,11:28:12,20875,21390,43527,2225094750,0,0,0
CF207,20220218,20220218,112812000,11:28:13,20880,21410,43521,2227175250,20,-6,2080500
CF207,20220218,20220218,112812500,11:28:13,20880,21412,43520,2227383300,2,-1,208050
CF207,20220218,20220218,112813000,11:28:13,20880,21412,43520,2227383300,0,0,0
CF207,20220218,20220218,112813500,11:28:14,20880,21412,43520,2227383300,0,0,0
CF207,20220218,20220218,112814500,11:28:15,20875,21417,43518,2227903425,5,-2,520125
CF207,20220218,20220218,112815000,11:28:15,20880,21418,43517,2228007450,1,-1,104025
CF207,20220218,20220218,112815500,11:28:15,20880,21418,43517,2228007450,0,0,0
CF207,20220218,20220218,112816000,11:28:16,20880,21418,43517,2228007450,0,0,0
CF207,20220218,20220218,112816500,11:28:16,20880,21418,43517,2228007450,0,0,0
CF207,20220218,20220218,112817500,11:28:17,20880,21419,43516,2228111475,1,-1,104025
CF207,20220218,20220218,112818000,11:28:18,20880,21420,43515,2228215500,1,-1,104025
CF207,20220218,20220218,112818500,11:28:18,20880,21420,43515,2228215500,0,0,0
CF207,20220218,20220218,112819500,11:28:20,20880,21420,43515,2228215500,0,0,0
CF207,20220218,20220218,112820000,11:28:20,20875,21432,43505,2229463800,12,-10,1248300
CF207,20220218,20220218,112820500,11:28:21,20875,21432,43505,2229463800,0,0,0
CF207,20220218,20220218,112821000,11:28:21,20875,21432,43505,2229463800,0,0,0
CF207,20220218,20220218,112821500,11:28:22,20875,21432,43505,2229463800,0,0,0
CF207,20220218,20220218,112825000,11:28:25,20875,21432,43505,2229463800,0,0,0
CF207,20220218,20220218,112825500,11:28:25,20875,21432,43505,2229463800,0,0,0
CF207,20220218,20220218,112826000,11:28:26,20875,21432,43505,2229463800,0,0,0
CF207,20220218,20220218,112827500,11:28:27,20875,21432,43505,2229463800,0,0,0
CF207,20220218,20220218,112828000,11:28:28,20875,21432,43505,2229463800,0,0,0
CF207,20220218,20220218,112828500,11:28:28,20875,21432,43505,2229463800,0,0,0
CF207,20220218,20220218,112829000,11:28:29,20875,21432,43505,2229463800,0,0,0
CF207,20220218,20220218,112829500,11:28:29,20875,21432,43505,2229463800,0,0,0
CF207,20220218,20220218,112830000,11:28:30,20875,21432,43505,2229463800,0,0,0
CF207,20220218,20220218,112831000,11:28:31,20875,21433,43504,2229567825,1,-1,104025
CF207,20220218,20220218,112833000,11:28:33,20875,21433,43504,2229567825,0,0,0
CF207,20220218,20220218,112833500,11:28:34,20875,21433,43504,2229567825,0,0,0
CF207,20220218,20220218,112837500,11:28:38,20875,21433,43504,2229567825,0,0,0
CF207,20220218,20220218,112838000,11:28:38,20875,21433,43504,2229567825,0,0,0
CF207,20220218,20220218,112838500,11:28:38,20875,21433,43504,2229567825,0,0,0
CF207,20220218,20220218,112842500,11:28:42,20875,21433,43504,2229567825,0,0,0
CF207,20220218,20220218,112843000,11:28:43,20875,21433,43504,2229567825,0,0,0
CF207,20220218,20220218,112843500,11:28:44,20875,21433,43504,2229567825,0,0,0
CF207,20220218,20220218,112844000,11:28:44,20875,21433,43504,2229567825,0,0,0
CF207,20220218,20220218,112844500,11:28:45,20875,21433,43504,2229567825,0,0,0
CF207,20220218,20220218,112848000,11:28:48,20880,21435,43502,2229775875,2,-2,208050
CF207,20220218,20220218,112848500,11:28:48,20880,21435,43502,2229775875,0,0,0
CF207,20220218,20220218,112852000,11:28:53,20880,21435,43502,2229775875,0,0,0
CF207,20220218,20220218,112852500,11:28:54,20880,21435,43502,2229775875,0,0,0
CF207,20220218,20220218,112853000,11:28:54,20880,21435,43502,2229775875,0,0,0
CF207,20220218,20220218,112853500,11:28:54,20890,21438,43502,2230087950,3,0,312075
CF207,20220218,20220218,112854000,11:28:54,20895,21448,43502,2231664400,10,0,1576450
CF207,20220218,20220218,112854500,11:28:54,20895,21448,43502,2231664400,0,0,0
CF207,20220218,20220218,112856000,11:28:56,20895,21448,43502,2231664400,0,0,0
CF207,20220218,20220218,112856500,11:28:56,20895,21448,43502,2231664400,0,0,0
CF207,20220218,20220218,112857000,11:28:57,20895,21448,43502,2231664400,0,0,0
CF207,20220218,20220218,112857500,11:28:58,20895,21448,43502,2231664400,0,0,0
CF207,20220218,20220218,112858000,11:28:58,20895,21448,43502,2231664400,0,0,0
CF207,20220218,20220218,112859000,11:28:59,20895,21448,43502,2231664400,0,0,0
CF207,20220218,20220218,112859500,11:29:00,20895,21448,43502,2231664400,0,0,0
CF207,20220218,20220218,112900000,11:29:00,20885,21450,43504,2231872500,2,2,208100
CF207,20220218,20220218,112900500,11:29:01,20885,21450,43504,2231872500,0,0,0
CF207,20220218,20220218,112901000,11:29:01,20885,21458,43507,2232704900,8,3,832400
CF207,20220218,20220218,112901500,11:29:02,20885,21458,43507,2232704900,0,0,0
CF207,20220218,20220218,112902000,11:29:02,20890,21460,43508,2232913000,2,1,208100
CF207,20220218,20220218,112902500,11:29:03,20890,21460,43508,2232913000,0,0,0
CF207,20220218,20220218,112903000,11:29:03,20890,21460,43508,2232913000,0,0,0
CF207,20220218,20220218,112903500,11:29:04,20890,21460,43508,2232913000,0,0,0
CF207,20220218,20220218,112904000,11:29:04,20890,21460,43508,2232913000,0,0,0
CF207,20220218,20220218,112904500,11:29:04,20890,21460,43508,2232913000,0,0,0
CF207,20220218,20220218,112905000,11:29:05,20890,21460,43508,2232913000,0,0,0
CF207,20220218,20220218,112905500,11:29:06,20890,21460,43508,2232913000,0,0,0
CF207,20220218,20220218,112906000,11:29:06,20885,21463,43508,2233225150,3,0,312150
CF207,20220218,20220218,112906500,11:29:06,20885,21463,43508,2233225150,0,0,0
CF207,20220218,20220218,112907000,11:29:08,20885,21463,43508,2233225150,0,0,0
CF207,20220218,20220218,112907500,11:29:08,20885,21463,43508,2233225150,0,0,0
CF207,20220218,20220218,112908000,11:29:08,20885,21463,43508,2233225150,0,0,0
CF207,20220218,20220218,112908500,11:29:08,20885,21463,43508,2233225150,0,0,0
CF207,20220218,20220218,112909000,11:29:09,20885,21463,43508,2233225150,0,0,0
CF207,20220218,20220218,112910500,11:29:11,20890,21473,43508,2234265650,10,0,1040500
CF207,20220218,20220218,112911000,11:29:11,20890,21473,43508,2234265650,0,0,0
CF207,20220218,20220218,112911500,11:29:12,20890,21475,43506,2234473750,2,-2,208100
CF207,20220218,20220218,112912000,11:29:12,20890,21475,43506,2234473750,0,0,0
CF207,20220218,20220218,112912500,11:29:12,20890,21475,43506,2234473750,0,0,0
CF207,20220218,20220218,112913500,11:29:14,20890,21478,43503,2234785900,3,-3,312150
CF207,20220218,20220218,112914000,11:29:14,20890,21478,43503,2234785900,0,0,0
CF207,20220218,20220218,112914500,11:29:15,20890,21478,43503,2234785900,0,0,0
CF207,20220218,20220218,112917500,11:29:21,20890,21478,43503,2234785900,0,0,0
CF207,20220218,20220218,112920500,11:29:21,20890,21478,43503,2234785900,0,0,0
CF207,20220218,20220218,112921000,11:29:22,20890,21478,43503,2234785900,0,0,0
CF207,20220218,20220218,112921500,11:29:24,20890,21478,43503,2234785900,0,0,0
CF207,20220218,20220218,112922000,11:29:24,20880,21482,43499,2235202100,4,-4,416200
CF207,20220218,20220218,112922500,11:29:24,20880,21482,43499,2235202100,0,0,0
CF207,20220218,20220218,112924000,11:29:24,20880,21482,43499,2235202100,0,0,0
CF207,20220218,20220218,112924500,11:29:25,20880,21482,43499,2235202100,0,0,0
CF207,20220218,20220218,112925000,11:29:25,20880,21482,43499,2235202100,0,0,0
CF207,20220218,20220218,112926500,11:29:26,20880,21482,43499,2235202100,0,0,0
CF207,20220218,20220218,112927000,11:29:27,20880,21482,43499,2235202100,0,0,0
CF207,20220218,20220218,112927500,11:29:28,20880,21482,43499,2235202100,0,0,0
CF207,20220218,20220218,112928000,11:29:28,20885,21483,43499,2235306150,1,0,104050
CF207,20220218,20220218,112928500,11:29:29,20880,21487,43499,2235722350,4,0,416200
CF207,20220218,20220218,112929000,11:29:29,20880,21487,43499,2235722350,0,0,0
CF207,20220218,20220218,112929500,11:29:30,20880,21488,43499,2235826400,1,0,104050
CF207,20220218,20220218,112930000,11:29:30,20880,21488,43499,2235826400,0,0,0
CF207,20220218,20220218,112931000,11:29:32,20880,21500,43499,2237075000,12,0,1248600
CF207,20220218,20220218,112931500,11:29:32,20880,21500,43499,2237075000,0,0,0
CF207,20220218,20220218,112932000,11:29:36,20880,21500,43499,2237075000,0,0,0
CF207,20220218,20220218,112932500,11:29:37,20880,21500,43499,2237075000,0,0,0
CF207,20220218,20220218,112933000,11:29:37,20880,21500,43499,2237075000,0,0,0
CF207,20220218,20220218,112936000,11:29:38,20880,21500,43499,2237075000,0,0,0
CF207,20220218,20220218,112937500,11:29:38,20880,21500,43499,2237075000,0,0,0
CF207,20220218,20220218,112938000,11:29:38,20880,21500,43499,2237075000,0,0,0
CF207,20220218,20220218,112943000,11:29:45,20880,21500,43499,2237075000,0,0,0
CF207,20220218,20220218,112943500,11:29:45,20880,21500,43499,2237075000,0,0,0
CF207,20220218,20220218,112945500,11:29:46,20880,21500,43499,2237075000,0,0,0
CF207,20220218,20220218,112946000,11:29:47,20880,21500,43499,2237075000,0,0,0
CF207,20220218,20220218,112947000,11:29:47,20880,21500,43499,2237075000,0,0,0
CF207,20220218,20220218,112947500,11:29:48,20880,21500,43499,2237075000,0,0,0
CF207,20220218,20220218,112948000,11:29:49,20880,21500,43499,2237075000,0,0,0
CF207,20220218,20220218,112948500,11:29:50,20880,21500,43499,2237075000,0,0,0
CF207,20220218,20220218,112949000,11:29:50,20880,21500,43499,2237075000,0,0,0
CF207,20220218,20220218,112949500,11:29:50,20880,21500,43499,2237075000,0,0,0
CF207,20220218,20220218,112950000,11:29:51,20880,21500,43499,2237075000,0,0,0
CF207,20220218,20220218,112952000,11:29:53,20880,21500,43499,2237075000,0,0,0
CF207,20220218,20220218,112954500,11:29:54,20880,21500,43499,2237075000,0,0,0
CF207,20220218,20220218,112955000,11:29:55,20880,21500,43499,2237075000,0,0,0
CF207,20220218,20220218,112955500,11:29:56,20880,21500,43499,2237075000,0,0,0
CF207,20220218,20220218,112956000,11:30:00,20880,21500,43499,2237075000,0,0,0
CF207,20220218,20220218,112956500,11:30:00,20880,21500,43499,2237075000,0,0,0
CF207,20220218,20220218,112957000,11:30:00,20880,21500,43499,2237075000,0,0,0
CF207,20220218,20220218,112959500,11:30:02,20880,21500,43499,2237075000,0,0,0
CF207,20220218,20220218,113000500,11:30:03,20880,21500,43499,2237075000,0,0,0
CF207,20220218,20220218,133000500,13:30:00,20890,21503,43498,2237387150,3,-1,312150
CF207,20220218,20220218,133001000,13:30:01,20885,21529,43480,2240092450,26,-18,2705300
CF207,20220218,20220218,133001500,13:30:02,20885,21529,43480,2240092450,0,0,0
CF207,20220218,20220218,133002000,13:30:08,20885,21548,43480,2242069400,19,0,1976950
CF207,20220218,20220218,133002500,13:30:10,20880,21566,43480,2243942300,18,0,1872900
CF207,20220218,20220218,133008000,13:30:10,20880,21566,43480,2243942300,0,0,0
CF207,20220218,20220218,133009500,13:30:10,20880,21566,43480,2243942300,0,0,0
CF207,20220218,20220218,133010000,13:30:11,20880,21566,43480,2243942300,0,0,0
CF207,20220218,20220218,133011000,13:30:13,20880,21566,43480,2243942300,0,0,0
CF207,20220218,20220218,133012500,13:30:13,20900,21634,43451,2251017700,68,-29,7075400
CF207,20220218,20220218,133013000,13:30:14,20900,21634,43451,2251017700,0,0,0
CF207,20220218,20220218,133013500,13:30:14,20900,21635,43451,2251121750,1,0,104050
CF207,20220218,20220218,133014000,13:30:16,20900,21636,43451,2251225800,1,0,104050
CF207,20220218,20220218,133014500,13:30:16,20900,21636,43451,2251225800,0,0,0
CF207,20220218,20220218,133015000,13:30:17,20900,21637,43451,2251329850,1,0,104050
CF207,20220218,20220218,133016500,13:30:18,20900,21637,43451,2251329850,0,0,0
CF207,20220218,20220218,133017000,13:30:18,20900,21637,43451,2251329850,0,0,0
CF207,20220218,20220218,133017500,13:30:18,20900,21637,43451,2251329850,0,0,0
CF207,20220218,20220218,133018000,13:30:19,20905,21645,43451,2252162250,8,0,832400
CF207,20220218,20220218,133018500,13:30:20,20905,21648,43451,2252474400,3,0,312150
CF207,20220218,20220218,133019000,13:30:20,20905,21648,43451,2252474400,0,0,0
CF207,20220218,20220218,133020000,13:30:21,20905,21648,43451,2252474400,0,0,0
CF207,20220218,20220218,133020500,13:30:21,20905,21649,43452,2252578450,1,1,104050
CF207,20220218,20220218,133023000,13:30:40,20905,21649,43452,2252578450,0,0,0
CF207,20220218,20220218,133038000,13:30:40,20905,21649,43452,2252578450,0,0,0
CF207,20220218,20220218,133040500,13:30:42,20885,21676,43447,2255387800,27,-5,2809350
CF207,20220218,20220218,133041000,13:30:43,20885,21676,43447,2255387800,0,0,0
CF207,20220218,20220218,133042000,13:30:44,20885,21676,43447,2255387800,0,0,0
CF207,20220218,20220218,133042500,13:30:44,20885,21676,43447,2255387800,0,0,0
CF207,20220218,20220218,133043000,13:30:44,20885,21676,43447,2255387800,0,0,0
CF207,20220218,20220218,133043500,13:30:45,20885,21676,43447,2255387800,0,0,0
CF207,20220218,20220218,133044000,13:30:45,20885,21676,43447,2255387800,0,0,0
CF207,20220218,20220218,133044500,13:30:46,20885,21676,43447,2255387800,0,0,0
CF207,20220218,20220218,133047500,13:30:48,20885,21676,43447,2255387800,0,0,0
CF207,20220218,20220218,133049000,13:30:50,20885,21676,43447,2255387800,0,0,0
CF207,20220218,20220218,133049500,13:30:50,20885,21676,43447,2255387800,0,0,0
CF207,20220218,20220218,133051500,13:30:52,20885,21676,43447,2255387800,0,0,0
CF207,20220218,20220218,133052000,13:30:53,20885,21676,43447,2255387800,0,0,0
CF207,20220218,20220218,133054500,13:30:55,20885,21676,43447,2255387800,0,0,0
CF207,20220218,20220218,133055000,13:30:56,20885,21676,43447,2255387800,0,0,0
CF207,20220218,20220218,133055500,13:30:56,20885,21676,43447,2255387800,0,0,0
CF207,20220218,20220218,133057000,13:30:58,20885,21676,43447,2255387800,0,0,0
CF207,20220218,20220218,133059000,13:30:59,20885,21676,43447,2255387800,0,0,0
CF207,20220218,20220218,133059500,13:30:59,20885,21676,43447,2255387800,0,0,0
CF207,20220218,20220218,133101500,13:31:01,20885,21676,43447,2255387800,0,0,0
CF207,20220218,20220218,133102000,13:31:02,20885,21676,43447,2255387800,0,0,0
CF207,20220218,20220218,133102500,13:31:03,20885,21676,43447,2255387800,0,0,0
CF207,20220218,20220218,133103000,13:31:03,20885,21676,43447,2255387800,0,0,0
CF207,20220218,20220218,133103500,13:31:05,20885,21676,43447,2255387800,0,0,0
CF207,20220218,20220218,133104500,13:31:07,20885,21676,43447,2255387800,0,0,0
CF207,20220218,20220218,133105500,13:31:07,20885,21676,43447,2255387800,0,0,0
CF207,20220218,20220218,133107000,13:31:08,20905,21693,43439,2257156650,17,-8,1768850
CF207,20220218,20220218,133108500,13:31:09,20905,21693,43439,2257156650,0,0,0
CF207,20220218,20220218,133109000,13:31:10,20905,21693,43439,2257156650,0,0,0
CF207,20220218,20220218,133109500,13:31:10,20905,21693,43439,2257156650,0,0,0
CF207,20220218,20220218,133110000,13:31:11,20900,21694,43439,2257260700,1,0,104050
CF207,20220218,20220218,133110500,13:31:11,20900,21734,43405,2261422700,40,-34,4162000
CF207,20220218,20220218,133111000,13:31:12,20900,21734,43405,2261422700,0,0,0
CF207,20220218,20220218,133113500,13:31:15,20900,21745,43405,2262567250,11,0,1144550
CF207,20220218,20220218,133114000,13:31:15,20900,21748,43405,2262879400,3,0,312150
CF207,20220218,20220218,133116000,13:31:16,20900,21748,43405,2262879400,0,0,0
CF207,20220218,20220218,133117000,13:31:18,20900,21748,43405,2262879400,0,0,0
CF207,20220218,20220218,133117500,13:31:18,20900,21748,43405,2262879400,0,0,0
CF207,20220218,20220218,133118000,13:31:19,20910,21755,43405,2263607750,7,0,728350
CF207,20220218,20220218,133118500,13:31:19,20910,21755,43405,2263607750,0,0,0
CF207,20220218,20220218,133119000,13:31:20,20905,21766,43415,2264752300,11,10,1144550
CF207,20220218,20220218,133119500,13:31:20,20905,21766,43415,2264752300,0,0,0
CF207,20220218,20220218,133120000,13:31:20,20905,21766,43415,2264752300,0,0,0
CF207,20220218,20220218,133159500,13:32:00,20915,21804,43408,2268706200,38,-7,3953900
CF207,20220218,20220218,133200000,13:32:01,20915,21804,43408,2268706200,0,0,0
CF207,20220218,20220218,133200500,13:32:01,20915,21826,43409,2270995300,22,1,2289100
CF207,20220218,20220218,133201000,13:32:01,20915,21826,43409,2270995300,0,0,0
CF207,20220218,20220218,133201500,13:32:01,20915,21826,43409,2270995300,0,0,0
CF207,20220218,20220218,133202000,13:32:03,20915,21826,43409,2270995300,0,0,0
CF207,20220218,20220218,133202500,13:32:04,20920,21827,43410,2271099350,1,1,104050
CF207,20220218,20220218,133203000,13:32:05,20920,21827,43410,2271099350,0,0,0
CF207,20220218,20220218,133203500,13:32:05,20920,21828,43411,2271203400,1,1,104050
CF207,20220218,20220218,133205000,13:32:05,20920,21828,43411,2271203400,0,0,0
CF207,20220218,20220218,133205500,13:32:06,20920,21828,43411,2271203400,0,0,0
CF207,20220218,20220218,133206000,13:32:07,20920,21828,43411,2271203400,0,0,0
CF207,20220218,20220218,133206500,13:32:07,20925,21881,43430,2276718050,53,19,5514650
CF207,20220218,20220218,133207000,13:32:07,20925,21881,43430,2276718050,0,0,0
CF207,20220218,20220218,133207500,13:32:07,20925,21881,43430,2276718050,0,0,0
CF207,20220218,20220218,133208000,13:32:09,20925,21881,43430,2276718050,0,0,0
CF207,20220218,20220218,133209000,13:32:10,20925,21881,43430,2276718050,0,0,0
CF207,20220218,20220218,133209500,13:32:10,20925,21881,43430,2276718050,0,0,0
CF207,20220218,20220218,133210000,13:32:11,20920,21883,43430,2276926150,2,0,208100
CF207,20220218,20220218,133210500,13:32:14,20920,21883,43430,2276926150,0,0,0
CF207,20220218,20220218,133211000,13:32:14,20920,21883,43430,2276926150,0,0,0
CF207,20220218,20220218,133213000,13:32:15,20920,21883,43430,2276926150,0,0,0
CF207,20220218,20220218,133218000,13:32:18,20920,21888,43435,2277446400,5,5,520250
CF207,20220218,20220218,133218500,13:32:19,20920,21888,43435,2277446400,0,0,0
CF207,20220218,20220218,133219000,13:32:20,20920,21888,43435,2277446400,0,0,0
CF207,20220218,20220218,133220000,13:32:20,20925,21892,43437,2277862600,4,2,416200
CF207,20220218,20220218,133220500,13:32:21,20925,21892,43437,2277862600,0,0,0
CF207,20220218,20220218,133221000,13:32:21,20925,21892,43437,2277862600,0,0,0
CF207,20220218,20220218,133221500,13:32:22,20925,21892,43437,2277862600,0,0,0
CF207,20220218,20220218,133222000,13:32:23,20925,21895,43437,2278174750,3,0,312150
CF207,20220218,20220218,133222500,13:32:24,20925,21895,43437,2278174750,0,0,0
CF207,20220218,20220218,133227000,13:32:27,20920,21900,43438,2278695000,5,1,520250
CF207,20220218,20220218,133227500,13:32:32,20920,21900,43438,2278695000,0,0,0
CF207,20220218,20220218,133228000,13:32:32,20925,21903,43438,2279007150,3,0,312150
CF207,20220218,20220218,133228500,13:32:32,20925,21903,43438,2279007150,0,0,0
CF207,20220218,20220218,133229000,13:32:33,20925,21903,43438,2279007150,0,0,0
CF207,20220218,20220218,133232000,13:32:34,20925,21903,43438,2279007150,0,0,0
CF207,20220218,20220218,133232500,13:32:35,20925,21903,43438,2279007150,0,0,0
CF207,20220218,20220218,133234000,13:32:35,20925,21903,43438,2279007150,0,0,0
CF207,20220218,20220218,133236000,13:32:37,20925,21903,43438,2279007150,0,0,0
CF207,20220218,20220218,133237000,13:32:37,20925,21903,43438,2279007150,0,0,0
CF207,20220218,20220218,133239000,13:32:39,20925,21903,43438,2279007150,0,0,0
CF207,20220218,20220218,133239500,13:32:40,20925,21903,43438,2279007150,0,0,0
CF207,20220218,20220218,133240000,13:32:40,20925,21903,43438,2279007150,0,0,0
CF207,20220218,20220218,133240500,13:32:41,20925,21903,43438,2279007150,0,0,0
CF207,20220218,20220218,133241000,13:32:41,20925,21903,43438,2279007150,0,0,0
CF207,20220218,20220218,133241500,13:32:42,20925,21903,43438,2279007150,0,0,0
CF207,20220218,20220218,133242000,13:32:42,20925,21903,43438,2279007150,0,0,0
CF207,20220218,20220218,133243000,13:32:43,20925,21903,43438,2279007150,0,0,0
CF207,20220218,20220218,133243500,13:32:44,20925,21903,43438,2279007150,0,0,0
CF207,20220218,20220218,133244000,13:32:44,20925,21903,43438,2279007150,0,0,0
CF207,20220218,20220218,133244500,13:32:45,20925,21903,43438,2279007150,0,0,0
CF207,20220218,20220218,133245000,13:32:45,20925,21903,43438,2279007150,0,0,0
CF207,20220218,20220218,133246000,13:32:47,20925,21963,43482,2285250150,60,44,6243000
CF207,20220218,20220218,133247500,13:32:48,20925,21963,43482,2285250150,0,0,0
CF207,20220218,20220218,133248000,13:32:48,20925,21965,43484,2285458250,2,2,208100
CF207,20220218,20220218,133248500,13:32:49,20925,21965,43484,2285458250,0,0,0
CF207,20220218,20220218,133249000,13:32:49,20925,21965,43484,2285458250,0,0,0
CF207,20220218,20220218,133249500,13:32:50,20925,21965,43484,2285458250,0,0,0
CF207,20220218,20220218,133250000,13:32:52,20925,21965,43484,2285458250,0,0,0
CF207,20220218,20220218,133250500,13:32:52,20925,21965,43484,2285458250,0,0,0
CF207,20220218,20220218,133251000,13:32:53,20925,21968,43487,2285770400,3,3,312150
CF207,20220218,20220218,133251500,13:32:53,20925,21968,43487,2285770400,0,0,0
CF207,20220218,20220218,133252500,13:32:53,20925,21968,43487,2285770400,0,0,0
CF207,20220218,20220218,133253000,13:32:53,20925,21968,43487,2285770400,0,0,0
CF207,20220218,20220218,133253500,13:32:54,20925,21968,43487,2285770400,0,0,0
CF207,20220218,20220218,133254000,13:32:54,20925,21968,43487,2285770400,0,0,0
CF207,20220218,20220218,133254500,13:32:55,20925,21968,43487,2285770400,0,0,0
CF207,20220218,20220218,133255000,13:32:55,20925,21968,43487,2285770400,0,0,0
CF207,20220218,20220218,133255500,13:32:56,20925,21968,43487,2285770400,0,0,0
CF207,20220218,20220218,133256000,13:32:56,20925,21980,43496,2287019000,12,9,1248600
CF207,20220218,20220218,133256500,13:32:58,20925,21980,43496,2287019000,0,0,0
CF207,20220218,20220218,133257000,13:32:59,20925,21980,43496,2287019000,0,0,0
CF207,20220218,20220218,133258000,13:33:00,20925,21980,43496,2287019000,0,0,0
CF207,20220218,20220218,133259500,13:33:00,20925,21980,43496,2287019000,0,0,0
CF207,20220218,20220218,133300000,13:33:01,20925,21992,43505,2288267600,12,9,1248600
CF207,20220218,20220218,133300500,13:33:02,20925,21992,43505,2288267600,0,0,0
CF207,20220218,20220218,133301000,13:33:02,20925,21992,43505,2288267600,0,0,0
CF207,20220218,20220218,133301500,13:33:02,20925,21992,43505,2288267600,0,0,0
CF207,20220218,20220218,133302000,13:33:03,20925,21992,43505,2288267600,0,0,0
CF207,20220218,20220218,133302500,13:33:03,20925,21992,43505,2288267600,0,0,0
CF207,20220218,20220218,133303000,13:33:04,20925,21992,43505,2288267600,0,0,0
CF207,20220218,20220218,133308000,13:33:08,20920,21994,43507,2288475700,2,2,208100
CF207,20220218,20220218,133308500,13:33:09,20920,21994,43507,2288475700,0,0,0
CF207,20220218,20220218,133309500,13:33:11,20920,21994,43507,2288475700,0,0,0
CF207,20220218,20220218,133311000,13:33:12,20925,22016,43526,2290764800,22,19,2289100
CF207,20220218,20220218,133311500,13:33:14,20925,22018,43526,2290972900,2,0,208100
CF207,20220218,20220218,133312000,13:33:14,20925,22018,43526,2290972900,0,0,0
CF207,20220218,20220218,133313500,13:33:14,20925,22018,43526,2290972900,0,0,0
CF207,20220218,20220218,133315000,13:33:18,20925,22018,43526,2290972900,0,0,0
CF207,20220218,20220218,133316500,13:33:18,20925,22021,43526,2291285050,3,0,312150
CF207,20220218,20220218,133318000,13:33:19,20925,22021,43526,2291285050,0,0,0
CF207,20220218,20220218,133318500,13:33:19,20930,22054,43524,2294718700,33,-2,3433650
CF207,20220218,20220218,133320000,13:33:21,20930,22054,43524,2294718700,0,0,0
CF207,20220218,20220218,133320500,13:33:21,20930,22054,43524,2294718700,0,0,0
CF207,20220218,20220218,133321000,13:33:22,20930,22054,43524,2294718700,0,0,0
CF207,20220218,20220218,133321500,13:33:22,20930,22054,43524,2294718700,0,0,0
CF207,20220218,20220218,133322000,13:33:22,20930,22054,43524,2294718700,0,0,0
CF207,20220218,20220218,133323500,13:33:24,20920,22074,43504,2296799700,20,-20,2081000
CF207,20220218,20220218,133324000,13:33:24,20920,22091,43491,2298568550,17,-13,1768850
CF207,20220218,20220218,133324500,13:33:25,20920,22091,43491,2298568550,0,0,0
CF207,20220218,20220218,133325000,13:33:26,20920,22091,43491,2298568550,0,0,0
CF207,20220218,20220218,133326500,13:33:29,20920,22091,43491,2298568550,0,0,0
CF207,20220218,20220218,133328000,13:33:30,20920,22091,43491,2298568550,0,0,0
CF207,20220218,20220218,133329000,13:33:30,20920,22091,43491,2298568550,0,0,0
CF207,20220218,20220218,133330000,13:33:30,20920,22091,43491,2298568550,0,0,0
CF207,20220218,20220218,133331000,13:33:32,20920,22091,43491,2298568550,0,0,0
CF207,20220218,20220218,133331500,13:33:32,20920,22091,43491,2298568550,0,0,0
CF207,20220218,20220218,133332000,13:33:32,20920,22091,43491,2298568550,0,0,0
CF207,20220218,20220218,133332500,13:33:33,20920,22091,43491,2298568550,0,0,0
CF207,20220218,20220218,133335000,13:33:35,20920,22091,43491,2298568550,0,0,0
CF207,20220218,20220218,133335500,13:33:35,20920,22091,43491,2298568550,0,0,0
CF207,20220218,20220218,133336000,13:33:36,20920,22091,43491,2298568550,0,0,0
CF207,20220218,20220218,133338000,13:33:38,20920,22091,43491,2298568550,0,0,0
CF207,20220218,20220218,133338500,13:33:39,20920,22091,43491,2298568550,0,0,0
CF207,20220218,20220218,133339000,13:33:39,20920,22091,43491,2298568550,0,0,0
CF207,20220218,20220218,133339500,13:33:40,20920,22091,43491,2298568550,0,0,0
CF207,20220218,20220218,133340000,13:33:40,20920,22091,43491,2298568550,0,0,0
CF207,20220218,20220218,133340500,13:33:41,20920,22091,43491,2298568550,0,0,0
CF207,20220218,20220218,133341000,13:33:41,20920,22091,43491,2298568550,0,0,0
CF207,20220218,20220218,133342500,13:33:42,20920,22093,43493,2298776650,2,2,208100
CF207,20220218,20220218,133343000,13:33:43,20920,22104,43502,2299921200,11,9,1144550
CF207,20220218,20220218,133343500,13:33:44,20920,22287,43515,2318962350,183,13,19041150
CF207,20220218,20220218,133344000,13:33:45,20915,22351,43479,2325621550,64,-36,6659200
CF207,20220218,20220218,133344500,13:33:45,20915,22352,43479,2325725600,1,0,104050
CF207,20220218,20220218,133345000,13:33:45,20915,22380,43461,2328639000,28,-18,2913400
CF207,20220218,20220218,133346000,13:33:48,20915,22380,43461,2328639000,0,0,0
CF207,20220218,20220218,133347000,13:33:49,20910,22381,43462,2328743050,1,1,104050
CF207,20220218,20220218,133347500,13:33:49,20910,22381,43462,2328743050,0,0,0
CF207,20220218,20220218,133348500,13:33:49,20910,22381,43462,2328743050,0,0,0
CF207,20220218,20220218,133350500,13:33:50,20910,22382,43462,2328847100,1,0,104050
CF207,20220218,20220218,133353500,13:33:53,20910,22382,43462,2328847100,0,0,0
CF207,20220218,20220218,133354000,13:33:54,20910,22385,43460,2329159250,3,-2,312150
CF207,20220218,20220218,133354500,13:33:55,20910,22385,43460,2329159250,0,0,0
CF207,20220218,20220218,133355000,13:33:56,20910,22386,43460,2329263300,1,0,104050
CF207,20220218,20220218,133355500,13:33:56,20910,22388,43460,2329471400,2,0,208100
CF207,20220218,20220218,133356000,13:33:57,20910,22388,43460,2329471400,0,0,0
CF207,20220218,20220218,133356500,13:33:57,20910,22388,43460,2329471400,0,0,0
CF207,20220218,20220218,133357000,13:33:58,20910,22388,43460,2329471400,0,0,0
CF207,20220218,20220218,133358000,13:33:58,20905,22389,43461,2329575450,1,1,104050
CF207,20220218,20220218,133358500,13:33:59,20910,22392,43464,2329887600,3,3,312150
CF207,20220218,20220218,133400500,13:34:01,20910,22392,43464,2329887600,0,0,0
CF207,20220218,20220218,133401000,13:34:01,20910,22392,43464,2329887600,0,0,0
CF207,20220218,20220218,133403000,13:34:10,20910,22392,43464,2329887600,0,0,0
CF207,20220218,20220218,133410000,13:34:11,20910,22392,43464,2329887600,0,0,0
CF207,20220218,20220218,133411500,13:34:12,20910,22392,43464,2329887600,0,0,0
CF207,20220218,20220218,133412000,13:34:13,20910,22392,43464,2329887600,0,0,0
CF207,20220218,20220218,133412500,13:34:13,20910,22392,43464,2329887600,0,0,0
CF207,20220218,20220218,133413000,13:34:13,20910,22392,43464,2329887600,0,0,0
CF207,20220218,20220218,133415500,13:34:16,20910,22392,43464,2329887600,0,0,0
CF207,20220218,20220218,133416000,13:34:16,20910,22392,43464,2329887600,0,0,0
CF207,20220218,20220218,133416500,13:34:17,20910,22392,43464,2329887600,0,0,0
CF207,20220218,20220218,133419000,13:34:19,20910,22406,43473,2331344300,14,9,1456700
CF207,20220218,20220218,133419500,13:34:20,20910,22406,43473,2331344300,0,0,0
CF207,20220218,20220218,133420000,13:34:20,20910,22406,43473,2331344300,0,0,0
CF207,20220218,20220218,133420500,13:34:21,20910,22406,43473,2331344300,0,0,0
CF207,20220218,20220218,133424000,13:34:24,20910,22406,43473,2331344300,0,0,0
CF207,20220218,20220218,133424500,13:34:24,20910,22406,43473,2331344300,0,0,0
CF207,20220218,20220218,133425000,13:34:25,20910,22406,43473,2331344300,0,0,0
CF207,20220218,20220218,133425500,13:34:26,20905,22415,43482,2332280750,9,9,936450
CF207,20220218,20220218,133426000,13:34:26,20905,22415,43482,2332280750,0,0,0
CF207,20220218,20220218,133427500,13:34:28,20905,22415,43482,2332280750,0,0,0
CF207,20220218,20220218,133428000,13:34:28,20905,22415,43482,2332280750,0,0,0
CF207,20220218,20220218,133428500,13:34:29,20905,22415,43482,2332280750,0,0,0
CF207,20220218,20220218,133429500,13:34:29,20905,22415,43482,2332280750,0,0,0
CF207,20220218,20220218,133430000,13:34:30,20905,22415,43482,2332280750,0,0,0
CF207,20220218,20220218,133430500,13:34:30,20905,22415,43482,2332280750,0,0,0
CF207,20220218,20220218,133431000,13:34:31,20905,22415,43482,2332280750,0,0,0
CF207,20220218,20220218,133431500,13:34:31,20905,22415,43482,2332280750,0,0,0
CF207,20220218,20220218,133432000,13:34:32,20905,22415,43482,2332280750,0,0,0
CF207,20220218,20220218,133433000,13:34:33,20905,22415,43482,2332280750,0,0,0
CF207,20220218,20220218,133442000,13:34:44,20905,22415,43482,2332280750,0,0,0
CF207,20220218,20220218,133442500,13:34:44,20900,22424,43488,2333217200,9,6,936450
CF207,20220218,20220218,133444500,13:34:46,20900,22424,43488,2333217200,0,0,0
CF207,20220218,20220218,133445000,13:34:46,20900,22424,43488,2333217200,0,0,0
CF207,20220218,20220218,133445500,13:34:46,20900,22425,43489,2333321250,1,1,104050
CF207,20220218,20220218,133446000,13:34:46,20900,22425,43489,2333321250,0,0,0
CF207,20220218,20220218,133446500,13:34:47,20900,22425,43489,2333321250,0,0,0
CF207,20220218,20220218,133449500,13:34:49,20900,22425,43489,2333321250,0,0,0
CF207,20220218,20220218,133450000,13:34:51,20900,22427,43490,2333529350,2,1,208100
CF207,20220218,20220218,133450500,13:34:51,20900,22427,43490,2333529350,0,0,0
CF207,20220218,20220218,133451000,13:34:51,20900,22427,43490,2333529350,0,0,0
CF207,20220218,20220218,133451500,13:34:52,20900,22427,43490,2333529350,0,0,0
CF207,20220218,20220218,133452000,13:34:52,20900,22427,43490,2333529350,0,0,0
CF207,20220218,20220218,133454000,13:34:56,20900,22428,43490,2333633400,1,0,104050
CF207,20220218,20220218,133456500,13:34:57,20900,22434,43490,2334257700,6,0,624300
CF207,20220218,20220218,133457000,13:34:57,20900,22435,43490,2334361750,1,0,104050
CF207,20220218,20220218,133459000,13:34:59,20900,22435,43490,2334361750,0,0,0
CF207,20220218,20220218,133500000,13:35:00,20900,22436,43490,2334465800,1,0,104050
CF207,20220218,20220218,133500500,13:35:04,20900,22436,43490,2334465800,0,0,0
CF207,20220218,20220218,133504500,13:35:10,20900,22440,43489,2334882000,4,-1,416200
CF207,20220218,20220218,133510000,13:35:10,20900,22440,43489,2334882000,0,0,0
CF207,20220218,20220218,133510500,13:35:11,20900,22440,43489,2334882000,0,0,0
CF207,20220218,20220218,133511000,13:35:11,20900,22444,43493,2335298200,4,4,416200
CF207,20220218,20220218,133511500,13:35:12,20900,22444,43493,2335298200,0,0,0
CF207,20220218,20220218,133512000,13:35:13,20900,22444,43493,2335298200,0,0,0
CF207,20220218,20220218,133512500,13:35:13,20900,22444,43493,2335298200,0,0,0
CF207,20220218,20220218,133513000,13:35:13,20900,22444,43493,2335298200,0,0,0
CF207,20220218,20220218,133517500,13:35:18,20900,22444,43493,2335298200,0,0,0
CF207,20220218,20220218,133519500,13:35:20,20905,22450,43494,2335922500,6,1,624300
CF207,20220218,20220218,133520000,13:35:20,20905,22450,43494,2335922500,0,0,0
CF207,20220218,20220218,133521000,13:35:22,20905,22450,43494,2335922500,0,0,0
CF207,20220218,20220218,133521500,13:35:22,20905,22450,43494,2335922500,0,0,0
CF207,20220218,20220218,133525000,13:35:26,20905,22450,43494,2335922500,0,0,0
CF207,20220218,20220218,133525500,13:35:26,20905,22450,43494,2335922500,0,0,0
CF207,20220218,20220218,133526000,13:35:26,20905,22450,43494,2335922500,0,0,0
CF207,20220218,20220218,133531000,13:35:32,20905,22450,43494,2335922500,0,0,0
CF207,20220218,20220218,133531500,13:35:41,20905,22450,43494,2335922500,0,0,0
CF207,20220218,20220218,133532000,13:35:42,20905,22450,43494,2335922500,0,0,0
CF207,20220218,20220218,133540500,13:35:43,20905,22450,43494,2335922500,0,0,0
CF207,20220218,20220218,133543500,13:35:44,20895,22465,43497,2337483250,15,3,1560750
CF207,20220218,20220218,133545500,13:35:46,20895,22465,43497,2337483250,0,0,0
CF207,20220218,20220218,133546000,13:35:46,20895,22465,43497,2337483250,0,0,0
CF207,20220218,20220218,133546500,13:35:46,20895,22465,43497,2337483250,0,0,0
CF207,20220218,20220218,133547000,13:35:47,20895,22465,43497,2337483250,0,0,0
CF207,20220218,20220218,133547500,13:35:48,20895,22465,43497,2337483250,0,0,0
CF207,20220218,20220218,133548000,13:35:48,20895,22465,43497,2337483250,0,0,0
CF207,20220218,20220218,133548500,13:35:49,20895,22465,43497,2337483250,0,0,0
CF207,20220218,20220218,133550000,13:35:50,20895,22465,43497,2337483250,0,0,0
CF207,20220218,20220218,133550500,13:35:51,20895,22465,43497,2337483250,0,0,0
CF207,20220218,20220218,133551000,13:35:51,20895,22465,43497,2337483250,0,0,0
CF207,20220218,20220218,133551500,13:35:52,20895,22465,43497,2337483250,0,0,0
CF207,20220218,20220218,133552000,13:35:52,20895,22465,43497,2337483250,0,0,0
CF207,20220218,20220218,133553000,13:35:53,20895,22465,43497,2337483250,0,0,0
CF207,20220218,20220218,133553500,13:35:55,20895,22465,43497,2337483250,0,0,0
CF207,20220218,20220218,133601500,13:36:03,20895,22465,43497,2337483250,0,0,0
CF207,20220218,20220218,133602500,13:36:03,20895,22465,43497,2337483250,0,0,0
CF207,20220218,20220218,133603000,13:36:05,20895,22465,43497,2337483250,0,0,0
CF207,20220218,20220218,133603500,13:36:05,20895,22465,43497,2337483250,0,0,0
CF207,20220218,20220218,133604000,13:36:06,20890,22468,43498,2337795400,3,1,312150
CF207,20220218,20220218,133605000,13:36:06,20890,22468,43498,2337795400,0,0,0
CF207,20220218,20220218,133609500,13:36:10,20890,22468,43498,2337795400,0,0,0
CF207,20220218,20220218,133610000,13:36:11,20890,22468,43498,2337795400,0,0,0
CF207,20220218,20220218,133610500,13:36:11,20890,22468,43498,2337795400,0,0,0
CF207,20220218,20220218,133611000,13:36:12,20890,22468,43498,2337795400,0,0,0
CF207,20220218,20220218,133611500,13:36:12,20890,22468,43498,2337795400,0,0,0
CF207,20220218,20220218,133612000,13:36:12,20890,22468,43498,2337795400,0,0,0
CF207,20220218,20220218,133612500,13:36:12,20890,22468,43498,2337795400,0,0,0
CF207,20220218,20220218,133613000,13:36:13,20890,22468,43498,2337795400,0,0,0
CF207,20220218,20220218,133613500,13:36:14,20890,22468,43498,2337795400,0,0,0
CF207,20220218,20220218,133615500,13:36:15,20895,22472,43494,2338211600,4,-4,416200
CF207,20220218,20220218,133616000,13:36:16,20895,22478,43488,2338835900,6,-6,624300
CF207,20220218,20220218,133619000,13:36:19,20895,22478,43488,2338835900,0,0,0
CF207,20220218,20220218,133619500,13:36:20,20895,22478,43488,2338835900,0,0,0
CF207,20220218,20220218,133620500,13:36:20,20895,22478,43488,2338835900,0,0,0
CF207,20220218,20220218,133621000,13:36:21,20895,22478,43488,2338835900,0,0,0
CF207,20220218,20220218,133621500,13:36:21,20895,22478,43488,2338835900,0,0,0
CF207,20220218,20220218,133625500,13:36:26,20890,22479,43487,2338939950,1,-1,104050
CF207,20220218,20220218,133627500,13:36:28,20890,22487,43480,2339772350,8,-7,832400
CF207,20220218,20220218,133628000,13:36:28,20890,22487,43480,2339772350,0,0,0
CF207,20220218,20220218,133628500,13:36:29,20890,22487,43480,2339772350,0,0,0
CF207,20220218,20220218,133629000,13:36:30,20890,22487,43480,2339772350,0,0,0
CF207,20220218,20220218,133630500,13:36:31,20890,22487,43480,2339772350,0,0,0
CF207,20220218,20220218,133631000,13:36:31,20890,22488,43479,2339876400,1,-1,104050
CF207,20220218,20220218,133631500,13:36:31,20890,22488,43479,2339876400,0,0,0
CF207,20220218,20220218,133632000,13:36:32,20890,22488,43479,2339876400,0,0,0
CF207,20220218,20220218,133632500,13:36:32,20890,22488,43479,2339876400,0,0,0
CF207,20220218,20220218,133633500,13:36:34,20890,22488,43479,2339876400,0,0,0
CF207,20220218,20220218,133634000,13:36:34,20890,22488,43479,2339876400,0,0,0
CF207,20220218,20220218,133634500,13:36:35,20890,22489,43478,2339980450,1,-1,104050
CF207,20220218,20220218,133635000,13:36:36,20890,22489,43478,2339980450,0,0,0
CF207,20220218,20220218,133635500,13:36:36,20890,22489,43478,2339980450,0,0,0
CF207,20220218,20220218,133638000,13:36:39,20890,22489,43478,2339980450,0,0,0
CF207,20220218,20220218,133638500,13:36:39,20890,22489,43478,2339980450,0,0,0
CF207,20220218,20220218,133639000,13:36:39,20885,22495,43480,2340604750,6,2,624300
CF207,20220218,20220218,133639500,13:36:40,20885,22495,43480,2340604750,0,0,0
CF207,20220218,20220218,133640000,13:36:40,20885,22495,43480,2340604750,0,0,0
CF207,20220218,20220218,133642500,13:36:43,20890,22499,43479,2341020950,4,-1,416200
CF207,20220218,20220218,133643000,13:36:43,20885,22500,43480,2341125000,1,1,104050
CF207,20220218,20220218,133643500,13:36:44,20885,22500,43480,2341125000,0,0,0
CF207,20220218,20220218,133645000,13:36:45,20885,22500,43480,2341125000,0,0,0
CF207,20220218,20220218,133645500,13:36:46,20885,22500,43480,2341125000,0,0,0
CF207,20220218,20220218,133646000,13:36:46,20885,22500,43480,2341125000,0,0,0
CF207,20220218,20220218,133646500,13:36:46,20885,22500,43480,2341125000,0,0,0
CF207,20220218,20220218,133647000,13:36:47,20885,22500,43480,2341125000,0,0,0
CF207,20220218,20220218,133650500,13:36:50,20895,22501,43480,2341229050,1,0,104050
CF207,20220218,20220218,133652500,13:36:53,20895,22501,43480,2341229050,0,0,0
CF207,20220218,20220218,133653000,13:36:53,20890,22502,43480,2341333100,1,0,104050
CF207,20220218,20220218,133653500,13:36:54,20890,22502,43480,2341333100,0,0,0
CF207,20220218,20220218,133654000,13:36:54,20890,22502,43480,2341333100,0,0,0
CF207,20220218,20220218,133654500,13:36:54,20890,22502,43480,2341333100,0,0,0
CF207,20220218,20220218,133659500,13:37:00,20890,22502,43480,2341333100,0,0,0
CF207,20220218,20220218,133702500,13:37:03,20890,22502,43480,2341333100,0,0,0
CF207,20220218,20220218,133704500,13:37:05,20890,22502,43480,2341333100,0,0,0
CF207,20220218,20220218,133707000,13:37:08,20890,22502,43480,2341333100,0,0,0
CF207,20220218,20220218,133711500,13:37:13,20895,22503,43480,2341437150,1,0,104050
CF207,20220218,20220218,133712000,13:37:13,20895,22503,43480,2341437150,0,0,0
CF207,20220218,20220218,133722500,13:37:23,20895,22503,43480,2341437150,0,0,0
CF207,20220218,20220218,133723000,13:37:23,20890,22506,43479,2341749300,3,-1,312150
CF207,20220218,20220218,133723500,13:37:23,20890,22506,43479,2341749300,0,0,0
CF207,20220218,20220218,133724000,13:37:24,20890,22506,43479,2341749300,0,0,0
CF207,20220218,20220218,133724500,13:37:25,20890,22506,43479,2341749300,0,0,0
CF207,20220218,20220218,133725000,13:37:25,20890,22506,43479,2341749300,0,0,0
CF207,20220218,20220218,133753500,13:37:54,20890,22506,43479,2341749300,0,0,0
CF207,20220218,20220218,133800500,13:38:02,20890,22506,43479,2341749300,0,0,0
CF207,20220218,20220218,133801000,13:38:03,20890,22506,43479,2341749300,0,0,0
CF207,20220218,20220218,133808500,13:38:09,20890,22506,43479,2341749300,0,0,0
CF207,20220218,20220218,133809500,13:38:10,20890,22506,43479,2341749300,0,0,0
CF207,20220218,20220218,133817000,13:38:18,20890,22506,43479,2341749300,0,0,0
CF207,20220218,20220218,133817500,13:38:18,20890,22506,43479,2341749300,0,0,0
CF207,20220218,20220218,133820000,13:38:22,20890,22506,43479,2341749300,0,0,0
CF207,20220218,20220218,133820500,13:38:22,20885,22514,43480,2342581700,8,1,832400
CF207,20220218,20220218,133822000,13:38:23,20885,22514,43480,2342581700,0,0,0
CF207,20220218,20220218,133822500,13:38:23,20885,22515,43481,2342685750,1,1,104050
CF207,20220218,20220218,133840000,13:38:42,20885,22515,43481,2342685750,0,0,0
CF207,20220218,20220218,133841500,13:38:43,20885,22515,43481,2342685750,0,0,0
CF207,20220218,20220218,133842000,13:38:43,20885,22515,43481,2342685750,0,0,0
CF207,20220218,20220218,133842500,13:38:43,20885,22515,43481,2342685750,0,0,0
CF207,20220218,20220218,133843500,13:38:44,20885,22515,43481,2342685750,0,0,0
CF207,20220218,20220218,133856500,13:38:56,20885,22515,43481,2342685750,0,0,0
CF207,20220218,20220218,133901500,13:39:01,20885,22515,43481,2342685750,0,0,0
CF207,20220218,20220218,133902500,13:39:02,20885,22515,43481,2342685750,0,0,0
CF207,20220218,20220218,133906000,13:39:06,20885,22515,43481,2342685750,0,0,0
CF207,20220218,20220218,133907500,13:39:07,20875,22523,43486,2343518150,8,5,832400
CF207,20220218,20220218,133908500,13:39:08,20875,22523,43486,2343518150,0,0,0
CF207,20220218,20220218,133913500,13:39:14,20875,22523,43486,2343518150,0,0,0
CF207,20220218,20220218,133914500,13:39:18,20880,22528,43486,2344038400,5,0,520250
CF207,20220218,20220218,133918500,13:39:19,20880,22528,43486,2344038400,0,0,0
CF207,20220218,20220218,133919000,13:39:19,20880,22528,43486,2344038400,0,0,0
CF207,20220218,20220218,133919500,13:39:19,20880,22528,43486,2344038400,0,0,0
CF207,20220218,20220218,133921000,13:39:21,20880,22528,43486,2344038400,0,0,0
CF207,20220218,20220218,133924000,13:39:24,20885,22529,43486,2344142450,1,0,104050
CF207,20220218,20220218,133925000,13:39:25,20885,22562,43464,2347576100,33,-22,3433650
CF207,20220218,20220218,133926000,13:39:26,20885,22569,43458,2348304450,7,-6,728350
CF207,20220218,20220218,133928000,13:39:28,20885,22569,43458,2348304450,0,0,0
CF207,20220218,20220218,133929000,13:39:29,20885,22569,43458,2348304450,0,0,0
CF207,20220218,20220218,133943500,13:39:43,20885,22569,43458,2348304450,0,0,0
CF207,20220218,20220218,133944500,13:39:45,20885,22569,43458,2348304450,0,0,0
CF207,20220218,20220218,133945000,13:39:45,20890,22575,43459,2349493125,6,1,1188675
CF207,20220218,20220218,133945500,13:39:46,20890,22578,43460,2349805350,3,1,312225
CF207,20220218,20220218,133946000,13:39:47,20880,22579,43459,2349909425,1,-1,104075
CF207,20220218,20220218,133949500,13:39:50,20880,22579,43459,2349909425,0,0,0
CF207,20220218,20220218,133950000,13:39:50,20880,22579,43459,2349909425,0,0,0
CF207,20220218,20220218,133950500,13:39:50,20880,22579,43459,2349909425,0,0,0
CF207,20220218,20220218,134012500,13:40:13,20880,22579,43459,2349909425,0,0,0
CF207,20220218,20220218,134013000,13:40:13,20880,22579,43459,2349909425,0,0,0
CF207,20220218,20220218,134013500,13:40:14,20880,22579,43459,2349909425,0,0,0
CF207,20220218,20220218,134014000,13:40:14,20890,22591,43457,2351158325,12,-2,1248900
CF207,20220218,20220218,134014500,13:40:16,20890,22591,43457,2351158325,0,0,0
CF207,20220218,20220218,134015000,13:40:16,20890,22591,43457,2351158325,0,0,0
CF207,20220218,20220218,134015500,13:40:16,20890,22591,43457,2351158325,0,0,0
CF207,20220218,20220218,134016000,13:40:16,20890,22591,43457,2351158325,0,0,0
CF207,20220218,20220218,134016500,13:40:17,20890,22591,43457,2351158325,0,0,0
CF207,20220218,20220218,134017000,13:40:17,20890,22591,43457,2351158325,0,0,0
CF207,20220218,20220218,134019500,13:40:20,20890,22591,43457,2351158325,0,0,0
CF207,20220218,20220218,134025000,13:40:25,20890,22591,43457,2351158325,0,0,0
CF207,20220218,20220218,134026000,13:40:26,20890,22596,43455,2351678700,5,-2,520375
CF207,20220218,20220218,134057500,13:40:58,20895,22631,43450,2355321325,35,-5,3642625
CF207,20220218,20220218,134058000,13:40:59,20895,22631,43450,2355321325,0,0,0
CF207,20220218,20220218,134058500,13:40:59,20895,22631,43450,2355321325,0,0,0
CF207,20220218,20220218,134059000,13:40:59,20895,22641,43460,2356362075,10,10,1040750
CF207,20220218,20220218,134059500,13:41:00,20895,22651,43460,2357402825,10,0,1040750
CF207,20220218,20220218,134100000,13:41:00,20895,22651,43460,2357402825,0,0,0
CF207,20220218,20220218,134100500,13:41:00,20895,22651,43460,2357402825,0,0,0
CF207,20220218,20220218,134101000,13:41:01,20895,22651,43460,2357402825,0,0,0
CF207,20220218,20220218,134101500,13:41:01,20895,22651,43460,2357402825,0,0,0
CF207,20220218,20220218,134102000,13:41:02,20895,22651,43460,2357402825,0,0,0
CF207,20220218,20220218,134104000,13:41:05,20895,22652,43461,2357506900,1,1,104075
CF207,20220218,20220218,134104500,13:41:06,20895,22652,43461,2357506900,0,0,0
CF207,20220218,20220218,134105000,13:41:06,20900,22663,43458,2358651725,11,-3,1144825
CF207,20220218,20220218,134105500,13:41:06,20900,22663,43458,2358651725,0,0,0
CF207,20220218,20220218,134106000,13:41:07,20900,22663,43458,2358651725,0,0,0
CF207,20220218,20220218,134106500,13:41:07,20900,22663,43458,2358651725,0,0,0
CF207,20220218,20220218,134107000,13:41:09,20900,22663,43458,2358651725,0,0,0
CF207,20220218,20220218,134107500,13:41:09,20895,22748,43470,2367498100,85,12,8846375
CF207,20220218,20220218,134108000,13:41:09,20895,22748,43470,2367498100,0,0,0
CF207,20220218,20220218,134108500,13:41:10,20895,22748,43470,2367498100,0,0,0
CF207,20220218,20220218,134109500,13:41:10,20895,22762,43477,2368955150,14,7,1457050
CF207,20220218,20220218,134110000,13:41:10,20895,22770,43477,2369787750,8,0,832600
CF207,20220218,20220218,134110500,13:41:10,20900,22780,43475,2370828500,10,-2,1040750
CF207,20220218,20220218,134111500,13:41:12,20895,22797,43468,2372597775,17,-7,1769275
CF207,20220218,20220218,134113000,13:41:13,20895,22797,43468,2372597775,0,0,0
CF207,20220218,20220218,134126500,13:41:27,20895,22800,43471,2372910000,3,3,312225
CF207,20220218,20220218,134127000,13:41:27,20895,22800,43471,2372910000,0,0,0
CF207,20220218,20220218,134127500,13:41:27,20895,22800,43471,2372910000,0,0,0
CF207,20220218,20220218,134129000,13:41:29,20890,22808,43469,2373742600,8,-2,832600
CF207,20220218,20220218,134129500,13:41:30,20890,22808,43469,2373742600,0,0,0
CF207,20220218,20220218,134130500,13:41:31,20890,22808,43469,2373742600,0,0,0
CF207,20220218,20220218,134131000,13:41:31,20890,22808,43469,2373742600,0,0,0
CF207,20220218,20220218,134133000,13:41:33,20890,22819,43470,2374887425,11,1,1144825
CF207,20220218,20220218,134133500,13:41:34,20890,22819,43470,2374887425,0,0,0
CF207,20220218,20220218,134134000,13:41:34,20890,22819,43470,2374887425,0,0,0
CF207,20220218,20220218,134134500,13:41:34,20890,22819,43470,2374887425,0,0,0
CF207,20220218,20220218,134135500,13:41:39,20890,22819,43470,2374887425,0,0,0
CF207,20220218,20220218,134136000,13:41:39,20890,22830,43460,2376032250,11,-10,1144825
CF207,20220218,20220218,134136500,13:41:39,20890,22830,43460,2376032250,0,0,0
CF207,20220218,20220218,134138000,13:41:40,20890,22830,43460,2376032250,0,0,0
CF207,20220218,20220218,134140000,13:41:42,20890,22830,43460,2376032250,0,0,0
CF207,20220218,20220218,134141000,13:41:42,20890,22830,43460,2376032250,0,0,0
CF207,20220218,20220218,134152500,13:41:53,20890,22830,43460,2376032250,0,0,0
CF207,20220218,20220218,134153000,13:41:54,20890,22830,43460,2376032250,0,0,0
CF207,20220218,20220218,134154500,13:42:04,20890,22833,43463,2376344475,3,3,312225
CF207,20220218,20220218,134156000,13:42:06,20890,22833,43463,2376344475,0,0,0
CF207,20220218,20220218,134206500,13:42:11,20890,22845,43462,2377593375,12,-1,1248900
CF207,20220218,20220218,134211000,13:42:12,20885,22846,43462,2377697450,1,0,104075
CF207,20220218,20220218,134211500,13:42:12,20885,22846,43462,2377697450,0,0,0
CF207,20220218,20220218,134212000,13:42:13,20885,22846,43462,2377697450,0,0,0
CF207,20220218,20220218,134212500,13:42:13,20885,22846,43462,2377697450,0,0,0
CF207,20220218,20220218,134213500,13:42:14,20885,22848,43462,2377905600,2,0,208150
CF207,20220218,20220218,134214000,13:42:14,20885,22848,43462,2377905600,0,0,0
CF207,20220218,20220218,134214500,13:42:15,20885,22848,43462,2377905600,0,0,0
CF207,20220218,20220218,134215000,13:42:15,20885,22848,43462,2377905600,0,0,0
CF207,20220218,20220218,134215500,13:42:16,20885,22848,43462,2377905600,0,0,0
CF207,20220218,20220218,134216000,13:42:16,20885,22848,43462,2377905600,0,0,0
CF207,20220218,20220218,134216500,13:42:17,20885,22848,43462,2377905600,0,0,0
CF207,20220218,20220218,134217000,13:42:19,20885,22848,43462,2377905600,0,0,0
CF207,20220218,20220218,134223500,13:42:24,20885,22848,43462,2377905600,0,0,0
CF207,20220218,20220218,134224000,13:42:25,20885,22848,43462,2377905600,0,0,0
CF207,20220218,20220218,134227000,13:42:28,20885,22848,43462,2377905600,0,0,0
CF207,20220218,20220218,134227500,13:42:29,20885,22848,43462,2377905600,0,0,0
CF207,20220218,20220218,134228000,13:42:29,20885,22848,43462,2377905600,0,0,0
CF207,20220218,20220218,134228500,13:42:29,20885,22848,43462,2377905600,0,0,0
CF207,20220218,20220218,134240500,13:42:40,20880,22849,43463,2378009675,1,1,104075
CF207,20220218,20220218,134257000,13:42:59,20880,22851,43465,2378217825,2,2,208150
CF207,20220218,20220218,134258500,13:42:59,20880,22851,43465,2378217825,0,0,0
CF207,20220218,20220218,134303500,13:43:11,20880,22851,43465,2378217825,0,0,0
CF207,20220218,20220218,134304000,13:43:11,20880,22851,43465,2378217825,0,0,0
CF207,20220218,20220218,134304500,13:43:11,20880,22851,43465,2378217825,0,0,0
CF207,20220218,20220218,134305000,13:43:12,20880,22851,43465,2378217825,0,0,0
CF207,20220218,20220218,134306500,13:43:12,20885,22854,43465,2378530050,3,0,312225
CF207,20220218,20220218,134316000,13:43:16,20885,22854,43465,2378530050,0,0,0
CF207,20220218,20220218,134316500,13:43:17,20880,22858,43465,2378946350,4,0,416300
CF207,20220218,20220218,134317000,13:43:17,20880,22858,43465,2378946350,0,0,0
CF207,20220218,20220218,134317500,13:43:17,20880,22858,43465,2378946350,0,0,0
CF207,20220218,20220218,134318000,13:43:18,20880,22858,43465,2378946350,0,0,0
CF207,20220218,20220218,134318500,13:43:18,20880,22858,43465,2378946350,0,0,0
CF207,20220218,20220218,134319000,13:43:19,20880,22858,43465,2378946350,0,0,0
CF207,20220218,20220218,134319500,13:43:20,20880,22858,43465,2378946350,0,0,0
CF207,20220218,20220218,134320000,13:43:20,20880,22858,43465,2378946350,0,0,0
CF207,20220218,20220218,134320500,13:43:21,20880,22858,43465,2378946350,0,0,0
CF207,20220218,20220218,134321000,13:43:21,20880,22858,43465,2378946350,0,0,0
CF207,20220218,20220218,134322500,13:43:23,20880,22858,43465,2378946350,0,0,0
CF207,20220218,20220218,134329500,13:43:30,20880,22858,43465,2378946350,0,0,0
CF207,20220218,20220218,134330000,13:43:30,20880,22858,43465,2378946350,0,0,0
CF207,20220218,20220218,134330500,13:43:30,20880,22858,43465,2378946350,0,0,0
CF207,20220218,20220218,134332000,13:43:32,20880,22858,43465,2378946350,0,0,0
CF207,20220218,20220218,134332500,13:43:33,20880,22858,43465,2378946350,0,0,0
CF207,20220218,20220218,134333000,13:43:33,20880,22858,43465,2378946350,0,0,0
CF207,20220218,20220218,134333500,13:43:34,20880,22858,43465,2378946350,0,0,0
CF207,20220218,20220218,134334000,13:43:34,20880,22858,43465,2378946350,0,0,0
CF207,20220218,20220218,134335500,13:43:36,20880,22858,43465,2378946350,0,0,0
CF207,20220218,20220218,134336000,13:43:36,20880,22858,43465,2378946350,0,0,0
CF207,20220218,20220218,134337000,13:43:37,20880,22858,43465,2378946350,0,0,0
CF207,20220218,20220218,134337500,13:43:38,20880,22858,43465,2378946350,0,0,0
CF207,20220218,20220218,134338000,13:43:38,20880,22858,43465,2378946350,0,0,0
CF207,20220218,20220218,134338500,13:43:38,20880,22858,43465,2378946350,0,0,0
CF207,20220218,20220218,134351500,13:44:00,20880,22858,43465,2378946350,0,0,0
CF207,20220218,20220218,134355500,13:44:04,20880,22858,43465,2378946350,0,0,0
CF207,20220218,20220218,134401000,13:44:04,20880,22858,43465,2378946350,0,0,0
CF207,20220218,20220218,134407500,13:44:08,20870,22879,43462,2381131925,21,-3,2185575
CF207,20220218,20220218,134416500,13:44:17,20870,22879,43462,2381131925,0,0,0
CF207,20220218,20220218,134418000,13:44:18,20870,22879,43462,2381131925,0,0,0
CF207,20220218,20220218,134418500,13:44:19,20870,22879,43462,2381131925,0,0,0
CF207,20220218,20220218,134419000,13:44:23,20870,22879,43462,2381131925,0,0,0
CF207,20220218,20220218,134423000,13:44:23,20870,22879,43462,2381131925,0,0,0
CF207,20220218,20220218,134423500,13:44:24,20870,22879,43462,2381131925,0,0,0
CF207,20220218,20220218,134426500,13:44:26,20870,22880,43461,2381236000,1,-1,104075
CF207,20220218,20220218,134427000,13:44:27,20870,22880,43461,2381236000,0,0,0
CF207,20220218,20220218,134427500,13:44:28,20870,22880,43461,2381236000,0,0,0
CF207,20220218,20220218,134434000,13:44:37,20870,22880,43461,2381236000,0,0,0
CF207,20220218,20220218,134440000,13:44:40,20875,22916,43435,2384982700,36,-26,3746700
CF207,20220218,20220218,134440500,13:44:40,20875,22916,43435,2384982700,0,0,0
CF207,20220218,20220218,134441000,13:44:41,20875,22916,43435,2384982700,0,0,0
CF207,20220218,20220218,134441500,13:44:42,20875,22916,43435,2384982700,0,0,0
CF207,20220218,20220218,134442000,13:44:42,20875,22916,43435,2384982700,0,0,0
CF207,20220218,20220218,134445500,13:44:46,20875,22916,43435,2384982700,0,0,0
CF207,20220218,20220218,134448500,13:44:48,20875,22927,43428,2386127525,11,-7,1144825
CF207,20220218,20220218,134449000,13:44:50,20875,22927,43428,2386127525,0,0,0
CF207,20220218,20220218,134449500,13:44:50,20875,22927,43428,2386127525,0,0,0
CF207,20220218,20220218,134450000,13:44:50,20875,22927,43428,2386127525,0,0,0
CF207,20220218,20220218,134452000,13:44:53,20875,22927,43428,2386127525,0,0,0
CF207,20220218,20220218,134459000,13:44:59,20875,22927,43428,2386127525,0,0,0
CF207,20220218,20220218,134459500,13:44:59,20875,22927,43428,2386127525,0,0,0
CF207,20220218,20220218,134507500,13:45:09,20875,22927,43428,2386127525,0,0,0
CF207,20220218,20220218,134509000,13:45:10,20875,22927,43428,2386127525,0,0,0
CF207,20220218,20220218,134509500,13:45:10,20875,22927,43428,2386127525,0,0,0
CF207,20220218,20220218,134510000,13:45:10,20875,22927,43428,2386127525,0,0,0
CF207,20220218,20220218,134510500,13:45:11,20875,22928,43427,2386231600,1,-1,104075
CF207,20220218,20220218,134511000,13:45:11,20875,22928,43427,2386231600,0,0,0
CF207,20220218,20220218,134511500,13:45:11,20875,22928,43427,2386231600,0,0,0
CF207,20220218,20220218,134517500,13:45:20,20875,22928,43427,2386231600,0,0,0
CF207,20220218,20220218,134518000,13:45:21,20875,22928,43427,2386231600,0,0,0
CF207,20220218,20220218,134525000,13:45:26,20875,22928,43427,2386231600,0,0,0
CF207,20220218,20220218,134525500,13:45:27,20875,22928,43427,2386231600,0,0,0
CF207,20220218,20220218,134526500,13:45:28,20875,22928,43427,2386231600,0,0,0
CF207,20220218,20220218,134527000,13:45:30,20875,22928,43427,2386231600,0,0,0
CF207,20220218,20220218,134528500,13:45:30,20875,22928,43427,2386231600,0,0,0
CF207,20220218,20220218,134531500,13:45:32,20875,22928,43427,2386231600,0,0,0
CF207,20220218,20220218,134532000,13:45:33,20875,22928,43427,2386231600,0,0,0
CF207,20220218,20220218,134532500,13:45:33,20875,22928,43427,2386231600,0,0,0
CF207,20220218,20220218,134533000,13:45:33,20875,22928,43427,2386231600,0,0,0
CF207,20220218,20220218,134534000,13:45:35,20875,22928,43427,2386231600,0,0,0
CF207,20220218,20220218,134539500,13:45:40,20875,22928,43427,2386231600,0,0,0
CF207,20220218,20220218,134540000,13:45:40,20875,22928,43427,2386231600,0,0,0
CF207,20220218,20220218,134540500,13:45:41,20875,22928,43427,2386231600,0,0,0
CF207,20220218,20220218,134542500,13:45:46,20875,22928,43427,2386231600,0,0,0
CF207,20220218,20220218,134543000,13:45:46,20875,22928,43427,2386231600,0,0,0
CF207,20220218,20220218,134543500,13:45:46,20875,22928,43427,2386231600,0,0,0
CF207,20220218,20220218,134547000,13:45:47,20875,22930,43426,2386439750,2,-1,208150
CF207,20220218,20220218,134548500,13:45:49,20875,22930,43426,2386439750,0,0,0
CF207,20220218,20220218,134553500,13:45:54,20870,22933,43427,2386751975,3,1,312225
CF207,20220218,20220218,134554000,13:45:55,20870,22934,43428,2386856050,1,1,104075
CF207,20220218,20220218,134556500,13:46:00,20870,22953,43426,2388833475,19,-2,1977425
CF207,20220218,20220218,134601000,13:46:02,20870,22953,43426,2388833475,0,0,0
CF207,20220218,20220218,134607500,13:46:08,20870,22953,43426,2388833475,0,0,0
CF207,20220218,20220218,134608000,13:46:09,20870,22953,43426,2388833475,0,0,0
CF207,20220218,20220218,134609000,13:46:09,20870,22964,43425,2389978300,11,-1,1144825
CF207,20220218,20220218,134616000,13:46:18,20870,22964,43425,2389978300,0,0,0
CF207,20220218,20220218,134616500,13:46:18,20870,22964,43425,2389978300,0,0,0
CF207,20220218,20220218,134622500,13:46:30,20870,22964,43425,2389978300,0,0,0
CF207,20220218,20220218,134623000,13:46:30,20870,22964,43425,2389978300,0,0,0
CF207,20220218,20220218,134630000,13:46:30,20870,22964,43425,2389978300,0,0,0
CF207,20220218,20220218,134630500,13:46:31,20870,22964,43425,2389978300,0,0,0
CF207,20220218,20220218,134631000,13:46:31,20870,22964,43425,2389978300,0,0,0
CF207,20220218,20220218,134631500,13:46:32,20870,22964,43425,2389978300,0,0,0
CF207,20220218,20220218,134632000,13:46:32,20870,22964,43425,2389978300,0,0,0
CF207,20220218,20220218,134633500,13:46:33,20870,22964,43425,2389978300,0,0,0
CF207,20220218,20220218,134634500,13:46:35,20870,22964,43425,2389978300,0,0,0
CF207,20220218,20220218,134638500,13:46:39,20870,22966,43423,2390186450,2,-2,208150
CF207,20220218,20220218,134639500,13:46:40,20870,22966,43423,2390186450,0,0,0
CF207,20220218,20220218,134640000,13:46:42,20870,22966,43423,2390186450,0,0,0
CF207,20220218,20220218,134640500,13:46:42,20870,22966,43423,2390186450,0,0,0
CF207,20220218,20220218,134653500,13:46:55,20870,22966,43423,2390186450,0,0,0
CF207,20220218,20220218,134654000,13:46:55,20870,22966,43423,2390186450,0,0,0
CF207,20220218,20220218,134654500,13:46:55,20870,22966,43423,2390186450,0,0,0
CF207,20220218,20220218,134656500,13:46:56,20875,22970,43419,2390602750,4,-4,416300
CF207,20220218,20220218,134658000,13:46:58,20875,22970,43419,2390602750,0,0,0
CF207,20220218,20220218,134658500,13:46:59,20870,22974,43415,2391019050,4,-4,416300
CF207,20220218,20220218,134702000,13:47:02,20870,22974,43415,2391019050,0,0,0
CF207,20220218,20220218,134702500,13:47:03,20870,22974,43415,2391019050,0,0,0
CF207,20220218,20220218,134703000,13:47:03,20870,22974,43415,2391019050,0,0,0
CF207,20220218,20220218,134706500,13:47:10,20875,22976,43414,2391227200,2,-1,208150
CF207,20220218,20220218,134707000,13:47:10,20875,22977,43414,2391331275,1,0,104075
CF207,20220218,20220218,134711000,13:47:16,20875,22977,43414,2391331275,0,0,0
CF207,20220218,20220218,134711500,13:47:16,20870,22983,43416,2391955725,6,2,624450
CF207,20220218,20220218,134716000,13:47:16,20870,22983,43416,2391955725,0,0,0
CF207,20220218,20220218,134717000,13:47:17,20870,22983,43416,2391955725,0,0,0
CF207,20220218,20220218,134722000,13:47:26,20870,22983,43416,2391955725,0,0,0
CF207,20220218,20220218,134722500,13:47:26,20865,22985,43414,2392163875,2,-2,208150
CF207,20220218,20220218,134723000,13:47:26,20865,22985,43414,2392163875,0,0,0
CF207,20220218,20220218,134725500,13:47:27,20865,22985,43414,2392163875,0,0,0
CF207,20220218,20220218,134732500,13:47:34,20865,22985,43414,2392163875,0,0,0
CF207,20220218,20220218,134752000,13:47:52,20865,22985,43414,2392163875,0,0,0
CF207,20220218,20220218,134809000,13:48:09,20860,23000,43414,2393725000,15,0,1561125
CF207,20220218,20220218,134810500,13:48:10,20860,23000,43414,2393725000,0,0,0
CF207,20220218,20220218,134811500,13:48:11,20860,23000,43414,2393725000,0,0,0
CF207,20220218,20220218,134813500,13:48:13,20860,23000,43414,2393725000,0,0,0
CF207,20220218,20220218,134817000,13:48:18,20865,23022,43413,2396014650,22,-1,2289650
CF207,20220218,20220218,134817500,13:48:19,20865,23022,43413,2396014650,0,0,0
CF207,20220218,20220218,134818000,13:48:19,20870,23035,43412,2397367625,13,-1,1352975
CF207,20220218,20220218,134818500,13:48:20,20870,23035,43412,2397367625,0,0,0
CF207,20220218,20220218,134821000,13:48:22,20870,23035,43412,2397367625,0,0,0
CF207,20220218,20220218,134821500,13:48:23,20870,23035,43412,2397367625,0,0,0
CF207,20220218,20220218,134823000,13:48:23,20870,23035,43412,2397367625,0,0,0
CF207,20220218,20220218,134823500,13:48:24,20865,23041,43417,2397992075,6,5,624450
CF207,20220218,20220218,134824000,13:48:24,20865,23041,43417,2397992075,0,0,0
CF207,20220218,20220218,134827500,13:48:28,20865,23041,43417,2397992075,0,0,0
CF207,20220218,20220218,134828000,13:48:28,20865,23042,43416,2398096150,1,-1,104075
CF207,20220218,20220218,134828500,13:48:29,20865,23042,43416,2398096150,0,0,0
CF207,20220218,20220218,134829000,13:48:29,20865,23042,43416,2398096150,0,0,0
CF207,20220218,20220218,134829500,13:48:30,20865,23042,43416,2398096150,0,0,0
CF207,20220218,20220218,134830000,13:48:31,20865,23042,43416,2398096150,0,0,0
CF207,20220218,20220218,134830500,13:48:31,20865,23042,43416,2398096150,0,0,0
CF207,20220218,20220218,134831000,13:48:32,20865,23042,43416,2398096150,0,0,0
CF207,20220218,20220218,134836500,13:48:37,20865,23042,43416,2398096150,0,0,0
CF207,20220218,20220218,134840500,13:48:40,20865,23042,43416,2398096150,0,0,0
CF207,20220218,20220218,134850000,13:48:50,20865,23042,43416,2398096150,0,0,0
CF207,20220218,20220218,134859000,13:48:59,20865,23042,43416,2398096150,0,0,0
CF207,20220218,20220218,134905000,13:49:05,20865,23042,43416,2398096150,0,0,0
CF207,20220218,20220218,134905500,13:49:05,20865,23042,43416,2398096150,0,0,0
CF207,20220218,20220218,134906000,13:49:06,20865,23042,43416,2398096150,0,0,0
CF207,20220218,20220218,134906500,13:49:06,20865,23042,43416,2398096150,0,0,0
CF207,20220218,20220218,134907000,13:49:07,20865,23042,43416,2398096150,0,0,0
CF207,20220218,20220218,134910500,13:49:10,20865,23042,43416,2398096150,0,0,0
CF207,20220218,20220218,134911000,13:49:11,20865,23042,43416,2398096150,0,0,0
CF207,20220218,20220218,134911500,13:49:12,20865,23042,43416,2398096150,0,0,0
CF207,20220218,20220218,134918000,13:49:18,20865,23042,43416,2398096150,0,0,0
CF207,20220218,20220218,134918500,13:49:19,20865,23042,43416,2398096150,0,0,0
CF207,20220218,20220218,134919000,13:49:20,20865,23042,43416,2398096150,0,0,0
CF207,20220218,20220218,134919500,13:49:20,20865,23042,43416,2398096150,0,0,0
CF207,20220218,20220218,134950000,13:49:50,20865,23042,43416,2398096150,0,0,0
CF207,20220218,20220218,134951000,13:49:51,20865,23042,43416,2398096150,0,0,0
CF207,20220218,20220218,134956000,13:49:56,20860,23044,43416,2398304300,2,0,208150
CF207,20220218,20220218,134956500,13:49:57,20860,23044,43416,2398304300,0,0,0
CF207,20220218,20220218,134957000,13:49:57,20860,23044,43416,2398304300,0,0,0
CF207,20220218,20220218,135001000,13:50:01,20860,23044,43416,2398304300,0,0,0
CF207,20220218,20220218,135002500,13:50:03,20860,23044,43416,2398304300,0,0,0
CF207,20220218,20220218,135004000,13:50:04,20860,23044,43416,2398304300,0,0,0
CF207,20220218,20220218,135004500,13:50:05,20860,23045,43417,2398408375,1,1,104075
CF207,20220218,20220218,135005000,13:50:05,20860,23045,43417,2398408375,0,0,0
CF207,20220218,20220218,135006000,13:50:06,20865,23051,43418,2399032825,6,1,624450
CF207,20220218,20220218,135006500,13:50:07,20865,23065,43415,2400489875,14,-3,1457050
CF207,20220218,20220218,135007000,13:50:07,20865,23065,43415,2400489875,0,0,0
CF207,20220218,20220218,135007500,13:50:09,20865,23065,43415,2400489875,0,0,0
CF207,20220218,20220218,135008000,13:50:25,20865,23075,43415,2401530625,10,0,1040750
CF207,20220218,20220218,135009000,13:50:25,20865,23077,43415,2401738775,2,0,208150
CF207,20220218,20220218,135009500,13:50:26,20865,23077,43415,2401738775,0,0,0
CF207,20220218,20220218,135024500,13:50:26,20865,23077,43415,2401738775,0,0,0
CF207,20220218,20220218,135026000,13:50:29,20865,23077,43415,2401738775,0,0,0
CF207,20220218,20220218,135034000,13:50:37,20865,23077,43415,2401738775,0,0,0
CF207,20220218,20220218,135036500,13:50:38,20865,23077,43415,2401738775,0,0,0
CF207,20220218,20220218,135037500,13:50:38,20865,23077,43415,2401738775,0,0,0
CF207,20220218,20220218,135039000,13:50:39,20865,23077,43415,2401738775,0,0,0
CF207,20220218,20220218,135039500,13:50:39,20865,23077,43415,2401738775,0,0,0
CF207,20220218,20220218,135041000,13:50:41,20865,23077,43415,2401738775,0,0,0
CF207,20220218,20220218,135101000,13:51:01,20865,23077,43415,2401738775,0,0,0
CF207,20220218,20220218,135101500,13:51:01,20865,23077,43415,2401738775,0,0,0
CF207,20220218,20220218,135103000,13:51:03,20865,23077,43415,2401738775,0,0,0
CF207,20220218,20220218,135104500,13:51:05,20865,23077,43415,2401738775,0,0,0
CF207,20220218,20220218,135108000,13:51:21,20865,23077,43415,2401738775,0,0,0
CF207,20220218,20220218,135120500,13:51:21,20865,23077,43415,2401738775,0,0,0
CF207,20220218,20220218,135121000,13:51:21,20865,23077,43415,2401738775,0,0,0
CF207,20220218,20220218,135121500,13:51:21,20865,23077,43415,2401738775,0,0,0
CF207,20220218,20220218,135124000,13:51:24,20865,23077,43415,2401738775,0,0,0
CF207,20220218,20220218,135146000,13:51:46,20865,23077,43415,2401738775,0,0,0
CF207,20220218,20220218,135156000,13:51:56,20865,23077,43415,2401738775,0,0,0
CF207,20220218,20220218,135156500,13:51:57,20865,23077,43415,2401738775,0,0,0
CF207,20220218,20220218,135159500,13:51:59,20865,23077,43415,2401738775,0,0,0
CF207,20220218,20220218,135201000,13:52:01,20865,23077,43415,2401738775,0,0,0
CF207,20220218,20220218,135203000,13:52:04,20865,23077,43415,2401738775,0,0,0
CF207,20220218,20220218,135209000,13:52:10,20870,23099,43407,2404028425,22,-8,2289650
CF207,20220218,20220218,135209500,13:52:11,20870,23099,43407,2404028425,0,0,0
CF207,20220218,20220218,135210000,13:52:11,20870,23099,43407,2404028425,0,0,0
CF207,20220218,20220218,135211500,13:52:12,20870,23099,43407,2404028425,0,0,0
CF207,20220218,20220218,135212000,13:52:12,20870,23099,43407,2404028425,0,0,0
CF207,20220218,20220218,135223500,13:52:24,20870,23099,43407,2404028425,0,0,0
CF207,20220218,20220218,135224000,13:52:24,20870,23099,43407,2404028425,0,0,0
CF207,20220218,20220218,135228000,13:52:28,20870,23099,43407,2404028425,0,0,0
CF207,20220218,20220218,135228500,13:52:28,20870,23099,43407,2404028425,0,0,0
CF207,20220218,20220218,135229000,13:52:29,20870,23099,43407,2404028425,0,0,0
CF207,20220218,20220218,135229500,13:52:31,20865,23113,43421,2405485475,14,14,1457050
CF207,20220218,20220218,135230000,13:52:31,20865,23116,43424,2405797700,3,3,312225
CF207,20220218,20220218,135230500,13:52:32,20865,23116,43424,2405797700,0,0,0
CF207,20220218,20220218,135233500,13:52:33,20865,23118,43425,2406005850,2,1,208150
CF207,20220218,20220218,135240500,13:52:45,20870,23119,43425,2406109925,1,0,104075
CF207,20220218,20220218,135257500,13:52:57,20865,23120,43425,2406214000,1,0,104075
CF207,20220218,20220218,135302500,13:53:03,20865,23120,43425,2406214000,0,0,0
CF207,20220218,20220218,135303000,13:53:04,20865,23120,43425,2406214000,0,0,0
CF207,20220218,20220218,135303500,13:53:05,20865,23120,43425,2406214000,0,0,0
CF207,20220218,20220218,135310000,13:53:10,20865,23120,43425,2406214000,0,0,0
CF207,20220218,20220218,135310500,13:53:11,20865,23120,43425,2406214000,0,0,0
CF207,20220218,20220218,135311500,13:53:12,20865,23122,43425,2406422150,2,0,208150
CF207,20220218,20220218,135312000,13:53:12,20865,23124,43427,2406630300,2,2,208150
CF207,20220218,20220218,135312500,13:53:13,20865,23124,43427,2406630300,0,0,0
CF207,20220218,20220218,135313000,13:53:13,20865,23124,43427,2406630300,0,0,0
CF207,20220218,20220218,135318500,13:53:20,20865,23124,43427,2406630300,0,0,0
CF207,20220218,20220218,135340000,13:53:45,20865,23124,43427,2406630300,0,0,0
CF207,20220218,20220218,135349000,13:53:49,20865,23124,43427,2406630300,0,0,0
CF207,20220218,20220218,135349500,13:53:50,20865,23124,43427,2406630300,0,0,0
CF207,20220218,20220218,135350500,13:53:52,20865,23124,43427,2406630300,0,0,0
CF207,20220218,20220218,135351000,13:53:53,20865,23124,43427,2406630300,0,0,0
CF207,20220218,20220218,135351500,13:53:53,20865,23124,43427,2406630300,0,0,0
CF207,20220218,20220218,135353000,13:53:53,20865,23124,43427,2406630300,0,0,0
CF207,20220218,20220218,135413000,13:54:13,20865,23124,43427,2406630300,0,0,0
CF207,20220218,20220218,135419500,13:54:19,20865,23124,43427,2406630300,0,0,0
CF207,20220218,20220218,135420000,13:54:20,20865,23124,43427,2406630300,0,0,0
CF207,20220218,20220218,135420500,13:54:21,20865,23124,43427,2406630300,0,0,0
CF207,20220218,20220218,135421500,13:54:21,20865,23124,43427,2406630300,0,0,0
CF207,20220218,20220218,135423500,13:54:23,20865,23125,43428,2406734375,1,1,104075
CF207,20220218,20220218,135424000,13:54:24,20865,23125,43428,2406734375,0,0,0
CF207,20220218,20220218,135424500,13:54:25,20865,23125,43428,2406734375,0,0,0
CF207,20220218,20220218,135436500,13:54:37,20865,23125,43428,2406734375,0,0,0
CF207,20220218,20220218,135441500,13:54:42,20865,23125,43428,2406734375,0,0,0
CF207,20220218,20220218,135442000,13:54:43,20865,23125,43428,2406734375,0,0,0
CF207,20220218,20220218,135448500,13:54:48,20865,23126,43428,2406838450,1,0,104075
CF207,20220218,20220218,135449500,13:54:50,20865,23127,43428,2406942525,1,0,104075
CF207,20220218,20220218,135450000,13:54:50,20865,23127,43428,2406942525,0,0,0
CF207,20220218,20220218,135450500,13:54:50,20865,23127,43428,2406942525,0,0,0
CF207,20220218,20220218,135451000,13:54:51,20865,23127,43428,2406942525,0,0,0
CF207,20220218,20220218,135455500,13:54:55,20865,23127,43428,2406942525,0,0,0
CF207,20220218,20220218,135459500,13:55:00,20865,23127,43428,2406942525,0,0,0
CF207,20220218,20220218,135500000,13:55:00,20865,23127,43428,2406942525,0,0,0
CF207,20220218,20220218,135502000,13:55:03,20865,23127,43428,2406942525,0,0,0
CF207,20220218,20220218,135502500,13:55:03,20865,23128,43428,2407046600,1,0,104075
CF207,20220218,20220218,135503000,13:55:03,20865,23128,43428,2407046600,0,0,0
CF207,20220218,20220218,135503500,13:55:04,20865,23129,43428,2407150675,1,0,104075
CF207,20220218,20220218,135506000,13:55:06,20865,23129,43428,2407150675,0,0,0
CF207,20220218,20220218,135506500,13:55:06,20865,23129,43428,2407150675,0,0,0
CF207,20220218,20220218,135507000,13:55:11,20865,23129,43428,2407150675,0,0,0
CF207,20220218,20220218,135507500,13:55:11,20865,23129,43428,2407150675,0,0,0
CF207,20220218,20220218,135508000,13:55:12,20870,23132,43428,2407462900,3,0,312225
CF207,20220218,20220218,135510500,13:55:12,20870,23132,43428,2407462900,0,0,0
CF207,20220218,20220218,135512000,13:55:12,20870,23132,43428,2407462900,0,0,0
CF207,20220218,20220218,135512500,13:55:13,20870,23132,43428,2407462900,0,0,0
CF207,20220218,20220218,135513000,13:55:14,20870,23132,43428,2407462900,0,0,0
CF207,20220218,20220218,135518500,13:55:25,20870,23132,43428,2407462900,0,0,0
CF207,20220218,20220218,135519500,13:55:25,20870,23136,43429,2407879200,4,1,416300
CF207,20220218,20220218,135521000,13:55:25,20870,23136,43429,2407879200,0,0,0
CF207,20220218,20220218,135523500,13:55:25,20870,23137,43429,2407983275,1,0,104075
CF207,20220218,20220218,135526500,13:55:27,20870,23137,43429,2407983275,0,0,0
CF207,20220218,20220218,135530000,13:55:30,20870,23138,43430,2408087350,1,1,104075
CF207,20220218,20220218,135532500,13:55:32,20870,23138,43430,2408087350,0,0,0
CF207,20220218,20220218,135533000,13:55:33,20870,23138,43430,2408087350,0,0,0
CF207,20220218,20220218,135533500,13:55:34,20870,23138,43430,2408087350,0,0,0
CF207,20220218,20220218,135534000,13:55:34,20870,23138,43430,2408087350,0,0,0
CF207,20220218,20220218,135535500,13:55:36,20875,23139,43430,2408191425,1,0,104075
CF207,20220218,20220218,135536000,13:55:36,20875,23139,43430,2408191425,0,0,0
CF207,20220218,20220218,135537000,13:55:37,20875,23140,43430,2408295500,1,0,104075
CF207,20220218,20220218,135537500,13:55:37,20875,23140,43430,2408295500,0,0,0
CF207,20220218,20220218,135538000,13:55:38,20875,23141,43431,2408399575,1,1,104075
CF207,20220218,20220218,135538500,13:55:39,20875,23141,43431,2408399575,0,0,0
CF207,20220218,20220218,135539000,13:55:39,20875,23141,43431,2408399575,0,0,0
CF207,20220218,20220218,135540000,13:55:40,20875,23142,43431,2408503650,1,0,104075
CF207,20220218,20220218,135540500,13:55:41,20875,23144,43433,2408711800,2,2,208150
CF207,20220218,20220218,135541000,13:55:41,20875,23144,43433,2408711800,0,0,0
CF207,20220218,20220218,135541500,13:55:41,20875,23146,43434,2408919950,2,1,208150
CF207,20220218,20220218,135542000,13:55:42,20875,23146,43434,2408919950,0,0,0
CF207,20220218,20220218,135542500,13:55:42,20875,23146,43434,2408919950,0,0,0
CF207,20220218,20220218,135543000,13:55:45,20875,23147,43434,2409024025,1,0,104075
CF207,20220218,20220218,135543500,13:55:45,20875,23148,43435,2409128100,1,1,104075
CF207,20220218,20220218,135544000,13:55:45,20875,23148,43435,2409128100,0,0,0
CF207,20220218,20220218,135544500,13:55:45,20875,23151,43438,2409440325,3,3,312225
CF207,20220218,20220218,135546000,13:55:46,20875,23152,43438,2409544400,1,0,104075
CF207,20220218,20220218,135546500,13:55:47,20875,23152,43438,2409544400,0,0,0
CF207,20220218,20220218,135547000,13:55:47,20875,23153,43439,2409648475,1,1,104075
CF207,20220218,20220218,135547500,13:55:47,20875,23154,43440,2409752550,1,1,104075
CF207,20220218,20220218,135548000,13:55:48,20875,23154,43440,2409752550,0,0,0
CF207,20220218,20220218,135549000,13:55:50,20875,23155,43441,2409856625,1,1,104075
CF207,20220218,20220218,135549500,13:55:50,20875,23157,43443,2410064775,2,2,208150
CF207,20220218,20220218,135550000,13:55:50,20875,23158,43443,2410168850,1,0,104075
CF207,20220218,20220218,135550500,13:55:50,20875,23158,43443,2410168850,0,0,0
CF207,20220218,20220218,135551000,13:55:52,20875,23159,43442,2410272925,1,-1,104075
CF207,20220218,20220218,135551500,13:55:52,20875,23159,43442,2410272925,0,0,0
CF207,20220218,20220218,135552000,13:55:52,20875,23159,43442,2410272925,0,0,0
CF207,20220218,20220218,135553500,13:55:54,20875,23159,43442,2410272925,0,0,0
CF207,20220218,20220218,135554000,13:55:54,20880,23162,43441,2410585150,3,-1,312225
CF207,20220218,20220218,135554500,13:55:54,20880,23162,43441,2410585150,0,0,0
CF207,20220218,20220218,135555000,13:55:55,20880,23162,43441,2410585150,0,0,0
CF207,20220218,20220218,135558500,13:55:58,20880,23162,43441,2410585150,0,0,0
CF207,20220218,20220218,135559000,13:55:59,20880,23162,43441,2410585150,0,0,0
CF207,20220218,20220218,135600500,13:56:02,20880,23162,43441,2410585150,0,0,0
CF207,20220218,20220218,135601000,13:56:03,20880,23162,43441,2410585150,0,0,0
CF207,20220218,20220218,135602000,13:56:04,20880,23162,43441,2410585150,0,0,0
CF207,20220218,20220218,135602500,13:56:19,20880,23162,43441,2410585150,0,0,0
CF207,20220218,20220218,135603500,13:56:23,20880,23162,43441,2410585150,0,0,0
CF207,20220218,20220218,135617000,13:56:23,20880,23162,43441,2410585150,0,0,0
CF207,20220218,20220218,135622500,13:56:23,20880,23162,43441,2410585150,0,0,0
CF207,20220218,20220218,135624000,13:56:24,20880,23162,43441,2410585150,0,0,0
CF207,20220218,20220218,135624500,13:56:24,20880,23162,43441,2410585150,0,0,0
CF207,20220218,20220218,135630500,13:56:35,20880,23162,43441,2410585150,0,0,0
CF207,20220218,20220218,135702000,13:57:02,20885,23178,43437,2412250350,16,-4,1665200
CF207,20220218,20220218,135702500,13:57:03,20885,23179,43437,2412354425,1,0,104075
CF207,20220218,20220218,135706500,13:57:06,20885,23179,43437,2412354425,0,0,0
CF207,20220218,20220218,135707000,13:57:07,20885,23180,43437,2412458500,1,0,104075
CF207,20220218,20220218,135707500,13:57:08,20885,23181,43437,2412562575,1,0,104075
