CF203,20220218,20220218,112004500,11:20:09,0,0,0,0,0,0,0
CF203,20220218,20220218,112003200,11:20:10,21610,1793,23367,194271550,1793,23367,194271550
CF203,20220218,20220218,112005000,11:20:10,21610,1793,23367,194271550,0,0,0
CF203,20220218,20220218,112007500,11:20:10,21610,1793,23367,194271550,0,0,0
CF203,20220218,20220218,112009500,11:20:10,21610,1793,23367,194271550,0,0,0
CF203,20220218,20220218,112010000,11:20:10,21610,1793,23367,194271550,0,0,0
CF203,20220218,20220218,112010500,11:20:10,21610,1793,23367,194271550,0,0,0
CF203,20220218,20220218,112011000,11:20:11,21610,1793,23367,194271550,0,0,0
CF203,20220218,20220218,112011500,11:20:12,21610,1793,23367,194271550,0,0,0
CF203,20220218,20220218,112012000,11:20:12,21610,1793,23367,194271550,0,0,0
CF203,20220218,20220218,112014000,11:20:14,21610,1793,23367,194271550,0,0,0
CF203,20220218,20220218,112015000,11:20:15,21610,1793,23367,194271550,0,0,0
CF203,20220218,20220218,112015500,11:20:16,21610,1793,23367,194271550,0,0,0
CF203,20220218,20220218,112016500,11:20:16,21610,1793,23367,194271550,0,0,0
CF203,20220218,20220218,112017000,11:20:17,21610,1793,23367,194271550,0,0,0
CF203,20220218,20220218,112018000,11:20:18,21610,1793,23367,194271550,0,0,0
CF203,20220218,20220218,112019000,11:20:19,21610,1793,23367,194271550,0,0,0
CF203,20220218,20220218,112019500,11:20:20,21610,1793,23367,194271550,0,0,0
CF203,20220218,20220218,112020000,11:20:20,21610,1793,23367,194271550,0,0,0
CF203,20220218,20220218,112020500,11:20:20,21610,1793,23367,194271550,0,0,0
CF203,20220218,20220218,112021000,11:20:21,21610,1793,23367,194271550,0,0,0
CF203,20220218,20220218,112022000,11:20:22,21610,1793,23367,194271550,0,0,0
CF203,20220218,20220218,112022500,11:20:23,21610,1793,23367,194271550,0,0,0
CF203,20220218,20220218,112023000,11:20:23,21610,1793,23367,194271550,0,0,0
CF203,20220218,20220218,112024000,11:20:24,21610,1793,23367,194271550,0,0,0
CF203,20220218,20220218,112024500,11:20:24,21610,1793,23367,194271550,0,0,0
CF203,20220218,20220218,112027000,11:20:27,21610,1793,23367,194271550,0,0,0
CF203,20220218,20220218,112027500,11:20:27,21610,1793,23367,194271550,0,0,0
CF203,20220218,20220218,112030000,11:20:31,21610,1793,23367,194271550,0,0,0
CF203,20220218,20220218,112031000,11:20:31,21610,1793,23367,194271550,0,0,0
CF203,20220218,20220218,112031500,11:20:32,21610,1793,23367,194271550,0,0,0
CF203,20220218,20220218,112033000,11:20:33,21610,1793,23367,194271550,0,0,0
CF203,20220218,20220218,112037500,11:20:38,21610,1793,23367,194271550,0,0,0
CF203,20220218,20220218,112040500,11:20:41,21610,1793,23367,194271550,0,0,0
CF203,20220218,20220218,112041500,11:20:41,21610,1793,23367,194271550,0,0,0
CF203,20220218,20220218,112042500,11:20:42,21610,1793,23367,194271550,0,0,0
CF203,20220218,20220218,112048000,11:20:48,21610,1793,23367,194271550,0,0,0
CF203,20220218,20220218,112048500,11:20:50,21610,1793,23367,194271550,0,0,0
CF203,20220218,20220218,112052000,11:20:53,21610,1793,23367,194271550,0,0,0
CF203,20220218,20220218,112053000,11:20:53,21610,1793,23367,194271550,0,0,0
CF203,20220218,20220218,112055500,11:20:56,21610,1793,23367,194271550,0,0,0
CF203,20220218,20220218,112059000,11:20:59,21610,1793,23367,194271550,0,0,0
CF203,20220218,20220218,112059500,11:21:00,21610,1793,23367,194271550,0,0,0
CF203,20220218,20220218,112100000,11:21:00,21610,1793,23367,194271550,0,0,0
CF203,20220218,20220218,112100500,11:21:00,21610,1793,23367,194271550,0,0,0
CF203,20220218,20220218,112101500,11:21:02,21610,1793,23367,194271550,0,0,0
CF203,20220218,20220218,112103500,11:21:04,21610,1793,23367,194271550,0,0,0
CF203,20220218,20220218,112113500,11:21:13,21610,1793,23367,194271550,0,0,0
CF203,20220218,20220218,112117000,11:21:17,21610,1793,23367,194271550,0,0,0
CF203,20220218,20220218,112117500,11:21:18,21610,1793,23367,194271550,0,0,0
CF203,20220218,20220218,112118000,11:21:18,21610,1793,23367,194271550,0,0,0
CF203,20220218,20220218,112118500,11:21:18,21610,1793,23367,194271550,0,0,0
CF203,20220218,20220218,112119000,11:21:19,21610,1793,23367,194271550,0,0,0
CF203,20220218,20220218,112121500,11:21:22,21610,1793,23367,194271550,0,0,0
CF203,20220218,20220218,112125500,11:23:32,21610,1793,23367,194271550,0,0,0
CF203,20220218,20220218,112126000,11:23:32,21610,1793,23367,194271550,0,0,0
CF203,20220218,20220218,112126500,11:23:33,21610,1793,23367,194271550,0,0,0
CF203,20220218,20220218,112332500,11:23:33,21610,1793,23367,194271550,0,0,0
CF203,20220218,20220218,112338000,11:23:38,21610,1793,23367,194271550,0,0,0
CF203,20220218,20220218,112339000,11:23:39,21610,1793,23367,194271550,0,0,0
CF203,20220218,20220218,112342000,11:23:42,21610,1793,23367,194271550,0,0,0
CF203,20220218,20220218,112342500,11:23:42,21610,1793,23367,194271550,0,0,0
CF203,20220218,20220218,112343000,11:23:43,21610,1793,23367,194271550,0,0,0
CF203,20220218,20220218,112343500,11:23:43,21610,1793,23367,194271550,0,0,0
CF203,20220218,20220218,112344500,11:23:48,21610,1793,23367,194271550,0,0,0
CF203,20220218,20220218,112345000,11:23:48,21610,1793,23367,194271550,0,0,0
CF203,20220218,20220218,112345500,11:23:48,21610,1793,23367,194271550,0,0,0
CF203,20220218,20220218,112346000,11:23:48,21610,1793,23367,194271550,0,0,0
CF203,20220218,20220218,112348500,11:23:48,21610,1793,23367,194271550,0,0,0
CF203,20220218,20220218,112349000,11:23:49,21610,1793,23367,194271550,0,0,0
CF203,20220218,20220218,112349500,11:23:50,21610,1793,23367,194271550,0,0,0
CF203,20220218,20220218,112355000,11:23:55,21610,1793,23367,194271550,0,0,0
CF203,20220218,20220218,112400500,11:24:00,21610,1793,23367,194271550,0,0,0
CF203,20220218,20220218,112401500,11:24:01,21610,1793,23367,194271550,0,0,0
CF203,20220218,20220218,112405500,11:24:05,21610,1793,23367,194271550,0,0,0
CF203,20220218,20220218,112406500,11:24:06,21610,1793,23367,194271550,0,0,0
CF203,20220218,20220218,112408000,11:24:08,21610,1793,23367,194271550,0,0,0
CF203,20220218,20220218,112410500,11:24:12,21610,1793,23367,194271550,0,0,0
CF203,20220218,20220218,112411000,11:24:12,21610,1793,23367,194271550,0,0,0
CF203,20220218,20220218,112411500,11:24:12,21610,1793,23367,194271550,0,0,0
CF203,20220218,20220218,112412500,11:24:13,21610,1793,23367,194271550,0,0,0
CF203,20220218,20220218,112413000,11:24:13,21610,1793,23367,194271550,0,0,0
CF203,20220218,20220218,112417000,11:24:17,21610,1793,23367,194271550,0,0,0
CF203,20220218,20220218,112417500,11:24:18,21610,1793,23367,194271550,0,0,0
CF203,20220218,20220218,112418000,11:24:18,21610,1793,23367,194271550,0,0,0
CF203,20220218,20220218,112418500,11:24:19,21610,1793,23367,194271550,0,0,0
CF203,20220218,20220218,112420500,11:24:20,21610,1793,23367,194271550,0,0,0
CF203,20220218,20220218,112421000,11:24:21,21610,1793,23367,194271550,0,0,0
CF203,20220218,20220218,112426000,11:24:26,21610,1793,23367,194271550,0,0,0
CF203,20220218,20220218,112429500,11:24:29,21610,1793,23367,194271550,0,0,0
CF203,20220218,20220218,112430500,11:24:30,21610,1793,23367,194271550,0,0,0
CF203,20220218,20220218,112434500,11:24:34,21610,1793,23367,194271550,0,0,0
CF203,20220218,20220218,112436000,11:24:36,21610,1793,23367,194271550,0,0,0
CF203,20220218,20220218,112437000,11:24:37,21610,1793,23367,194271550,0,0,0
CF203,20220218,20220218,112437500,11:24:37,21610,1793,23367,194271550,0,0,0
CF203,20220218,20220218,112439500,11:24:40,21610,1793,23367,194271550,0,0,0
CF203,20220218,20220218,112440000,11:24:40,21610,1793,23367,194271550,0,0,0
CF203,20220218,20220218,112440500,11:24:40,21610,1793,23367,194271550,0,0,0
CF203,20220218,20220218,112441000,11:24:41,21610,1793,23367,194271550,0,0,0
CF203,20220218,20220218,112441500,11:24:41,21610,1793,23367,194271550,0,0,0
CF203,20220218,20220218,112442000,11:24:42,21610,1793,23367,194271550,0,0,0
CF203,20220218,20220218,112443500,11:24:43,21610,1793,23367,194271550,0,0,0
CF203,20220218,20220218,112444000,11:24:44,21610,1793,23367,194271550,0,0,0
CF203,20220218,20220218,112445500,11:24:45,21610,1793,23367,194271550,0,0,0
CF203,20220218,20220218,112446000,11:24:46,21610,1793,23367,194271550,0,0,0
CF203,20220218,20220218,112447000,11:24:47,21610,1793,23367,194271550,0,0,0
CF203,20220218,20220218,112450000,11:24:50,21610,1793,23367,194271550,0,0,0
CF203,20220218,20220218,112450500,11:24:50,21610,1793,23367,194271550,0,0,0
CF203,20220218,20220218,112452500,11:24:52,21610,1793,23367,194271550,0,0,0
CF203,20220218,20220218,112455500,11:24:56,21610,1793,23367,194271550,0,0,0
CF203,20220218,20220218,112456000,11:24:56,21610,1793,23367,194271550,0,0,0
CF203,20220218,20220218,112501500,11:25:03,21610,1793,23367,194271550,0,0,0
CF203,20220218,20220218,112502000,11:25:05,21610,1793,23367,194271550,0,0,0
CF203,20220218,20220218,112502500,11:25:06,21610,1793,23367,194271550,0,0,0
CF203,20220218,20220218,112505000,11:25:06,21610,1793,23367,194271550,0,0,0
CF203,20220218,20220218,112505500,11:25:06,21610,1793,23367,194271550,0,0,0
CF203,20220218,20220218,112506000,11:25:07,21610,1793,23367,194271550,0,0,0
CF203,20220218,20220218,112506500,11:25:07,21610,1793,23367,194271550,0,0,0
CF203,20220218,20220218,112507000,11:25:07,21610,1793,23367,194271550,0,0,0
CF203,20220218,20220218,112507500,11:25:07,21645,1798,23362,194813300,5,-5,541750
CF203,20220218,20220218,112508000,11:25:08,21645,1798,23362,194813300,0,0,0
CF203,20220218,20220218,112508500,11:25:08,21645,1798,23362,194813300,0,0,0
CF203,20220218,20220218,112509000,11:25:09,21645,1798,23362,194813300,0,0,0
CF203,20220218,20220218,112509500,11:25:09,21645,1798,23362,194813300,0,0,0
CF203,20220218,20220218,112510000,11:25:10,21645,1798,23362,194813300,0,0,0
CF203,20220218,20220218,112510500,11:25:10,21645,1798,23362,194813300,0,0,0
CF203,20220218,20220218,112511500,11:25:11,21645,1798,23362,194813300,0,0,0
CF203,20220218,20220218,112512000,11:25:12,21645,1798,23362,194813300,0,0,0
CF203,20220218,20220218,112512500,11:25:12,21645,1798,23362,194813300,0,0,0
CF203,20220218,20220218,112513500,11:25:15,21645,1798,23362,194813300,0,0,0
CF203,20220218,20220218,112515000,11:25:16,21645,1798,23362,194813300,0,0,0
CF203,20220218,20220218,112515500,11:25:16,21645,1798,23362,194813300,0,0,0
CF203,20220218,20220218,112516000,11:25:16,21645,1798,23362,194813300,0,0,0
CF203,20220218,20220218,112517000,11:25:17,21645,1798,23362,194813300,0,0,0
CF203,20220218,20220218,112517500,11:25:18,21645,1798,23362,194813300,0,0,0
CF203,20220218,20220218,112519000,11:25:19,21645,1798,23362,194813300,0,0,0
CF203,20220218,20220218,112521000,11:25:21,21645,1798,23362,194813300,0,0,0
CF203,20220218,20220218,112526000,11:25:26,21645,1798,23362,194813300,0,0,0
CF203,20220218,20220218,112526500,11:25:27,21645,1798,23362,194813300,0,0,0
CF203,20220218,20220218,112527000,11:25:27,21645,1798,23362,194813300,0,0,0
CF203,20220218,20220218,112527500,11:25:28,21645,1798,23362,194813300,0,0,0
CF203,20220218,20220218,112528000,11:25:28,21645,1798,23362,194813300,0,0,0
CF203,20220218,20220218,112528500,11:25:28,21645,1798,23362,194813300,0,0,0
CF203,20220218,20220218,112529000,11:25:29,21645,1798,23362,194813300,0,0,0
CF203,20220218,20220218,112529500,11:25:30,21645,1798,23362,194813300,0,0,0
CF203,20220218,20220218,112530000,11:25:30,21645,1798,23362,194813300,0,0,0
CF203,20220218,20220218,112531000,11:25:31,21645,1798,23362,194813300,0,0,0
CF203,20220218,20220218,112531500,11:25:31,21645,1798,23362,194813300,0,0,0
CF203,20220218,20220218,112532000,11:25:32,21645,1798,23362,194813300,0,0,0
CF203,20220218,20220218,112532500,11:25:33,21645,1798,23362,194813300,0,0,0
CF203,20220218,20220218,112533000,11:25:33,21645,1798,23362,194813300,0,0,0
CF203,20220218,20220218,112533500,11:25:33,21645,1798,23362,194813300,0,0,0
CF203,20220218,20220218,112534000,11:25:34,21645,1798,23362,194813300,0,0,0
CF203,20220218,20220218,112534500,11:25:34,21645,1798,23362,194813300,0,0,0
CF203,20220218,20220218,112535000,11:25:36,21645,1798,23362,194813300,0,0,0
CF203,20220218,20220218,112535500,11:25:37,21645,1798,23362,194813300,0,0,0
CF203,20220218,20220218,112536000,11:25:37,21645,1798,23362,194813300,0,0,0
CF203,20220218,20220218,112536500,11:25:37,21645,1798,23362,194813300,0,0,0
CF203,20220218,20220218,112537000,11:25:37,21645,1798,23362,194813300,0,0,0
CF203,20220218,20220218,112537500,11:25:38,21645,1798,23362,194813300,0,0,0
CF203,20220218,20220218,112538500,11:25:39,21645,1798,23362,194813300,0,0,0
CF203,20220218,20220218,112539000,11:25:39,21645,1798,23362,194813300,0,0,0
CF203,20220218,20220218,112539500,11:25:39,21645,1798,23362,194813300,0,0,0
CF203,20220218,20220218,112540000,11:25:40,21645,1798,23362,194813300,0,0,0
CF203,20220218,20220218,112540500,11:25:40,21645,1798,23362,194813300,0,0,0
CF203,20220218,20220218,112541000,11:25:41,21645,1798,23362,194813300,0,0,0
CF203,20220218,20220218,112541500,11:25:41,21645,1798,23362,194813300,0,0,0
CF203,20220218,20220218,112542000,11:25:42,21645,1798,23362,194813300,0,0,0
CF203,20220218,20220218,112542500,11:25:42,21645,1798,23362,194813300,0,0,0
CF203,20220218,20220218,112543500,11:25:43,21645,1798,23362,194813300,0,0,0
CF203,20220218,20220218,112544000,11:25:44,21645,1798,23362,194813300,0,0,0
CF203,20220218,20220218,112544500,11:25:44,21645,1798,23362,194813300,0,0,0
CF203,20220218,20220218,112545000,11:25:45,21660,1799,23361,194921650,1,-1,108350
CF203,20220218,20220218,112546000,11:25:47,21660,1799,23361,194921650,0,0,0
CF203,20220218,20220218,112546500,11:25:48,21660,1799,23361,194921650,0,0,0
CF203,20220218,20220218,112547000,11:25:48,21660,1799,23361,194921650,0,0,0
CF203,20220218,20220218,112547500,11:25:48,21660,1799,23361,194921650,0,0,0
CF203,20220218,20220218,112548000,11:25:48,21660,1799,23361,194921650,0,0,0
CF203,20220218,20220218,112548500,11:25:48,21660,1799,23361,194921650,0,0,0
CF203,20220218,20220218,112549000,11:25:49,21660,1799,23361,194921650,0,0,0
CF203,20220218,20220218,112550000,11:25:50,21660,1799,23361,194921650,0,0,0
CF203,20220218,20220218,112550500,11:25:50,21660,1799,23361,194921650,0,0,0
CF203,20220218,20220218,112551000,11:25:51,21660,1799,23361,194921650,0,0,0
CF203,20220218,20220218,112551500,11:25:51,21660,1799,23361,194921650,0,0,0
CF203,20220218,20220218,112552000,11:25:52,21660,1799,23361,194921650,0,0,0
CF203,20220218,20220218,112552500,11:25:52,21660,1799,23361,194921650,0,0,0
CF203,20220218,20220218,112553000,11:25:53,21660,1799,23361,194921650,0,0,0
CF203,20220218,20220218,112553500,11:25:54,21660,1799,23361,194921650,0,0,0
CF203,20220218,20220218,112554000,11:25:54,21660,1799,23361,194921650,0,0,0
CF203,20220218,20220218,112554500,11:25:54,21660,1799,23361,194921650,0,0,0
CF203,20220218,20220218,112555000,11:25:55,21660,1799,23361,194921650,0,0,0
CF203,20220218,20220218,112555500,11:25:56,21660,1799,23361,194921650,0,0,0
CF203,20220218,20220218,112556000,11:25:57,21660,1799,23361,194921650,0,0,0
CF203,20220218,20220218,112556500,11:25:57,21660,1799,23361,194921650,0,0,0
CF203,20220218,20220218,112557000,11:25:57,21660,1799,23361,194921650,0,0,0
CF203,20220218,20220218,112557500,11:25:57,21660,1799,23361,194921650,0,0,0
CF203,20220218,20220218,112558000,11:25:59,21660,1799,23361,194921650,0,0,0
CF203,20220218,20220218,112558500,11:25:59,21660,1799,23361,194921650,0,0,0
CF203,20220218,20220218,112559000,11:25:59,21660,1799,23361,194921650,0,0,0
CF203,20220218,20220218,112559500,11:26:00,21660,1799,23361,194921650,0,0,0
CF203,20220218,20220218,112600000,11:26:00,21660,1799,23361,194921650,0,0,0
CF203,20220218,20220218,112600500,11:26:00,21660,1799,23361,194921650,0,0,0
CF203,20220218,20220218,112601000,11:26:01,21660,1799,23361,194921650,0,0,0
CF203,20220218,20220218,112601500,11:26:01,21660,1799,23361,194921650,0,0,0
CF203,20220218,20220218,112602000,11:26:03,21660,1799,23361,194921650,0,0,0
CF203,20220218,20220218,112602500,11:26:03,21660,1799,23361,194921650,0,0,0
CF203,20220218,20220218,112603000,11:26:03,21660,1799,23361,194921650,0,0,0
CF203,20220218,20220218,112603500,11:26:03,21660,1799,23361,194921650,0,0,0
CF203,20220218,20220218,112604000,11:26:04,21660,1799,23361,194921650,0,0,0
CF203,20220218,20220218,112604500,11:26:05,21660,1799,23361,194921650,0,0,0
CF203,20220218,20220218,112605000,11:26:05,21660,1799,23361,194921650,0,0,0
CF203,20220218,20220218,112605500,11:26:05,21660,1799,23361,194921650,0,0,0
CF203,20220218,20220218,112606000,11:26:06,21660,1799,23361,194921650,0,0,0
CF203,20220218,20220218,112606500,11:26:06,21660,1799,23361,194921650,0,0,0
CF203,20220218,20220218,112607000,11:26:09,21660,1799,23361,194921650,0,0,0
CF203,20220218,20220218,112607500,11:26:09,21660,1799,23361,194921650,0,0,0
CF203,20220218,20220218,112608500,11:26:09,21660,1799,23361,194921650,0,0,0
CF203,20220218,20220218,112609500,11:26:10,21660,1799,23361,194921650,0,0,0
CF203,20220218,20220218,112610000,11:26:10,21660,1799,23361,194921650,0,0,0
CF203,20220218,20220218,112611000,11:26:11,21660,1799,23361,194921650,0,0,0
CF203,20220218,20220218,112611500,11:26:11,21660,1799,23361,194921650,0,0,0
CF203,20220218,20220218,112612000,11:26:14,21660,1799,23361,194921650,0,0,0
CF203,20220218,20220218,112612500,11:26:14,21660,1799,23361,194921650,0,0,0
CF203,20220218,20220218,112613000,11:26:15,21660,1799,23361,194921650,0,0,0
CF203,20220218,20220218,112613500,11:26:15,21660,1799,23361,194921650,0,0,0
CF203,20220218,20220218,112614500,11:26:15,21660,1799,23361,194921650,0,0,0
CF203,20220218,20220218,112615000,11:26:16,21660,1799,23361,194921650,0,0,0
CF203,20220218,20220218,112615500,11:26:16,21660,1799,23361,194921650,0,0,0
CF203,20220218,20220218,112616000,11:26:16,21660,1799,23361,194921650,0,0,0
CF203,20220218,20220218,112616500,11:26:16,21660,1799,23361,194921650,0,0,0
CF203,20220218,20220218,112617000,11:26:17,21660,1799,23361,194921650,0,0,0
CF203,20220218,20220218,112617500,11:26:17,21660,1799,23361,194921650,0,0,0
CF203,20220218,20220218,112618000,11:26:18,21660,1799,23361,194921650,0,0,0
CF203,20220218,20220218,112618500,11:26:18,21660,1799,23361,194921650,0,0,0
CF203,20220218,20220218,112619000,11:26:19,21660,1799,23361,194921650,0,0,0
CF203,20220218,20220218,112619500,11:26:20,21660,1799,23361,194921650,0,0,0
CF203,20220218,20220218,112620000,11:26:20,21660,1799,23361,194921650,0,0,0
CF203,20220218,20220218,112620500,11:26:20,21660,1799,23361,194921650,0,0,0
CF203,20220218,20220218,112621000,11:26:21,21660,1799,23361,194921650,0,0,0
CF203,20220218,20220218,112621500,11:26:21,21660,1799,23361,194921650,0,0,0
CF203,20220218,20220218,112622000,11:26:22,21660,1799,23361,194921650,0,0,0
CF203,20220218,20220218,112622500,11:26:22,21660,1799,23361,194921650,0,0,0
CF203,20220218,20220218,112623500,11:26:23,21660,1799,23361,194921650,0,0,0
CF203,20220218,20220218,112624000,11:26:24,21660,1799,23361,194921650,0,0,0
CF203,20220218,20220218,112624500,11:26:24,21660,1799,23361,194921650,0,0,0
CF203,20220218,20220218,112625000,11:26:25,21660,1799,23361,194921650,0,0,0
CF203,20220218,20220218,112625500,11:26:25,21660,1799,23361,194921650,0,0,0
CF203,20220218,20220218,112626500,11:26:26,21660,1799,23361,194921650,0,0,0
CF203,20220218,20220218,112627000,11:26:27,21660,1799,23361,194921650,0,0,0
CF203,20220218,20220218,112627500,11:26:27,21660,1799,23361,194921650,0,0,0
CF203,20220218,20220218,112628000,11:26:28,21660,1799,23361,194921650,0,0,0
CF203,20220218,20220218,112629000,11:26:29,21660,1799,23361,194921650,0,0,0
CF203,20220218,20220218,112629500,11:26:30,21660,1799,23361,194921650,0,0,0
CF203,20220218,20220218,112630000,11:26:31,21660,1799,23361,194921650,0,0,0
CF203,20220218,20220218,112630500,11:26:31,21660,1799,23361,194921650,0,0,0
CF203,20220218,20220218,112631000,11:26:31,21660,1799,23361,194921650,0,0,0
CF203,20220218,20220218,112632000,11:26:32,21660,1799,23361,194921650,0,0,0
CF203,20220218,20220218,112632500,11:26:32,21660,1799,23361,194921650,0,0,0
CF203,20220218,20220218,112633000,11:26:33,21660,1799,23361,194921650,0,0,0
CF203,20220218,20220218,112634000,11:26:34,21660,1799,23361,194921650,0,0,0
CF203,20220218,20220218,112634500,11:26:37,21660,1799,23361,194921650,0,0,0
CF203,20220218,20220218,112635000,11:26:37,21660,1799,23361,194921650,0,0,0
CF203,20220218,20220218,112635500,11:26:37,21660,1799,23361,194921650,0,0,0
CF203,20220218,20220218,112636000,11:26:38,21660,1799,23361,194921650,0,0,0
CF203,20220218,20220218,112636500,11:26:38,21660,1799,23361,194921650,0,0,0
CF203,20220218,20220218,112637500,11:26:54,21660,1799,23361,194921650,0,0,0
CF203,20220218,20220218,112638000,11:27:10,21660,1799,23361,194921650,0,0,0
CF203,20220218,20220218,112638500,11:27:10,21660,1799,23361,194921650,0,0,0
CF203,20220218,20220218,112653500,11:27:10,21660,1799,23361,194921650,0,0,0
CF203,20220218,20220218,112654000,11:27:12,21660,1799,23361,194921650,0,0,0
CF203,20220218,20220218,112710000,11:27:12,21660,1799,23361,194921650,0,0,0
CF203,20220218,20220218,112710500,11:27:12,21660,1799,23361,194921650,0,0,0
CF203,20220218,20220218,112712000,11:27:12,21660,1799,23361,194921650,0,0,0
CF203,20220218,20220218,112712500,11:27:13,21660,1799,23361,194921650,0,0,0
CF203,20220218,20220218,112713000,11:27:13,21680,1803,23361,195355050,4,0,433400
CF203,20220218,20220218,112713500,11:27:14,21680,1803,23361,195355050,0,0,0
CF203,20220218,20220218,112714500,11:27:15,21680,1803,23361,195355050,0,0,0
CF203,20220218,20220218,112715000,11:27:15,21680,1803,23361,195355050,0,0,0
CF203,20220218,20220218,112717000,11:27:17,21680,1803,23361,195355050,0,0,0
CF203,20220218,20220218,112717500,11:27:17,21680,1803,23361,195355050,0,0,0
CF203,20220218,20220218,112718500,11:27:19,21680,1803,23361,195355050,0,0,0
CF203,20220218,20220218,112719000,11:27:19,21680,1803,23361,195355050,0,0,0
CF203,20220218,20220218,112719500,11:27:20,21680,1803,23361,195355050,0,0,0
CF203,20220218,20220218,112720000,11:27:20,21680,1803,23361,195355050,0,0,0
CF203,20220218,20220218,112722500,11:27:22,21680,1803,23361,195355050,0,0,0
CF203,20220218,20220218,112723000,11:27:26,21680,1803,23361,195355050,0,0,0
CF203,20220218,20220218,112723500,11:27:27,21680,1803,23361,195355050,0,0,0
CF203,20220218,20220218,112724000,11:27:27,21680,1803,23361,195355050,0,0,0
CF203,20220218,20220218,112726500,11:27:27,21680,1803,23361,195355050,0,0,0
CF203,20220218,20220218,112727000,11:27:27,21680,1803,23361,195355050,0,0,0
CF203,20220218,20220218,112728000,11:27:28,21680,1803,23361,195355050,0,0,0
CF203,20220218,20220218,112728500,11:27:28,21680,1803,23361,195355050,0,0,0
CF203,20220218,20220218,112729500,11:27:29,21680,1803,23361,195355050,0,0,0
CF203,20220218,20220218,112730000,11:27:30,21680,1803,23361,195355050,0,0,0
CF203,20220218,20220218,112731000,11:27:32,21680,1803,23361,195355050,0,0,0
CF203,20220218,20220218,112731500,11:27:35,21680,1803,23361,195355050,0,0,0
CF203,20220218,20220218,112732000,11:27:35,21680,1803,23361,195355050,0,0,0
CF203,20220218,20220218,112732500,11:27:36,21680,1803,23361,195355050,0,0,0
CF203,20220218,20220218,112735500,11:27:36,21680,1803,23361,195355050,0,0,0
CF203,20220218,20220218,112736000,11:27:36,21680,1803,23361,195355050,0,0,0
CF203,20220218,20220218,112737500,11:27:38,21680,1803,23361,195355050,0,0,0
CF203,20220218,20220218,112739000,11:27:39,21680,1803,23361,195355050,0,0,0
CF203,20220218,20220218,112739500,11:27:39,21680,1803,23361,195355050,0,0,0
CF203,20220218,20220218,112740000,11:27:40,21680,1804,23360,195463400,1,-1,108350
CF203,20220218,20220218,112740500,11:27:40,21680,1804,23360,195463400,0,0,0
CF203,20220218,20220218,112741000,11:27:41,21680,1804,23360,195463400,0,0,0
CF203,20220218,20220218,112742000,11:27:42,21680,1804,23360,195463400,0,0,0
CF203,20220218,20220218,112742500,11:27:43,21680,1804,23360,195463400,0,0,0
CF203,20220218,20220218,112743000,11:27:43,21680,1804,23360,195463400,0,0,0
CF203,20220218,20220218,112743500,11:27:43,21680,1804,23360,195463400,0,0,0
CF203,20220218,20220218,112744000,11:27:44,21680,1804,23360,195463400,0,0,0
CF203,20220218,20220218,112744500,11:27:45,21680,1804,23360,195463400,0,0,0
CF203,20220218,20220218,112745500,11:27:46,21680,1804,23360,195463400,0,0,0
CF203,20220218,20220218,112746000,11:27:46,21680,1804,23360,195463400,0,0,0
CF203,20220218,20220218,112747000,11:27:47,21680,1804,23360,195463400,0,0,0
CF203,20220218,20220218,112747500,11:27:47,21680,1804,23360,195463400,0,0,0
CF203,20220218,20220218,112748000,11:27:48,21680,1804,23360,195463400,0,0,0
CF203,20220218,20220218,112748500,11:27:54,21680,1804,23360,195463400,0,0,0
CF203,20220218,20220218,112749000,11:27:54,21680,1804,23360,195463400,0,0,0
CF203,20220218,20220218,112749500,11:27:54,21680,1804,23360,195463400,0,0,0
CF203,20220218,20220218,112754000,11:27:54,21680,1804,23360,195463400,0,0,0
CF203,20220218,20220218,112754500,11:27:55,21680,1804,23360,195463400,0,0,0
CF203,20220218,20220218,112757000,11:27:57,21680,1804,23360,195463400,0,0,0
CF203,20220218,20220218,112758000,11:27:58,21680,1804,23360,195463400,0,0,0
CF203,20220218,20220218,112758500,11:27:59,21680,1804,23360,195463400,0,0,0
CF203,20220218,20220218,112759000,11:27:59,21680,1804,23360,195463400,0,0,0
CF203,20220218,20220218,112759500,11:27:59,21680,1804,23360,195463400,0,0,0
CF203,20220218,20220218,112800000,11:28:00,21680,1804,23360,195463400,0,0,0
CF203,20220218,20220218,112801000,11:28:01,21680,1804,23360,195463400,0,0,0
CF203,20220218,20220218,112801500,11:28:02,21680,1804,23360,195463400,0,0,0
CF203,20220218,20220218,112802000,11:28:03,21680,1804,23360,195463400,0,0,0
CF203,20220218,20220218,112802500,11:28:03,21680,1804,23360,195463400,0,0,0
CF203,20220218,20220218,112803000,11:28:03,21680,1804,23360,195463400,0,0,0
CF203,20220218,20220218,112803500,11:28:04,21680,1804,23360,195463400,0,0,0
CF203,20220218,20220218,112804000,11:28:04,21680,1804,23360,195463400,0,0,0
CF203,20220218,20220218,112804500,11:28:05,21680,1804,23360,195463400,0,0,0
CF203,20220218,20220218,112805000,11:28:06,21680,1804,23360,195463400,0,0,0
CF203,20220218,20220218,112805500,11:28:06,21680,1804,23360,195463400,0,0,0
CF203,20220218,20220218,112806500,11:28:10,21680,1804,23360,195463400,0,0,0
CF203,20220218,20220218,112807000,11:28:10,21690,1805,23359,195571750,1,-1,108350
CF203,20220218,20220218,112807500,11:28:11,21690,1805,23359,195571750,0,0,0
CF203,20220218,20220218,112810000,11:28:11,21690,1805,23359,195571750,0,0,0
CF203,20220218,20220218,112810500,11:28:11,21690,1805,23359,195571750,0,0,0
CF203,20220218,20220218,112811000,11:28:12,21690,1805,23359,195571750,0,0,0
CF203,20220218,20220218,112811500,11:28:12,21690,1805,23359,195571750,0,0,0
CF203,20220218,20220218,112812000,11:28:12,21690,1805,23359,195571750,0,0,0
CF203,20220218,20220218,112812500,11:28:13,21690,1805,23359,195571750,0,0,0
CF203,20220218,20220218,112813000,11:28:13,21690,1805,23359,195571750,0,0,0
CF203,20220218,20220218,112813500,11:28:13,21685,1809,23355,196005150,4,-4,433400
CF203,20220218,20220218,112815000,11:28:15,21685,1809,23355,196005150,0,0,0
CF203,20220218,20220218,112815500,11:28:15,21685,1809,23355,196005150,0,0,0
CF203,20220218,20220218,112816000,11:28:16,21685,1809,23355,196005150,0,0,0
CF203,20220218,20220218,112816500,11:28:16,21685,1809,23355,196005150,0,0,0
CF203,20220218,20220218,112817000,11:28:17,21685,1809,23355,196005150,0,0,0
CF203,20220218,20220218,112817500,11:28:17,21685,1809,23355,196005150,0,0,0
CF203,20220218,20220218,112818000,11:28:18,21685,1809,23355,196005150,0,0,0
CF203,20220218,20220218,112818500,11:28:18,21685,1809,23355,196005150,0,0,0
CF203,20220218,20220218,112819000,11:28:19,21685,1809,23355,196005150,0,0,0
CF203,20220218,20220218,112819500,11:28:19,21685,1809,23355,196005150,0,0,0
CF203,20220218,20220218,112820000,11:28:20,21685,1809,23355,196005150,0,0,0
CF203,20220218,20220218,112820500,11:28:20,21685,1809,23355,196005150,0,0,0
CF203,20220218,20220218,112821000,11:28:21,21685,1809,23355,196005150,0,0,0
CF203,20220218,20220218,112821500,11:28:22,21685,1809,23355,196005150,0,0,0
CF203,20220218,20220218,112822000,11:28:22,21685,1809,23355,196005150,0,0,0
CF203,20220218,20220218,112823000,11:28:23,21685,1809,23355,196005150,0,0,0
CF203,20220218,20220218,112824000,11:28:24,21685,1809,23355,196005150,0,0,0
CF203,20220218,20220218,112824500,11:28:24,21685,1809,23355,196005150,0,0,0
CF203,20220218,20220218,112825000,11:28:25,21685,1809,23355,196005150,0,0,0
CF203,20220218,20220218,112825500,11:28:25,21685,1809,23355,196005150,0,0,0
CF203,20220218,20220218,112826000,11:28:26,21685,1809,23355,196005150,0,0,0
CF203,20220218,20220218,112827000,11:28:27,21685,1809,23355,196005150,0,0,0
CF203,20220218,20220218,112827500,11:28:27,21685,1809,23355,196005150,0,0,0
CF203,20220218,20220218,112828000,11:28:28,21685,1809,23355,196005150,0,0,0
CF203,20220218,20220218,112828500,11:28:28,21685,1809,23355,196005150,0,0,0
CF203,20220218,20220218,112829000,11:28:29,21685,1809,23355,196005150,0,0,0
CF203,20220218,20220218,112829500,11:28:29,21685,1809,23355,196005150,0,0,0
CF203,20220218,20220218,112830500,11:28:31,21685,1809,23355,196005150,0,0,0
CF203,20220218,20220218,112831000,11:28:31,21685,1809,23355,196005150,0,0,0
CF203,20220218,20220218,112832000,11:28:32,21685,1809,23355,196005150,0,0,0
CF203,20220218,20220218,112832500,11:28:33,21685,1809,23355,196005150,0,0,0
CF203,20220218,20220218,112833000,11:28:33,21685,1809,23355,196005150,0,0,0
CF203,20220218,20220218,112833500,11:28:33,21685,1809,23355,196005150,0,0,0
CF203,20220218,20220218,112835500,11:28:36,21685,1809,23355,196005150,0,0,0
CF203,20220218,20220218,112837000,11:28:37,21685,1809,23355,196005150,0,0,0
CF203,20220218,20220218,112837500,11:28:37,21685,1809,23355,196005150,0,0,0
CF203,20220218,20220218,112838000,11:28:38,21685,1809,23355,196005150,0,0,0
CF203,20220218,20220218,112838500,11:28:38,21685,1809,23355,196005150,0,0,0
CF203,20220218,20220218,112839000,11:28:39,21685,1809,23355,196005150,0,0,0
CF203,20220218,20220218,112839500,11:28:40,21685,1809,23355,196005150,0,0,0
CF203,20220218,20220218,112840500,11:28:40,21685,1809,23355,196005150,0,0,0
CF203,20220218,20220218,112841000,11:28:41,21685,1809,23355,196005150,0,0,0
CF203,20220218,20220218,112841500,11:28:41,21685,1809,23355,196005150,0,0,0
CF203,20220218,20220218,112842500,11:28:42,21685,1809,23355,196005150,0,0,0
CF203,20220218,20220218,112843000,11:28:43,21685,1809,23355,196005150,0,0,0
CF203,20220218,20220218,112844000,11:28:44,21685,1809,23355,196005150,0,0,0
CF203,20220218,20220218,112844500,11:28:44,21685,1809,23355,196005150,0,0,0
CF203,20220218,20220218,112845000,11:28:45,21685,1809,23355,196005150,0,0,0
CF203,20220218,20220218,112847000,11:28:47,21685,1809,23355,196005150,0,0,0
CF203,20220218,20220218,112848000,11:28:48,21685,1809,23355,196005150,0,0,0
CF203,20220218,20220218,112848500,11:28:48,21685,1809,23355,196005150,0,0,0
CF203,20220218,20220218,112850000,11:28:50,21685,1809,23355,196005150,0,0,0
CF203,20220218,20220218,112850500,11:28:50,21685,1809,23355,196005150,0,0,0
CF203,20220218,20220218,112851000,11:28:51,21685,1809,23355,196005150,0,0,0
CF203,20220218,20220218,112851500,11:28:51,21685,1809,23355,196005150,0,0,0
CF203,20220218,20220218,112852000,11:28:52,21685,1809,23355,196005150,0,0,0
CF203,20220218,20220218,112852500,11:28:53,21685,1809,23355,196005150,0,0,0
CF203,20220218,20220218,112853000,11:28:54,21685,1809,23355,196005150,0,0,0
CF203,20220218,20220218,112853500,11:28:54,21700,1812,23357,196330200,3,2,325050
CF203,20220218,20220218,112854000,11:28:54,21700,1812,23357,196330200,0,0,0
CF203,20220218,20220218,112854500,11:28:54,21700,1812,23357,196330200,0,0,0
CF203,20220218,20220218,112855000,11:28:55,21700,1812,23357,196330200,0,0,0
CF203,20220218,20220218,112855500,11:28:56,21700,1812,23357,196330200,0,0,0
CF203,20220218,20220218,112856000,11:28:56,21700,1812,23357,196330200,0,0,0
CF203,20220218,20220218,112856500,11:28:56,21700,1812,23357,196330200,0,0,0
CF203,20220218,20220218,112857000,11:28:57,21700,1812,23357,196330200,0,0,0
CF203,20220218,20220218,112858000,11:28:58,21700,1812,23357,196330200,0,0,0
CF203,20220218,20220218,112858500,11:28:59,21700,1812,23357,196330200,0,0,0
CF203,20220218,20220218,112859000,11:28:59,21700,1812,23357,196330200,0,0,0
CF203,20220218,20220218,112859500,11:29:00,21700,1816,23355,196763600,4,-2,433400
CF203,20220218,20220218,112900000,11:29:00,21700,1816,23355,196763600,0,0,0
CF203,20220218,20220218,112900500,11:29:01,21700,1816,23355,196763600,0,0,0
CF203,20220218,20220218,112901000,11:29:01,21700,1816,23355,196763600,0,0,0
CF203,20220218,20220218,112901500,11:29:01,21700,1816,23355,196763600,0,0,0
CF203,20220218,20220218,112902000,11:29:02,21700,1816,23355,196763600,0,0,0
CF203,20220218,20220218,112902500,11:29:03,21700,1816,23355,196763600,0,0,0
CF203,20220218,20220218,112903000,11:29:03,21700,1816,23355,196763600,0,0,0
CF203,20220218,20220218,112903500,11:29:03,21700,1816,23355,196763600,0,0,0
CF203,20220218,20220218,112904000,11:29:04,21700,1816,23355,196763600,0,0,0
CF203,20220218,20220218,112904500,11:29:04,21700,1816,23355,196763600,0,0,0
CF203,20220218,20220218,112905000,11:29:05,21700,1816,23355,196763600,0,0,0
CF203,20220218,20220218,112906000,11:29:06,21700,1816,23355,196763600,0,0,0
CF203,20220218,20220218,112906500,11:29:06,21700,1816,23355,196763600,0,0,0
CF203,20220218,20220218,112907000,11:29:07,21700,1816,23355,196763600,0,0,0
CF203,20220218,20220218,112907500,11:29:08,21700,1816,23355,196763600,0,0,0
CF203,20220218,20220218,112908000,11:29:08,21700,1816,23355,196763600,0,0,0
CF203,20220218,20220218,112908500,11:29:08,21700,1817,23355,196871950,1,0,108350
CF203,20220218,20220218,112909500,11:29:09,21700,1817,23355,196871950,0,0,0
CF203,20220218,20220218,112910000,11:29:10,21700,1817,23355,196871950,0,0,0
CF203,20220218,20220218,112910500,11:29:10,21700,1817,23355,196871950,0,0,0
CF203,20220218,20220218,112911000,11:29:11,21700,1817,23355,196871950,0,0,0
CF203,20220218,20220218,112911500,11:29:12,21700,1817,23355,196871950,0,0,0
CF203,20220218,20220218,112912000,11:29:12,21700,1817,23355,196871950,0,0,0
CF203,20220218,20220218,112912500,11:29:12,21700,1817,23355,196871950,0,0,0
CF203,20220218,20220218,112913000,11:29:13,21700,1817,23355,196871950,0,0,0
CF203,20220218,20220218,112913500,11:29:13,21700,1817,23355,196871950,0,0,0
CF203,20220218,20220218,112914000,11:29:14,21700,1817,23355,196871950,0,0,0
CF203,20220218,20220218,112916000,11:29:16,21700,1817,23355,196871950,0,0,0
CF203,20220218,20220218,112917000,11:29:20,21700,1817,23355,196871950,0,0,0
CF203,20220218,20220218,112917500,11:29:20,21700,1817,23355,196871950,0,0,0
CF203,20220218,20220218,112920500,11:29:21,21700,1817,23355,196871950,0,0,0
CF203,20220218,20220218,112921500,11:29:24,21700,1817,23355,196871950,0,0,0
CF203,20220218,20220218,112922000,11:29:24,21700,1817,23355,196871950,0,0,0
CF203,20220218,20220218,112922500,11:29:24,21700,1817,23355,196871950,0,0,0
CF203,20220218,20220218,112923500,11:29:24,21700,1817,23355,196871950,0,0,0
CF203,20220218,20220218,112924000,11:29:24,21700,1817,23355,196871950,0,0,0
CF203,20220218,20220218,112924500,11:29:24,21700,1817,23355,196871950,0,0,0
CF203,20220218,20220218,112925000,11:29:25,21700,1817,23355,196871950,0,0,0
CF203,20220218,20220218,112925500,11:29:25,21700,1817,23355,196871950,0,0,0
CF203,20220218,20220218,112926000,11:29:26,21700,1817,23355,196871950,0,0,0
CF203,20220218,20220218,112927000,11:29:27,21700,1817,23355,196871950,0,0,0
CF203,20220218,20220218,112927500,11:29:27,21700,1817,23355,196871950,0,0,0
CF203,20220218,20220218,112928500,11:29:28,21700,1817,23355,196871950,0,0,0
CF203,20220218,20220218,112929000,11:29:29,21700,1817,23355,196871950,0,0,0
CF203,20220218,20220218,112929500,11:29:29,21700,1817,23355,196871950,0,0,0
CF203,20220218,20220218,112930000,11:29:30,21700,1817,23355,196871950,0,0,0
CF203,20220218,20220218,112930500,11:29:30,21700,1817,23355,196871950,0,0,0
CF203,20220218,20220218,112931000,11:29:32,21700,1817,23355,196871950,0,0,0
CF203,20220218,20220218,112931500,11:29:32,21700,1817,23355,196871950,0,0,0
CF203,20220218,20220218,112932000,11:29:32,21700,1817,23355,196871950,0,0,0
CF203,20220218,20220218,112932500,11:29:36,21700,1817,23355,196871950,0,0,0
CF203,20220218,20220218,112933000,11:29:37,21700,1817,23355,196871950,0,0,0
CF203,20220218,20220218,112936500,11:29:38,21700,1817,23355,196871950,0,0,0
CF203,20220218,20220218,112937000,11:29:38,21700,1817,23355,196871950,0,0,0
CF203,20220218,20220218,112938500,11:29:39,21700,1817,23355,196871950,0,0,0
CF203,20220218,20220218,112939000,11:29:39,21700,1817,23355,196871950,0,0,0
CF203,20220218,20220218,112939500,11:29:39,21700,1817,23355,196871950,0,0,0
CF203,20220218,20220218,112940000,11:29:40,21700,1817,23355,196871950,0,0,0
CF203,20220218,20220218,112941000,11:29:41,21700,1817,23355,196871950,0,0,0
CF203,20220218,20220218,112941500,11:29:42,21700,1817,23355,196871950,0,0,0
CF203,20220218,20220218,112942000,11:29:42,21700,1817,23355,196871950,0,0,0
CF203,20220218,20220218,112942500,11:29:44,21700,1817,23355,196871950,0,0,0
CF203,20220218,20220218,112943000,11:29:45,21700,1817,23355,196871950,0,0,0
CF203,20220218,20220218,112943500,11:29:45,21700,1817,23355,196871950,0,0,0
CF203,20220218,20220218,112944500,11:29:45,21700,1817,23355,196871950,0,0,0
CF203,20220218,20220218,112945000,11:29:46,21700,1817,23355,196871950,0,0,0
CF203,20220218,20220218,112945500,11:29:46,21700,1817,23355,196871950,0,0,0
CF203,20220218,20220218,112946000,11:29:46,21700,1817,23355,196871950,0,0,0
CF203,20220218,20220218,112947000,11:29:47,21700,1817,23355,196871950,0,0,0
CF203,20220218,20220218,112947500,11:29:48,21700,1817,23355,196871950,0,0,0
CF203,20220218,20220218,112948000,11:29:48,21700,1817,23355,196871950,0,0,0
CF203,20220218,20220218,112948500,11:29:49,21700,1817,23355,196871950,0,0,0
CF203,20220218,20220218,112949000,11:29:50,21700,1817,23355,196871950,0,0,0
CF203,20220218,20220218,112949500,11:29:50,21700,1817,23355,196871950,0,0,0
CF203,20220218,20220218,112950000,11:29:51,21700,1817,23355,196871950,0,0,0
CF203,20220218,20220218,112951500,11:29:52,21700,1817,23355,196871950,0,0,0
CF203,20220218,20220218,112952000,11:29:52,21700,1817,23355,196871950,0,0,0
CF203,20220218,20220218,112953000,11:29:53,21700,1817,23355,196871950,0,0,0
CF203,20220218,20220218,112953500,11:29:54,21700,1817,23355,196871950,0,0,0
CF203,20220218,20220218,112954000,11:29:54,21700,1817,23355,196871950,0,0,0
CF203,20220218,20220218,112954500,11:29:54,21700,1817,23355,196871950,0,0,0
CF203,20220218,20220218,112955000,11:29:55,21700,1817,23355,196871950,0,0,0
CF203,20220218,20220218,112955500,11:29:55,21700,1817,23355,196871950,0,0,0
CF203,20220218,20220218,112956000,11:29:56,21700,1817,23355,196871950,0,0,0
CF203,20220218,20220218,112956500,11:30:00,21700,1817,23355,196871950,0,0,0
CF203,20220218,20220218,112957000,11:30:00,21700,1817,23355,196871950,0,0,0
CF203,20220218,20220218,112957500,11:30:02,21700,1817,23355,196871950,0,0,0
CF203,20220218,20220218,112959500,11:30:02,21700,1817,23355,196871950,0,0,0
CF203,20220218,20220218,113000500,11:30:03,21700,1817,23355,196871950,0,0,0
CF203,20220218,20220218,133000500,13:30:00,21700,1817,23355,196871950,0,0,0
CF203,20220218,20220218,133001000,13:30:01,21700,1817,23355,196871950,0,0,0
CF203,20220218,20220218,133001500,13:30:01,21700,1817,23355,196871950,0,0,0
CF203,20220218,20220218,133002000,13:30:08,21700,1817,23355,196871950,0,0,0
CF203,20220218,20220218,133002500,13:30:08,21700,1817,23355,196871950,0,0,0
CF203,20220218,20220218,133008500,13:30:10,21700,1817,23355,196871950,0,0,0
CF203,20220218,20220218,133009500,13:30:10,21700,1817,23355,196871950,0,0,0
CF203,20220218,20220218,133010000,13:30:11,21700,1817,23355,196871950,0,0,0
CF203,20220218,20220218,133010500,13:30:12,21700,1817,23355,196871950,0,0,0
CF203,20220218,20220218,133011000,13:30:12,21700,1817,23355,196871950,0,0,0
CF203,20220218,20220218,133011500,13:30:13,21700,1817,23355,196871950,0,0,0
CF203,20220218,20220218,133012500,13:30:13,21700,1817,23355,196871950,0,0,0
CF203,20220218,20220218,133013000,13:30:13,21700,1817,23355,196871950,0,0,0
CF203,20220218,20220218,133014000,13:30:15,21710,1821,23351,197305350,4,-4,433400
CF203,20220218,20220218,133014500,13:30:16,21710,1821,23351,197305350,0,0,0
CF203,20220218,20220218,133015000,13:30:17,21710,1821,23351,197305350,0,0,0
CF203,20220218,20220218,133016500,13:30:18,21710,1821,23351,197305350,0,0,0
CF203,20220218,20220218,133017000,13:30:18,21710,1821,23351,197305350,0,0,0
CF203,20220218,20220218,133017500,13:30:18,21710,1821,23351,197305350,0,0,0
CF203,20220218,20220218,133018000,13:30:19,21710,1821,23351,197305350,0,0,0
CF203,20220218,20220218,133018500,13:30:19,21710,1821,23351,197305350,0,0,0
CF203,20220218,20220218,133019000,13:30:20,21710,1821,23351,197305350,0,0,0
CF203,20220218,20220218,133019500,13:30:20,21710,1821,23351,197305350,0,0,0
CF203,20220218,20220218,133020000,13:30:21,21710,1821,23351,197305350,0,0,0
CF203,20220218,20220218,133020500,13:30:21,21710,1821,23351,197305350,0,0,0
CF203,20220218,20220218,133021000,13:30:21,21710,1821,23351,197305350,0,0,0
CF203,20220218,20220218,133022000,13:30:22,21710,1821,23351,197305350,0,0,0
CF203,20220218,20220218,133022500,13:30:38,21710,1821,23351,197305350,0,0,0
CF203,20220218,20220218,133023000,13:30:38,21710,1821,23351,197305350,0,0,0
CF203,20220218,20220218,133038000,13:30:40,21710,1821,23351,197305350,0,0,0
CF203,20220218,20220218,133038500,13:30:41,21710,1821,23351,197305350,0,0,0
CF203,20220218,20220218,133040500,13:30:42,21710,1821,23351,197305350,0,0,0
CF203,20220218,20220218,133042500,13:30:44,21710,1821,23351,197305350,0,0,0
CF203,20220218,20220218,133043000,13:30:44,21710,1821,23351,197305350,0,0,0
CF203,20220218,20220218,133043500,13:30:44,21710,1821,23351,197305350,0,0,0
CF203,20220218,20220218,133044500,13:30:45,21710,1821,23351,197305350,0,0,0
CF203,20220218,20220218,133045000,13:30:46,21710,1821,23351,197305350,0,0,0
CF203,20220218,20220218,133046000,13:30:47,21710,1821,23351,197305350,0,0,0
CF203,20220218,20220218,133046500,13:30:47,21710,1821,23351,197305350,0,0,0
CF203,20220218,20220218,133047000,13:30:47,21710,1821,23351,197305350,0,0,0
CF203,20220218,20220218,133047500,13:30:48,21710,1821,23351,197305350,0,0,0
CF203,20220218,20220218,133048500,13:30:49,21710,1821,23351,197305350,0,0,0
CF203,20220218,20220218,133049000,13:30:50,21710,1821,23351,197305350,0,0,0
CF203,20220218,20220218,133049500,13:30:50,21710,1821,23351,197305350,0,0,0
CF203,20220218,20220218,133050000,13:30:50,21710,1821,23351,197305350,0,0,0
CF203,20220218,20220218,133051000,13:30:52,21710,1821,23351,197305350,0,0,0
CF203,20220218,20220218,133051500,13:30:52,21710,1821,23351,197305350,0,0,0
CF203,20220218,20220218,133052000,13:30:52,21710,1821,23351,197305350,0,0,0
CF203,20220218,20220218,133052500,13:30:53,21710,1821,23351,197305350,0,0,0
CF203,20220218,20220218,133053000,13:30:54,21710,1821,23351,197305350,0,0,0
CF203,20220218,20220218,133054000,13:30:54,21710,1821,23351,197305350,0,0,0
CF203,20220218,20220218,133054500,13:30:55,21710,1821,23351,197305350,0,0,0
CF203,20220218,20220218,133055000,13:30:55,21710,1821,23351,197305350,0,0,0
CF203,20220218,20220218,133055500,13:30:56,21710,1821,23351,197305350,0,0,0
CF203,20220218,20220218,133056500,13:30:57,21710,1821,23351,197305350,0,0,0
CF203,20220218,20220218,133057000,13:30:57,21710,1821,23351,197305350,0,0,0
CF203,20220218,20220218,133059000,13:30:59,21710,1821,23351,197305350,0,0,0
CF203,20220218,20220218,133059500,13:30:59,21710,1821,23351,197305350,0,0,0
CF203,20220218,20220218,133100000,13:31:00,21710,1821,23351,197305350,0,0,0
CF203,20220218,20220218,133101500,13:31:01,21710,1821,23351,197305350,0,0,0
CF203,20220218,20220218,133102000,13:31:02,21710,1821,23351,197305350,0,0,0
CF203,20220218,20220218,133102500,13:31:02,21710,1821,23351,197305350,0,0,0
CF203,20220218,20220218,133103000,13:31:03,21710,1821,23351,197305350,0,0,0
CF203,20220218,20220218,133103500,13:31:04,21710,1821,23351,197305350,0,0,0
CF203,20220218,20220218,133104000,13:31:06,21710,1821,23351,197305350,0,0,0
CF203,20220218,20220218,133104500,13:31:06,21710,1821,23351,197305350,0,0,0
CF203,20220218,20220218,133105500,13:31:07,21710,1821,23351,197305350,0,0,0
CF203,20220218,20220218,133107500,13:31:08,21710,1821,23351,197305350,0,0,0
CF203,20220218,20220218,133108500,13:31:09,21710,1821,23351,197305350,0,0,0
CF203,20220218,20220218,133109000,13:31:09,21710,1821,23351,197305350,0,0,0
CF203,20220218,20220218,133109500,13:31:10,21710,1821,23351,197305350,0,0,0
CF203,20220218,20220218,133110000,13:31:11,21710,1821,23351,197305350,0,0,0
CF203,20220218,20220218,133110500,13:31:11,21710,1821,23351,197305350,0,0,0
CF203,20220218,20220218,133111500,13:31:12,21710,1821,23351,197305350,0,0,0
CF203,20220218,20220218,133112000,13:31:12,21710,1821,23351,197305350,0,0,0
CF203,20220218,20220218,133112500,13:31:13,21710,1821,23351,197305350,0,0,0
CF203,20220218,20220218,133113000,13:31:13,21710,1821,23351,197305350,0,0,0
CF203,20220218,20220218,133114000,13:31:15,21710,1821,23351,197305350,0,0,0
CF203,20220218,20220218,133115000,13:31:15,21710,1821,23351,197305350,0,0,0
CF203,20220218,20220218,133115500,13:31:15,21710,1821,23351,197305350,0,0,0
CF203,20220218,20220218,133116000,13:31:16,21710,1821,23351,197305350,0,0,0
CF203,20220218,20220218,133116500,13:31:17,21710,1821,23351,197305350,0,0,0
CF203,20220218,20220218,133117000,13:31:17,21710,1821,23351,197305350,0,0,0
CF203,20220218,20220218,133117500,13:31:18,21710,1821,23351,197305350,0,0,0
CF203,20220218,20220218,133118000,13:31:18,21710,1821,23351,197305350,0,0,0
CF203,20220218,20220218,133119000,13:31:19,21710,1821,23351,197305350,0,0,0
CF203,20220218,20220218,133119500,13:31:20,21710,1821,23351,197305350,0,0,0
CF203,20220218,20220218,133120000,13:31:20,21710,1821,23351,197305350,0,0,0
CF203,20220218,20220218,133122000,13:31:22,21710,1821,23351,197305350,0,0,0
CF203,20220218,20220218,133122500,13:31:23,21710,1821,23351,197305350,0,0,0
CF203,20220218,20220218,133123500,13:31:25,21710,1821,23351,197305350,0,0,0
CF203,20220218,20220218,133124000,13:31:25,21710,1821,23351,197305350,0,0,0
CF203,20220218,20220218,133156000,13:31:56,21710,1821,23351,197305350,0,0,0
CF203,20220218,20220218,133158500,13:31:58,21710,1821,23351,197305350,0,0,0
CF203,20220218,20220218,133159500,13:32:00,21710,1821,23351,197305350,0,0,0
CF203,20220218,20220218,133200000,13:32:00,21710,1821,23351,197305350,0,0,0
CF203,20220218,20220218,133200500,13:32:01,21710,1821,23351,197305350,0,0,0
CF203,20220218,20220218,133201000,13:32:01,21710,1821,23351,197305350,0,0,0
CF203,20220218,20220218,133201500,13:32:01,21710,1821,23351,197305350,0,0,0
CF203,20220218,20220218,133202000,13:32:03,21710,1821,23351,197305350,0,0,0
CF203,20220218,20220218,133202500,13:32:03,21710,1821,23351,197305350,0,0,0
CF203,20220218,20220218,133203000,13:32:04,21730,1822,23351,197413700,1,0,108350
CF203,20220218,20220218,133203500,13:32:05,21730,1822,23351,197413700,0,0,0
CF203,20220218,20220218,133204000,13:32:05,21730,1822,23351,197413700,0,0,0
CF203,20220218,20220218,133205000,13:32:05,21730,1822,23351,197413700,0,0,0
CF203,20220218,20220218,133205500,13:32:06,21730,1822,23351,197413700,0,0,0
CF203,20220218,20220218,133206000,13:32:06,21730,1822,23351,197413700,0,0,0
CF203,20220218,20220218,133206500,13:32:07,21730,1822,23351,197413700,0,0,0
CF203,20220218,20220218,133207000,13:32:07,21730,1822,23351,197413700,0,0,0
CF203,20220218,20220218,133207500,13:32:07,21730,1822,23351,197413700,0,0,0
CF203,20220218,20220218,133208000,13:32:09,21730,1822,23351,197413700,0,0,0
CF203,20220218,20220218,133208500,13:32:10,21730,1822,23351,197413700,0,0,0
CF203,20220218,20220218,133209000,13:32:10,21730,1822,23351,197413700,0,0,0
CF203,20220218,20220218,133209500,13:32:10,21730,1822,23351,197413700,0,0,0
CF203,20220218,20220218,133210000,13:32:10,21730,1822,23351,197413700,0,0,0
CF203,20220218,20220218,133210500,13:32:13,21730,1822,23351,197413700,0,0,0
CF203,20220218,20220218,133211000,13:32:14,21730,1822,23351,197413700,0,0,0
CF203,20220218,20220218,133213000,13:32:15,21730,1822,23351,197413700,0,0,0
CF203,20220218,20220218,133213500,13:32:15,21730,1822,23351,197413700,0,0,0
CF203,20220218,20220218,133214000,13:32:15,21730,1822,23351,197413700,0,0,0
CF203,20220218,20220218,133214500,13:32:16,21730,1822,23351,197413700,0,0,0
CF203,20220218,20220218,133217000,13:32:17,21730,1822,23351,197413700,0,0,0
CF203,20220218,20220218,133217500,13:32:18,21730,1822,23351,197413700,0,0,0
CF203,20220218,20220218,133218000,13:32:18,21730,1822,23351,197413700,0,0,0
CF203,20220218,20220218,133218500,13:32:18,21730,1822,23351,197413700,0,0,0
CF203,20220218,20220218,133219500,13:32:20,21730,1822,23351,197413700,0,0,0
CF203,20220218,20220218,133220000,13:32:20,21730,1822,23351,197413700,0,0,0
CF203,20220218,20220218,133220500,13:32:21,21730,1822,23351,197413700,0,0,0
CF203,20220218,20220218,133221000,13:32:21,21730,1822,23351,197413700,0,0,0
CF203,20220218,20220218,133221500,13:32:22,21730,1822,23351,197413700,0,0,0
CF203,20220218,20220218,133222000,13:32:22,21730,1822,23351,197413700,0,0,0
CF203,20220218,20220218,133222500,13:32:23,21730,1822,23351,197413700,0,0,0
CF203,20220218,20220218,133223000,13:32:24,21730,1822,23351,197413700,0,0,0
CF203,20220218,20220218,133223500,13:32:24,21730,1822,23351,197413700,0,0,0
CF203,20220218,20220218,133224000,13:32:24,21730,1822,23351,197413700,0,0,0
CF203,20220218,20220218,133225000,13:32:25,21730,1822,23351,197413700,0,0,0
CF203,20220218,20220218,133225500,13:32:25,21730,1822,23351,197413700,0,0,0
CF203,20220218,20220218,133226000,13:32:27,21730,1822,23351,197413700,0,0,0
CF203,20220218,20220218,133227000,13:32:27,21730,1822,23351,197413700,0,0,0
CF203,20220218,20220218,133227500,13:32:27,21730,1822,23351,197413700,0,0,0
CF203,20220218,20220218,133228000,13:32:32,21730,1822,23351,197413700,0,0,0
CF203,20220218,20220218,133228500,13:32:32,21730,1822,23351,197413700,0,0,0
CF203,20220218,20220218,133232000,13:32:34,21730,1822,23351,197413700,0,0,0
CF203,20220218,20220218,133232500,13:32:35,21730,1822,23351,197413700,0,0,0
CF203,20220218,20220218,133234500,13:32:35,21730,1822,23351,197413700,0,0,0
CF203,20220218,20220218,133235500,13:32:36,21730,1822,23351,197413700,0,0,0
CF203,20220218,20220218,133236000,13:32:36,21730,1822,23351,197413700,0,0,0
CF203,20220218,20220218,133236500,13:32:37,21730,1822,23351,197413700,0,0,0
CF203,20220218,20220218,133237000,13:32:37,21730,1822,23351,197413700,0,0,0
CF203,20220218,20220218,133237500,13:32:37,21730,1822,23351,197413700,0,0,0
CF203,20220218,20220218,133238000,13:32:38,21730,1822,23351,197413700,0,0,0
CF203,20220218,20220218,133238500,13:32:39,21730,1822,23351,197413700,0,0,0
CF203,20220218,20220218,133239000,13:32:39,21730,1822,23351,197413700,0,0,0
CF203,20220218,20220218,133243000,13:32:43,21740,1823,23351,197522050,1,0,108350
CF203,20220218,20220218,133243500,13:32:43,21740,1823,23351,197522050,0,0,0
CF203,20220218,20220218,133244000,13:32:44,21740,1823,23351,197522050,0,0,0
CF203,20220218,20220218,133244500,13:32:45,21740,1823,23351,197522050,0,0,0
CF203,20220218,20220218,133245000,13:32:45,21740,1823,23351,197522050,0,0,0
CF203,20220218,20220218,133246000,13:32:46,21740,1823,23351,197522050,0,0,0
CF203,20220218,20220218,133246500,13:32:47,21740,1823,23351,197522050,0,0,0
CF203,20220218,20220218,133247500,13:32:48,21740,1823,23351,197522050,0,0,0
CF203,20220218,20220218,133248000,13:32:48,21740,1823,23351,197522050,0,0,0
CF203,20220218,20220218,133248500,13:32:49,21740,1823,23351,197522050,0,0,0
CF203,20220218,20220218,133249000,13:32:49,21740,1823,23351,197522050,0,0,0
CF203,20220218,20220218,133249500,13:32:49,21740,1823,23351,197522050,0,0,0
CF203,20220218,20220218,133250000,13:32:50,21740,1823,23351,197522050,0,0,0
CF203,20220218,20220218,133251000,13:32:52,21740,1823,23351,197522050,0,0,0
CF203,20220218,20220218,133251500,13:32:53,21740,1823,23351,197522050,0,0,0
CF203,20220218,20220218,133252000,13:32:53,21740,1823,23351,197522050,0,0,0
CF203,20220218,20220218,133252500,13:32:53,21740,1823,23351,197522050,0,0,0
CF203,20220218,20220218,133253000,13:32:53,21740,1823,23351,197522050,0,0,0
CF203,20220218,20220218,133253500,13:32:53,21740,1823,23351,197522050,0,0,0
CF203,20220218,20220218,133254000,13:32:54,21740,1823,23351,197522050,0,0,0
CF203,20220218,20220218,133254500,13:32:55,21740,1823,23351,197522050,0,0,0
CF203,20220218,20220218,133255000,13:32:55,21740,1823,23351,197522050,0,0,0
CF203,20220218,20220218,133256000,13:32:56,21740,1823,23351,197522050,0,0,0
CF203,20220218,20220218,133256500,13:32:56,21740,1823,23351,197522050,0,0,0
CF203,20220218,20220218,133257500,13:33:00,21740,1823,23351,197522050,0,0,0
CF203,20220218,20220218,133258000,13:33:00,21740,1823,23351,197522050,0,0,0
CF203,20220218,20220218,133258500,13:33:00,21740,1823,23351,197522050,0,0,0
CF203,20220218,20220218,133259500,13:33:00,21740,1823,23351,197522050,0,0,0
CF203,20220218,20220218,133300000,13:33:01,21740,1823,23351,197522050,0,0,0
CF203,20220218,20220218,133300500,13:33:01,21740,1823,23351,197522050,0,0,0
CF203,20220218,20220218,133301000,13:33:02,21740,1823,23351,197522050,0,0,0
CF203,20220218,20220218,133301500,13:33:02,21740,1823,23351,197522050,0,0,0
CF203,20220218,20220218,133302000,13:33:03,21740,1823,23351,197522050,0,0,0
CF203,20220218,20220218,133302500,13:33:03,21740,1823,23351,197522050,0,0,0
CF203,20220218,20220218,133303000,13:33:03,21740,1823,23351,197522050,0,0,0
CF203,20220218,20220218,133304000,13:33:04,21740,1823,23351,197522050,0,0,0
CF203,20220218,20220218,133304500,13:33:05,21740,1823,23351,197522050,0,0,0
CF203,20220218,20220218,133305500,13:33:05,21740,1823,23351,197522050,0,0,0
CF203,20220218,20220218,133306000,13:33:06,21740,1823,23351,197522050,0,0,0
CF203,20220218,20220218,133306500,13:33:06,21740,1823,23351,197522050,0,0,0
CF203,20220218,20220218,133307000,13:33:07,21740,1823,23351,197522050,0,0,0
CF203,20220218,20220218,133307500,13:33:08,21740,1823,23351,197522050,0,0,0
CF203,20220218,20220218,133308000,13:33:08,21740,1823,23351,197522050,0,0,0
CF203,20220218,20220218,133308500,13:33:08,21740,1823,23351,197522050,0,0,0
CF203,20220218,20220218,133309000,13:33:09,21735,1824,23350,197630400,1,-1,108350
CF203,20220218,20220218,133309500,13:33:10,21735,1824,23350,197630400,0,0,0
CF203,20220218,20220218,133310000,13:33:11,21735,1824,23350,197630400,0,0,0
CF203,20220218,20220218,133310500,13:33:12,21735,1824,23350,197630400,0,0,0
CF203,20220218,20220218,133311000,13:33:12,21735,1824,23350,197630400,0,0,0
CF203,20220218,20220218,133311500,13:33:14,21735,1824,23350,197630400,0,0,0
CF203,20220218,20220218,133312000,13:33:14,21735,1824,23350,197630400,0,0,0
CF203,20220218,20220218,133312500,13:33:14,21735,1824,23350,197630400,0,0,0
CF203,20220218,20220218,133313500,13:33:14,21735,1824,23350,197630400,0,0,0
CF203,20220218,20220218,133314000,13:33:17,21735,1824,23350,197630400,0,0,0
CF203,20220218,20220218,133314500,13:33:17,21735,1824,23350,197630400,0,0,0
CF203,20220218,20220218,133315000,13:33:18,21735,1824,23350,197630400,0,0,0
CF203,20220218,20220218,133315500,13:33:18,21735,1824,23350,197630400,0,0,0
CF203,20220218,20220218,133317500,13:33:18,21735,1824,23350,197630400,0,0,0
CF203,20220218,20220218,133318000,13:33:19,21735,1824,23350,197630400,0,0,0
CF203,20220218,20220218,133318500,13:33:19,21735,1824,23350,197630400,0,0,0
CF203,20220218,20220218,133319000,13:33:20,21735,1824,23350,197630400,0,0,0
CF203,20220218,20220218,133319500,13:33:20,21735,1824,23350,197630400,0,0,0
CF203,20220218,20220218,133320500,13:33:21,21735,1824,23350,197630400,0,0,0
CF203,20220218,20220218,133321000,13:33:22,21735,1824,23350,197630400,0,0,0
CF203,20220218,20220218,133321500,13:33:22,21735,1824,23350,197630400,0,0,0
CF203,20220218,20220218,133322000,13:33:22,21735,1824,23350,197630400,0,0,0
CF203,20220218,20220218,133322500,13:33:22,21735,1824,23350,197630400,0,0,0
CF203,20220218,20220218,133323000,13:33:23,21735,1824,23350,197630400,0,0,0
CF203,20220218,20220218,133323500,13:33:24,21735,1824,23350,197630400,0,0,0
CF203,20220218,20220218,133325000,13:33:26,21735,1824,23350,197630400,0,0,0
CF203,20220218,20220218,133326500,13:33:29,21735,1824,23350,197630400,0,0,0
CF203,20220218,20220218,133327500,13:33:29,21735,1824,23350,197630400,0,0,0
CF203,20220218,20220218,133329000,13:33:30,21735,1824,23350,197630400,0,0,0
CF203,20220218,20220218,133330000,13:33:30,21735,1824,23350,197630400,0,0,0
CF203,20220218,20220218,133330500,13:33:31,21735,1824,23350,197630400,0,0,0
CF203,20220218,20220218,133331000,13:33:32,21735,1824,23350,197630400,0,0,0
CF203,20220218,20220218,133331500,13:33:32,21735,1824,23350,197630400,0,0,0
CF203,20220218,20220218,133333000,13:33:33,21735,1824,23350,197630400,0,0,0
CF203,20220218,20220218,133333500,13:33:33,21735,1824,23350,197630400,0,0,0
CF203,20220218,20220218,133334500,13:33:34,21730,1826,23348,197847100,2,-2,216700
CF203,20220218,20220218,133335000,13:33:35,21730,1826,23348,197847100,0,0,0
CF203,20220218,20220218,133336000,13:33:36,21730,1826,23348,197847100,0,0,0
CF203,20220218,20220218,133337500,13:33:37,21730,1826,23348,197847100,0,0,0
CF203,20220218,20220218,133338000,13:33:38,21730,1826,23348,197847100,0,0,0
CF203,20220218,20220218,133338500,13:33:39,21730,1826,23348,197847100,0,0,0
CF203,20220218,20220218,133339000,13:33:39,21730,1826,23348,197847100,0,0,0
CF203,20220218,20220218,133339500,13:33:40,21730,1826,23348,197847100,0,0,0
CF203,20220218,20220218,133340000,13:33:40,21730,1826,23348,197847100,0,0,0
CF203,20220218,20220218,133340500,13:33:40,21730,1826,23348,197847100,0,0,0
CF203,20220218,20220218,133341000,13:33:41,21730,1826,23348,197847100,0,0,0
CF203,20220218,20220218,133341500,13:33:42,21730,1826,23348,197847100,0,0,0
CF203,20220218,20220218,133342500,13:33:42,21730,1826,23348,197847100,0,0,0
CF203,20220218,20220218,133343000,13:33:43,21730,1826,23348,197847100,0,0,0
CF203,20220218,20220218,133343500,13:33:44,21730,1826,23348,197847100,0,0,0
CF203,20220218,20220218,133344000,13:33:44,21730,1826,23348,197847100,0,0,0
CF203,20220218,20220218,133344500,13:33:45,21730,1826,23348,197847100,0,0,0
CF203,20220218,20220218,133345000,13:33:45,21730,1826,23348,197847100,0,0,0
CF203,20220218,20220218,133345500,13:33:45,21730,1826,23348,197847100,0,0,0
CF203,20220218,20220218,133346000,13:33:47,21730,1826,23348,197847100,0,0,0
CF203,20220218,20220218,133347500,13:33:49,21730,1826,23348,197847100,0,0,0
CF203,20220218,20220218,133348000,13:33:49,21730,1826,23348,197847100,0,0,0
CF203,20220218,20220218,133348500,13:33:49,21730,1826,23348,197847100,0,0,0
CF203,20220218,20220218,133349000,13:33:50,21730,1826,23348,197847100,0,0,0
CF203,20220218,20220218,133350500,13:33:50,21730,1826,23348,197847100,0,0,0
CF203,20220218,20220218,133351500,13:33:51,21730,1826,23348,197847100,0,0,0
CF203,20220218,20220218,133352000,13:33:52,21730,1826,23348,197847100,0,0,0
CF203,20220218,20220218,133353500,13:33:53,21730,1826,23348,197847100,0,0,0
CF203,20220218,20220218,133354000,13:33:54,21730,1826,23348,197847100,0,0,0
CF203,20220218,20220218,133354500,13:33:54,21730,1826,23348,197847100,0,0,0
CF203,20220218,20220218,133356000,13:33:56,21730,1826,23348,197847100,0,0,0
CF203,20220218,20220218,133356500,13:33:57,21730,1826,23348,197847100,0,0,0
CF203,20220218,20220218,133357000,13:33:57,21730,1826,23348,197847100,0,0,0
CF203,20220218,20220218,133358500,13:33:58,21730,1826,23348,197847100,0,0,0
CF203,20220218,20220218,133359000,13:33:59,21730,1826,23348,197847100,0,0,0
CF203,20220218,20220218,133400000,13:34:00,21730,1826,23348,197847100,0,0,0
CF203,20220218,20220218,133400500,13:34:00,21730,1826,23348,197847100,0,0,0
CF203,20220218,20220218,133401000,13:34:01,21730,1826,23348,197847100,0,0,0
CF203,20220218,20220218,133401500,13:34:02,21730,1826,23348,197847100,0,0,0
CF203,20220218,20220218,133402000,13:34:02,21730,1826,23348,197847100,0,0,0
CF203,20220218,20220218,133403000,13:34:10,21730,1826,23348,197847100,0,0,0
CF203,20220218,20220218,133408000,13:34:11,21730,1826,23348,197847100,0,0,0
CF203,20220218,20220218,133411000,13:34:12,21730,1826,23348,197847100,0,0,0
CF203,20220218,20220218,133411500,13:34:12,21730,1826,23348,197847100,0,0,0
CF203,20220218,20220218,133412000,13:34:12,21730,1826,23348,197847100,0,0,0
CF203,20220218,20220218,133412500,13:34:13,21730,1826,23348,197847100,0,0,0
CF203,20220218,20220218,133413000,13:34:13,21730,1826,23348,197847100,0,0,0
CF203,20220218,20220218,133413500,13:34:14,21730,1826,23348,197847100,0,0,0
CF203,20220218,20220218,133414000,13:34:14,21730,1826,23348,197847100,0,0,0
CF203,20220218,20220218,133414500,13:34:14,21730,1826,23348,197847100,0,0,0
CF203,20220218,20220218,133415000,13:34:15,21730,1826,23348,197847100,0,0,0
CF203,20220218,20220218,133415500,13:34:16,21730,1826,23348,197847100,0,0,0
CF203,20220218,20220218,133416000,13:34:16,21730,1826,23348,197847100,0,0,0
CF203,20220218,20220218,133416500,13:34:16,21730,1826,23348,197847100,0,0,0
CF203,20220218,20220218,133418000,13:34:18,21730,1826,23348,197847100,0,0,0
CF203,20220218,20220218,133419000,13:34:19,21730,1826,23348,197847100,0,0,0
CF203,20220218,20220218,133419500,13:34:20,21730,1826,23348,197847100,0,0,0
CF203,20220218,20220218,133420000,13:34:20,21730,1826,23348,197847100,0,0,0
CF203,20220218,20220218,133421000,13:34:23,21730,1826,23348,197847100,0,0,0
CF203,20220218,20220218,133423500,13:34:24,21730,1826,23348,197847100,0,0,0
CF203,20220218,20220218,133424500,13:34:24,21730,1826,23348,197847100,0,0,0
CF203,20220218,20220218,133425500,13:34:25,21730,1826,23348,197847100,0,0,0
CF203,20220218,20220218,133426500,13:34:26,21730,1826,23348,197847100,0,0,0
CF203,20220218,20220218,133427500,13:34:27,21730,1826,23348,197847100,0,0,0
CF203,20220218,20220218,133428000,13:34:28,21730,1826,23348,197847100,0,0,0
CF203,20220218,20220218,133428500,13:34:28,21730,1826,23348,197847100,0,0,0
CF203,20220218,20220218,133429000,13:34:29,21730,1826,23348,197847100,0,0,0
CF203,20220218,20220218,133429500,13:34:29,21730,1826,23348,197847100,0,0,0
CF203,20220218,20220218,133430000,13:34:30,21730,1826,23348,197847100,0,0,0
CF203,20220218,20220218,133430500,13:34:30,21730,1826,23348,197847100,0,0,0
CF203,20220218,20220218,133431500,13:34:31,21730,1826,23348,197847100,0,0,0
CF203,20220218,20220218,133432000,13:34:32,21730,1826,23348,197847100,0,0,0
CF203,20220218,20220218,133432500,13:34:32,21730,1826,23348,197847100,0,0,0
CF203,20220218,20220218,133433000,13:34:33,21730,1826,23348,197847100,0,0,0
CF203,20220218,20220218,133433500,13:34:34,21730,1826,23348,197847100,0,0,0
CF203,20220218,20220218,133434000,13:34:34,21730,1826,23348,197847100,0,0,0
CF203,20220218,20220218,133434500,13:34:35,21730,1826,23348,197847100,0,0,0
CF203,20220218,20220218,133435000,13:34:35,21730,1826,23348,197847100,0,0,0
CF203,20220218,20220218,133435500,13:34:36,21730,1826,23348,197847100,0,0,0
CF203,20220218,20220218,133436000,13:34:36,21730,1826,23348,197847100,0,0,0
CF203,20220218,20220218,133436500,13:34:36,21730,1826,23348,197847100,0,0,0
CF203,20220218,20220218,133437000,13:34:37,21730,1826,23348,197847100,0,0,0
CF203,20220218,20220218,133438000,13:34:38,21730,1826,23348,197847100,0,0,0
CF203,20220218,20220218,133439000,13:34:39,21730,1826,23348,197847100,0,0,0
CF203,20220218,20220218,133439500,13:34:39,21730,1826,23348,197847100,0,0,0
CF203,20220218,20220218,133440500,13:34:41,21730,1826,23348,197847100,0,0,0
CF203,20220218,20220218,133441000,13:34:41,21730,1826,23348,197847100,0,0,0
CF203,20220218,20220218,133441500,13:34:41,21730,1826,23348,197847100,0,0,0
CF203,20220218,20220218,133442500,13:34:44,21730,1826,23348,197847100,0,0,0
CF203,20220218,20220218,133443000,13:34:44,21730,1826,23348,197847100,0,0,0
CF203,20220218,20220218,133444000,13:34:45,21730,1826,23348,197847100,0,0,0
CF203,20220218,20220218,133445000,13:34:46,21730,1826,23348,197847100,0,0,0
CF203,20220218,20220218,133446000,13:34:46,21730,1826,23348,197847100,0,0,0
CF203,20220218,20220218,133446500,13:34:47,21730,1826,23348,197847100,0,0,0
CF203,20220218,20220218,133447500,13:34:47,21730,1826,23348,197847100,0,0,0
CF203,20220218,20220218,133449500,13:34:49,21730,1826,23348,197847100,0,0,0
CF203,20220218,20220218,133450000,13:34:50,21730,1826,23348,197847100,0,0,0
CF203,20220218,20220218,133450500,13:34:51,21730,1826,23348,197847100,0,0,0
CF203,20220218,20220218,133451000,13:34:51,21730,1826,23348,197847100,0,0,0
CF203,20220218,20220218,133451500,13:34:51,21730,1826,23348,197847100,0,0,0
CF203,20220218,20220218,133452500,13:34:53,21730,1826,23348,197847100,0,0,0
CF203,20220218,20220218,133453000,13:34:53,21730,1826,23348,197847100,0,0,0
CF203,20220218,20220218,133453500,13:34:55,21730,1826,23348,197847100,0,0,0
CF203,20220218,20220218,133454000,13:34:56,21730,1826,23348,197847100,0,0,0
CF203,20220218,20220218,133454500,13:34:56,21730,1826,23348,197847100,0,0,0
CF203,20220218,20220218,133455000,13:34:56,21730,1826,23348,197847100,0,0,0
CF203,20220218,20220218,133457000,13:34:57,21730,1826,23348,197847100,0,0,0
CF203,20220218,20220218,133459500,13:34:59,21730,1826,23348,197847100,0,0,0
CF203,20220218,20220218,133500000,13:35:00,21730,1826,23348,197847100,0,0,0
CF203,20220218,20220218,133500500,13:35:00,21730,1826,23348,197847100,0,0,0
CF203,20220218,20220218,133501500,13:35:04,21730,1826,23348,197847100,0,0,0
CF203,20220218,20220218,133504000,13:35:10,21730,1826,23348,197847100,0,0,0
CF203,20220218,20220218,133510000,13:35:10,21730,1826,23348,197847100,0,0,0
CF203,20220218,20220218,133510500,13:35:11,21730,1826,23348,197847100,0,0,0
CF203,20220218,20220218,133511000,13:35:11,21730,1826,23348,197847100,0,0,0
CF203,20220218,20220218,133511500,13:35:11,21730,1826,23348,197847100,0,0,0
CF203,20220218,20220218,133512000,13:35:12,21730,1826,23348,197847100,0,0,0
CF203,20220218,20220218,133512500,13:35:13,21730,1826,23348,197847100,0,0,0
CF203,20220218,20220218,133513000,13:35:13,21730,1826,23348,197847100,0,0,0
CF203,20220218,20220218,133513500,13:35:14,21730,1826,23348,197847100,0,0,0
CF203,20220218,20220218,133514000,13:35:14,21730,1826,23348,197847100,0,0,0
CF203,20220218,20220218,133514500,13:35:14,21730,1826,23348,197847100,0,0,0
CF203,20220218,20220218,133515000,13:35:15,21730,1826,23348,197847100,0,0,0
CF203,20220218,20220218,133516500,13:35:16,21730,1826,23348,197847100,0,0,0
CF203,20220218,20220218,133517000,13:35:17,21730,1826,23348,197847100,0,0,0
CF203,20220218,20220218,133518000,13:35:18,21730,1826,23348,197847100,0,0,0
CF203,20220218,20220218,133518500,13:35:19,21730,1826,23348,197847100,0,0,0
CF203,20220218,20220218,133519000,13:35:19,21730,1826,23348,197847100,0,0,0
CF203,20220218,20220218,133519500,13:35:20,21730,1826,23348,197847100,0,0,0
CF203,20220218,20220218,133520000,13:35:20,21730,1826,23348,197847100,0,0,0
CF203,20220218,20220218,133520500,13:35:20,21730,1826,23348,197847100,0,0,0
CF203,20220218,20220218,133521000,13:35:21,21730,1826,23348,197847100,0,0,0
CF203,20220218,20220218,133522000,13:35:22,21730,1826,23348,197847100,0,0,0
CF203,20220218,20220218,133522500,13:35:23,21730,1826,23348,197847100,0,0,0
CF203,20220218,20220218,133523000,13:35:23,21730,1826,23348,197847100,0,0,0
CF203,20220218,20220218,133523500,13:35:23,21730,1826,23348,197847100,0,0,0
CF203,20220218,20220218,133524000,13:35:24,21730,1826,23348,197847100,0,0,0
CF203,20220218,20220218,133524500,13:35:25,21730,1826,23348,197847100,0,0,0
CF203,20220218,20220218,133525000,13:35:25,21730,1826,23348,197847100,0,0,0
CF203,20220218,20220218,133525500,13:35:26,21730,1826,23348,197847100,0,0,0
CF203,20220218,20220218,133526000,13:35:26,21730,1826,23348,197847100,0,0,0
CF203,20220218,20220218,133527000,13:35:27,21730,1826,23348,197847100,0,0,0
CF203,20220218,20220218,133527500,13:35:31,21730,1826,23348,197847100,0,0,0
CF203,20220218,20220218,133528500,13:35:32,21730,1826,23348,197847100,0,0,0
CF203,20220218,20220218,133531000,13:35:32,21730,1826,23348,197847100,0,0,0
CF203,20220218,20220218,133531500,13:35:37,21730,1826,23348,197847100,0,0,0
CF203,20220218,20220218,133532000,13:35:41,21730,1826,23348,197847100,0,0,0
CF203,20220218,20220218,133532500,13:35:42,21730,1826,23348,197847100,0,0,0
CF203,20220218,20220218,133540500,13:35:43,21730,1826,23348,197847100,0,0,0
CF203,20220218,20220218,133541000,13:35:43,21730,1826,23348,197847100,0,0,0
CF203,20220218,20220218,133542500,13:35:44,21730,1826,23348,197847100,0,0,0
CF203,20220218,20220218,133543500,13:35:44,21730,1826,23348,197847100,0,0,0
CF203,20220218,20220218,133544000,13:35:44,21730,1826,23348,197847100,0,0,0
CF203,20220218,20220218,133545000,13:35:45,21730,1826,23348,197847100,0,0,0
CF203,20220218,20220218,133545500,13:35:46,21730,1826,23348,197847100,0,0,0
CF203,20220218,20220218,133546500,13:35:46,21730,1826,23348,197847100,0,0,0
CF203,20220218,20220218,133548000,13:35:48,21730,1826,23348,197847100,0,0,0
CF203,20220218,20220218,133548500,13:35:48,21730,1826,23348,197847100,0,0,0
CF203,20220218,20220218,133549000,13:35:49,21730,1826,23348,197847100,0,0,0
CF203,20220218,20220218,133549500,13:35:49,21730,1826,23348,197847100,0,0,0
CF203,20220218,20220218,133551500,13:35:51,21730,1826,23348,197847100,0,0,0
CF203,20220218,20220218,133553500,13:35:55,21730,1826,23348,197847100,0,0,0
CF203,20220218,20220218,133554000,13:35:55,21730,1826,23348,197847100,0,0,0
CF203,20220218,20220218,133555500,13:35:56,21730,1826,23348,197847100,0,0,0
CF203,20220218,20220218,133556000,13:35:56,21730,1826,23348,197847100,0,0,0
CF203,20220218,20220218,133556500,13:35:56,21730,1826,23348,197847100,0,0,0
CF203,20220218,20220218,133557000,13:35:59,21730,1826,23348,197847100,0,0,0
CF203,20220218,20220218,133558000,13:36:01,21730,1826,23348,197847100,0,0,0
CF203,20220218,20220218,133558500,13:36:02,21730,1826,23348,197847100,0,0,0
CF203,20220218,20220218,133601500,13:36:03,21730,1826,23348,197847100,0,0,0
CF203,20220218,20220218,133602000,13:36:03,21730,1826,23348,197847100,0,0,0
CF203,20220218,20220218,133602500,13:36:03,21730,1826,23348,197847100,0,0,0
CF203,20220218,20220218,133603000,13:36:04,21730,1826,23348,197847100,0,0,0
CF203,20220218,20220218,133603500,13:36:05,21730,1826,23348,197847100,0,0,0
CF203,20220218,20220218,133604000,13:36:05,21730,1826,23348,197847100,0,0,0
CF203,20220218,20220218,133605000,13:36:06,21730,1826,23348,197847100,0,0,0
CF203,20220218,20220218,133606000,13:36:07,21730,1826,23348,197847100,0,0,0
CF203,20220218,20220218,133606500,13:36:07,21730,1826,23348,197847100,0,0,0
CF203,20220218,20220218,133607000,13:36:07,21730,1826,23348,197847100,0,0,0
CF203,20220218,20220218,133609000,13:36:09,21730,1826,23348,197847100,0,0,0
CF203,20220218,20220218,133609500,13:36:10,21730,1826,23348,197847100,0,0,0
CF203,20220218,20220218,133610000,13:36:10,21730,1826,23348,197847100,0,0,0
CF203,20220218,20220218,133610500,13:36:11,21730,1826,23348,197847100,0,0,0
CF203,20220218,20220218,133611000,13:36:12,21730,1826,23348,197847100,0,0,0
CF203,20220218,20220218,133611500,13:36:12,21730,1826,23348,197847100,0,0,0
CF203,20220218,20220218,133612000,13:36:12,21730,1826,23348,197847100,0,0,0
CF203,20220218,20220218,133612500,13:36:12,21730,1826,23348,197847100,0,0,0
CF203,20220218,20220218,133613000,13:36:13,21730,1826,23348,197847100,0,0,0
CF203,20220218,20220218,133613500,13:36:14,21730,1826,23348,197847100,0,0,0
CF203,20220218,20220218,133614500,13:36:14,21730,1826,23348,197847100,0,0,0
CF203,20220218,20220218,133615000,13:36:15,21730,1826,23348,197847100,0,0,0
CF203,20220218,20220218,133615500,13:36:15,21730,1826,23348,197847100,0,0,0
CF203,20220218,20220218,133616000,13:36:16,21730,1826,23348,197847100,0,0,0
CF203,20220218,20220218,133617000,13:36:17,21730,1826,23348,197847100,0,0,0
CF203,20220218,20220218,133618500,13:36:19,21730,1826,23348,197847100,0,0,0
CF203,20220218,20220218,133620500,13:36:20,21730,1826,23348,197847100,0,0,0
CF203,20220218,20220218,133621000,13:36:21,21730,1826,23348,197847100,0,0,0
CF203,20220218,20220218,133621500,13:36:21,21730,1826,23348,197847100,0,0,0
CF203,20220218,20220218,133622000,13:36:22,21730,1826,23348,197847100,0,0,0
CF203,20220218,20220218,133622500,13:36:22,21730,1826,23348,197847100,0,0,0
CF203,20220218,20220218,133623000,13:36:23,21730,1826,23348,197847100,0,0,0
CF203,20220218,20220218,133625000,13:36:25,21730,1826,23348,197847100,0,0,0
CF203,20220218,20220218,133626500,13:36:27,21730,1826,23348,197847100,0,0,0
CF203,20220218,20220218,133627500,13:36:28,21730,1826,23348,197847100,0,0,0
CF203,20220218,20220218,133628000,13:36:28,21730,1826,23348,197847100,0,0,0
CF203,20220218,20220218,133628500,13:36:29,21730,1826,23348,197847100,0,0,0
CF203,20220218,20220218,133629000,13:36:29,21730,1826,23348,197847100,0,0,0
CF203,20220218,20220218,133630500,13:36:31,21730,1826,23348,197847100,0,0,0
CF203,20220218,20220218,133633000,13:36:33,21730,1826,23348,197847100,0,0,0
CF203,20220218,20220218,133633500,13:36:33,21730,1826,23348,197847100,0,0,0
CF203,20220218,20220218,133634000,13:36:34,21730,1826,23348,197847100,0,0,0
CF203,20220218,20220218,133634500,13:36:35,21730,1826,23348,197847100,0,0,0
CF203,20220218,20220218,133635000,13:36:35,21730,1826,23348,197847100,0,0,0
CF203,20220218,20220218,133636500,13:36:36,21730,1826,23348,197847100,0,0,0
CF203,20220218,20220218,133637500,13:36:38,21730,1826,23348,197847100,0,0,0
CF203,20220218,20220218,133638000,13:36:38,21730,1826,23348,197847100,0,0,0
CF203,20220218,20220218,133638500,13:36:39,21730,1826,23348,197847100,0,0,0
CF203,20220218,20220218,133639000,13:36:39,21730,1826,23348,197847100,0,0,0
CF203,20220218,20220218,133639500,13:36:39,21730,1826,23348,197847100,0,0,0
CF203,20220218,20220218,133641000,13:36:41,21730,1826,23348,197847100,0,0,0
CF203,20220218,20220218,133642500,13:36:42,21730,1826,23348,197847100,0,0,0
CF203,20220218,20220218,133643500,13:36:44,21730,1826,23348,197847100,0,0,0
CF203,20220218,20220218,133645500,13:36:45,21730,1826,23348,197847100,0,0,0
CF203,20220218,20220218,133646000,13:36:46,21730,1826,23348,197847100,0,0,0
CF203,20220218,20220218,133646500,13:36:46,21730,1826,23348,197847100,0,0,0
CF203,20220218,20220218,133648000,13:36:48,21730,1826,23348,197847100,0,0,0
CF203,20220218,20220218,133648500,13:36:48,21730,1826,23348,197847100,0,0,0
CF203,20220218,20220218,133650000,13:36:50,21730,1826,23348,197847100,0,0,0
CF203,20220218,20220218,133650500,13:36:50,21730,1826,23348,197847100,0,0,0
CF203,20220218,20220218,133651500,13:36:51,21730,1826,23348,197847100,0,0,0
CF203,20220218,20220218,133652000,13:36:52,21730,1826,23348,197847100,0,0,0
CF203,20220218,20220218,133652500,13:36:53,21730,1826,23348,197847100,0,0,0
CF203,20220218,20220218,133653000,13:36:53,21730,1826,23348,197847100,0,0,0
CF203,20220218,20220218,133654000,13:36:54,21730,1826,23348,197847100,0,0,0
CF203,20220218,20220218,133656000,13:36:56,21730,1826,23348,197847100,0,0,0
CF203,20220218,20220218,133657000,13:36:58,21730,1826,23348,197847100,0,0,0
CF203,20220218,20220218,133700000,13:37:00,21730,1826,23348,197847100,0,0,0
CF203,20220218,20220218,133702000,13:37:02,21730,1826,23348,197847100,0,0,0
CF203,20220218,20220218,133702500,13:37:03,21730,1826,23348,197847100,0,0,0
CF203,20220218,20220218,133707500,13:37:08,21730,1826,23348,197847100,0,0,0
CF203,20220218,20220218,133712000,13:37:13,21730,1826,23348,197847100,0,0,0
CF203,20220218,20220218,133712500,13:37:13,21730,1826,23348,197847100,0,0,0
CF203,20220218,20220218,133715500,13:37:15,21730,1826,23348,197847100,0,0,0
CF203,20220218,20220218,133717500,13:37:18,21730,1826,23348,197847100,0,0,0
CF203,20220218,20220218,133720500,13:37:21,21730,1826,23348,197847100,0,0,0
CF203,20220218,20220218,133725500,13:37:25,21730,1826,23348,197847100,0,0,0
CF203,20220218,20220218,133728000,13:37:28,21730,1826,23348,197847100,0,0,0
CF203,20220218,20220218,133729000,13:37:29,21730,1826,23348,197847100,0,0,0
CF203,20220218,20220218,133729500,13:37:29,21730,1826,23348,197847100,0,0,0
CF203,20220218,20220218,133730000,13:37:30,21730,1826,23348,197847100,0,0,0
CF203,20220218,20220218,133734000,13:37:34,21730,1826,23348,197847100,0,0,0
CF203,20220218,20220218,133735500,13:37:35,21730,1826,23348,197847100,0,0,0
CF203,20220218,20220218,133737000,13:37:37,21730,1826,23348,197847100,0,0,0
CF203,20220218,20220218,133737500,13:37:37,21730,1826,23348,197847100,0,0,0
CF203,20220218,20220218,133738000,13:37:38,21730,1826,23348,197847100,0,0,0
CF203,20220218,20220218,133740000,13:37:40,21730,1826,23348,197847100,0,0,0
CF203,20220218,20220218,133744500,13:37:45,21730,1826,23348,197847100,0,0,0
CF203,20220218,20220218,133745500,13:37:45,21730,1826,23348,197847100,0,0,0
CF203,20220218,20220218,133746500,13:37:47,21730,1826,23348,197847100,0,0,0
CF203,20220218,20220218,133747500,13:37:48,21730,1826,23348,197847100,0,0,0
CF203,20220218,20220218,133750000,13:37:50,21730,1826,23348,197847100,0,0,0
CF203,20220218,20220218,133753000,13:37:54,21730,1826,23348,197847100,0,0,0
CF203,20220218,20220218,133755500,13:37:55,21730,1826,23348,197847100,0,0,0
CF203,20220218,20220218,133759000,13:38:00,21730,1826,23348,197847100,0,0,0
CF203,20220218,20220218,133800500,13:38:02,21730,1826,23348,197847100,0,0,0
CF203,20220218,20220218,133801000,13:38:02,21730,1826,23348,197847100,0,0,0
CF203,20220218,20220218,133802500,13:38:05,21730,1826,23348,197847100,0,0,0
CF203,20220218,20220218,133804500,13:38:06,21730,1826,23348,197847100,0,0,0
CF203,20220218,20220218,133806500,13:38:09,21730,1826,23348,197847100,0,0,0
CF203,20220218,20220218,133810000,13:38:10,21730,1826,23348,197847100,0,0,0
CF203,20220218,20220218,133810500,13:38:10,21730,1826,23348,197847100,0,0,0
CF203,20220218,20220218,133813500,13:38:15,21730,1826,23348,197847100,0,0,0
CF203,20220218,20220218,133814000,13:38:15,21730,1826,23348,197847100,0,0,0
CF203,20220218,20220218,133817000,13:38:18,21730,1826,23348,197847100,0,0,0
CF203,20220218,20220218,133818000,13:38:18,21730,1826,23348,197847100,0,0,0
CF203,20220218,20220218,133818500,13:38:18,21700,1827,23347,197955450,1,-1,108350
CF203,20220218,20220218,133819000,13:38:19,21700,1827,23347,197955450,0,0,0
CF203,20220218,20220218,133820000,13:38:20,21700,1827,23347,197955450,0,0,0
CF203,20220218,20220218,133820500,13:38:22,21700,1827,23347,197955450,0,0,0
CF203,20220218,20220218,133821000,13:38:22,21700,1827,23347,197955450,0,0,0
CF203,20220218,20220218,133821500,13:38:22,21700,1827,23347,197955450,0,0,0
CF203,20220218,20220218,133822000,13:38:23,21700,1827,23347,197955450,0,0,0
CF203,20220218,20220218,133823000,13:38:23,21700,1827,23347,197955450,0,0,0
CF203,20220218,20220218,133823500,13:38:24,21700,1827,23347,197955450,0,0,0
CF203,20220218,20220218,133840500,13:38:42,21700,1827,23347,197955450,0,0,0
CF203,20220218,20220218,133841000,13:38:43,21700,1827,23347,197955450,0,0,0
CF203,20220218,20220218,133841500,13:38:43,21700,1827,23347,197955450,0,0,0
CF203,20220218,20220218,133842500,13:38:43,21700,1827,23347,197955450,0,0,0
CF203,20220218,20220218,133844000,13:38:44,21700,1827,23347,197955450,0,0,0
CF203,20220218,20220218,133845500,13:38:45,21700,1827,23347,197955450,0,0,0
CF203,20220218,20220218,133854000,13:38:54,21700,1827,23347,197955450,0,0,0
CF203,20220218,20220218,133856500,13:38:56,21700,1827,23347,197955450,0,0,0
CF203,20220218,20220218,133857000,13:38:57,21700,1827,23347,197955450,0,0,0
CF203,20220218,20220218,133859500,13:38:59,21700,1827,23347,197955450,0,0,0
CF203,20220218,20220218,133901500,13:39:01,21700,1827,23347,197955450,0,0,0
CF203,20220218,20220218,133907500,13:39:07,21700,1827,23347,197955450,0,0,0
CF203,20220218,20220218,133911500,13:39:11,21700,1827,23347,197955450,0,0,0
CF203,20220218,20220218,133913500,13:39:13,21700,1827,23347,197955450,0,0,0
CF203,20220218,20220218,133914000,13:39:14,21700,1827,23347,197955450,0,0,0
CF203,20220218,20220218,133914500,13:39:15,21700,1827,23347,197955450,0,0,0
CF203,20220218,20220218,133918500,13:39:19,21700,1827,23347,197955450,0,0,0
CF203,20220218,20220218,133921000,13:39:21,21700,1827,23347,197955450,0,0,0
CF203,20220218,20220218,133924000,13:39:24,21700,1827,23347,197955450,0,0,0
CF203,20220218,20220218,133924500,13:39:24,21700,1827,23347,197955450,0,0,0
CF203,20220218,20220218,133925000,13:39:25,21700,1827,23347,197955450,0,0,0
CF203,20220218,20220218,133926000,13:39:26,21700,1827,23347,197955450,0,0,0
CF203,20220218,20220218,133929000,13:39:29,21700,1827,23347,197955450,0,0,0
CF203,20220218,20220218,133938000,13:39:38,21700,1827,23347,197955450,0,0,0
CF203,20220218,20220218,133943500,13:39:43,21700,1827,23347,197955450,0,0,0
CF203,20220218,20220218,133944500,13:39:44,21700,1827,23347,197955450,0,0,0
CF203,20220218,20220218,133945500,13:39:46,21700,1827,23347,197955450,0,0,0
CF203,20220218,20220218,133946000,13:39:46,21700,1827,23347,197955450,0,0,0
CF203,20220218,20220218,133948000,13:39:48,21700,1827,23347,197955450,0,0,0
CF203,20220218,20220218,133949000,13:39:49,21700,1827,23347,197955450,0,0,0
CF203,20220218,20220218,133949500,13:39:49,21700,1827,23347,197955450,0,0,0
CF203,20220218,20220218,133951500,13:39:51,21700,1827,23347,197955450,0,0,0
CF203,20220218,20220218,133955000,13:39:55,21700,1827,23347,197955450,0,0,0
CF203,20220218,20220218,133955500,13:39:55,21700,1827,23347,197955450,0,0,0
CF203,20220218,20220218,133956000,13:39:56,21700,1827,23347,197955450,0,0,0
CF203,20220218,20220218,134011000,13:40:13,21700,1827,23347,197955450,0,0,0
CF203,20220218,20220218,134013000,13:40:13,21700,1827,23347,197955450,0,0,0
CF203,20220218,20220218,134013500,13:40:13,21700,1827,23347,197955450,0,0,0
CF203,20220218,20220218,134014000,13:40:14,21700,1827,23347,197955450,0,0,0
CF203,20220218,20220218,134015000,13:40:16,21700,1827,23347,197955450,0,0,0
CF203,20220218,20220218,134015500,13:40:16,21700,1827,23347,197955450,0,0,0
CF203,20220218,20220218,134016000,13:40:16,21700,1827,23347,197955450,0,0,0
CF203,20220218,20220218,134017000,13:40:17,21700,1827,23347,197955450,0,0,0
CF203,20220218,20220218,134017500,13:40:18,21700,1827,23347,197955450,0,0,0
CF203,20220218,20220218,134018000,13:40:18,21700,1827,23347,197955450,0,0,0
CF203,20220218,20220218,134018500,13:40:19,21700,1827,23347,197955450,0,0,0
CF203,20220218,20220218,134021500,13:40:22,21700,1827,23347,197955450,0,0,0
CF203,20220218,20220218,134023000,13:40:23,21700,1827,23347,197955450,0,0,0
CF203,20220218,20220218,134023500,13:40:23,21700,1827,23347,197955450,0,0,0
CF203,20220218,20220218,134024000,13:40:24,21700,1827,23347,197955450,0,0,0
CF203,20220218,20220218,134025000,13:40:25,21700,1827,23347,197955450,0,0,0
CF203,20220218,20220218,134025500,13:40:26,21700,1827,23347,197955450,0,0,0
CF203,20220218,20220218,134026000,13:40:26,21700,1827,23347,197955450,0,0,0
CF203,20220218,20220218,134027000,13:40:27,21700,1827,23347,197955450,0,0,0
CF203,20220218,20220218,134027500,13:40:27,21700,1827,23347,197955450,0,0,0
CF203,20220218,20220218,134028500,13:40:29,21700,1827,23347,197955450,0,0,0
CF203,20220218,20220218,134029000,13:40:30,21700,1827,23347,197955450,0,0,0
CF203,20220218,20220218,134029500,13:40:30,21700,1827,23347,197955450,0,0,0
CF203,20220218,20220218,134031000,13:40:31,21700,1827,23347,197955450,0,0,0
CF203,20220218,20220218,134031500,13:40:31,21700,1827,23347,197955450,0,0,0
CF203,20220218,20220218,134032000,13:40:32,21700,1827,23347,197955450,0,0,0
CF203,20220218,20220218,134032500,13:40:32,21700,1878,23346,203481300,51,-1,5525850
CF203,20220218,20220218,134035000,13:40:35,21700,1878,23346,203481300,0,0,0
CF203,20220218,20220218,134041500,13:40:42,21700,1878,23346,203481300,0,0,0
CF203,20220218,20220218,134042500,13:40:42,21700,1878,23346,203481300,0,0,0
CF203,20220218,20220218,134043500,13:40:44,21700,1878,23346,203481300,0,0,0
CF203,20220218,20220218,134046500,13:40:46,21700,1878,23346,203481300,0,0,0
CF203,20220218,20220218,134047000,13:40:47,21700,1878,23346,203481300,0,0,0
CF203,20220218,20220218,134048000,13:40:48,21700,1878,23346,203481300,0,0,0
CF203,20220218,20220218,134049000,13:40:49,21700,1878,23346,203481300,0,0,0
CF203,20220218,20220218,134051000,13:40:51,21700,1878,23346,203481300,0,0,0
CF203,20220218,20220218,134052500,13:40:55,21700,1878,23346,203481300,0,0,0
CF203,20220218,20220218,134054500,13:40:55,21700,1878,23346,203481300,0,0,0
CF203,20220218,20220218,134057000,13:40:58,21700,1878,23346,203481300,0,0,0
CF203,20220218,20220218,134057500,13:40:58,21700,1878,23346,203481300,0,0,0
CF203,20220218,20220218,134058000,13:40:58,21700,1878,23346,203481300,0,0,0
CF203,20220218,20220218,134058500,13:40:59,21700,1878,23346,203481300,0,0,0
CF203,20220218,20220218,134059000,13:40:59,21700,1878,23346,203481300,0,0,0
CF203,20220218,20220218,134059500,13:40:59,21700,1878,23346,203481300,0,0,0
CF203,20220218,20220218,134100000,13:41:00,21700,1878,23346,203481300,0,0,0
CF203,20220218,20220218,134100500,13:41:00,21700,1878,23346,203481300,0,0,0
CF203,20220218,20220218,134101500,13:41:01,21700,1878,23346,203481300,0,0,0
CF203,20220218,20220218,134104000,13:41:05,21700,1878,23346,203481300,0,0,0
CF203,20220218,20220218,134104500,13:41:05,21700,1878,23346,203481300,0,0,0
CF203,20220218,20220218,134105000,13:41:06,21700,1878,23346,203481300,0,0,0
CF203,20220218,20220218,134105500,13:41:06,21700,1878,23346,203481300,0,0,0
CF203,20220218,20220218,134107000,13:41:07,21700,1878,23346,203481300,0,0,0
CF203,20220218,20220218,134107500,13:41:09,21700,1878,23346,203481300,0,0,0
CF203,20220218,20220218,134108000,13:41:09,21700,1878,23346,203481300,0,0,0
CF203,20220218,20220218,134111000,13:41:11,21700,1878,23346,203481300,0,0,0
CF203,20220218,20220218,134111500,13:41:11,21700,1878,23346,203481300,0,0,0
CF203,20220218,20220218,134113000,13:41:13,21700,1878,23346,203481300,0,0,0
CF203,20220218,20220218,134114500,13:41:15,21700,1878,23346,203481300,0,0,0
CF203,20220218,20220218,134115000,13:41:16,21700,1878,23346,203481300,0,0,0
CF203,20220218,20220218,134115500,13:41:16,21700,1878,23346,203481300,0,0,0
CF203,20220218,20220218,134117000,13:41:17,21700,1878,23346,203481300,0,0,0
CF203,20220218,20220218,134118500,13:41:19,21700,1878,23346,203481300,0,0,0
CF203,20220218,20220218,134119000,13:41:19,21700,1878,23346,203481300,0,0,0
CF203,20220218,20220218,134119500,13:41:19,21710,1879,23345,203589650,1,-1,108350
CF203,20220218,20220218,134120500,13:41:23,21710,1879,23345,203589650,0,0,0
CF203,20220218,20220218,134121500,13:41:24,21710,1879,23345,203589650,0,0,0
CF203,20220218,20220218,134123500,13:41:24,21710,1879,23345,203589650,0,0,0
CF203,20220218,20220218,134125000,13:41:26,21710,1879,23345,203589650,0,0,0
CF203,20220218,20220218,134126500,13:41:27,21710,1879,23345,203589650,0,0,0
CF203,20220218,20220218,134128500,13:41:28,21710,1879,23345,203589650,0,0,0
CF203,20220218,20220218,134129000,13:41:29,21710,1879,23345,203589650,0,0,0
CF203,20220218,20220218,134129500,13:41:30,21710,1879,23345,203589650,0,0,0
CF203,20220218,20220218,134130000,13:41:30,21710,1879,23345,203589650,0,0,0
CF203,20220218,20220218,134130500,13:41:30,21710,1879,23345,203589650,0,0,0
CF203,20220218,20220218,134131500,13:41:31,21710,1879,23345,203589650,0,0,0
CF203,20220218,20220218,134132000,13:41:32,21710,1879,23345,203589650,0,0,0
CF203,20220218,20220218,134132500,13:41:33,21710,1879,23345,203589650,0,0,0
CF203,20220218,20220218,134133000,13:41:33,21710,1879,23345,203589650,0,0,0
CF203,20220218,20220218,134133500,13:41:33,21710,1879,23345,203589650,0,0,0
CF203,20220218,20220218,134134000,13:41:34,21710,1879,23345,203589650,0,0,0
CF203,20220218,20220218,134135000,13:41:35,21710,1879,23345,203589650,0,0,0
CF203,20220218,20220218,134135500,13:41:35,21710,1879,23345,203589650,0,0,0
CF203,20220218,20220218,134136000,13:41:39,21710,1879,23345,203589650,0,0,0
CF203,20220218,20220218,134136500,13:41:39,21710,1879,23345,203589650,0,0,0
CF203,20220218,20220218,134139500,13:41:40,21710,1879,23345,203589650,0,0,0
CF203,20220218,20220218,134143000,13:41:43,21710,1879,23345,203589650,0,0,0
CF203,20220218,20220218,134146500,13:41:47,21710,1879,23345,203589650,0,0,0
CF203,20220218,20220218,134147000,13:41:47,21710,1879,23345,203589650,0,0,0
CF203,20220218,20220218,134147500,13:41:48,21710,1879,23345,203589650,0,0,0
CF203,20220218,20220218,134151500,13:41:52,21710,1879,23345,203589650,0,0,0
CF203,20220218,20220218,134152000,13:41:52,21710,1879,23345,203589650,0,0,0
CF203,20220218,20220218,134152500,13:41:52,21710,1879,23345,203589650,0,0,0
CF203,20220218,20220218,134153000,13:41:53,21710,1879,23345,203589650,0,0,0
CF203,20220218,20220218,134154500,13:42:02,21710,1879,23345,203589650,0,0,0
CF203,20220218,20220218,134155000,13:42:04,21710,1879,23345,203589650,0,0,0
CF203,20220218,20220218,134200500,13:42:06,21710,1879,23345,203589650,0,0,0
CF203,20220218,20220218,134202500,13:42:11,21710,1879,23345,203589650,0,0,0
CF203,20220218,20220218,134203000,13:42:11,21710,1879,23345,203589650,0,0,0
CF203,20220218,20220218,134210000,13:42:11,21710,1879,23345,203589650,0,0,0
CF203,20220218,20220218,134210500,13:42:12,21710,1879,23345,203589650,0,0,0
CF203,20220218,20220218,134211000,13:42:12,21710,1879,23345,203589650,0,0,0
CF203,20220218,20220218,134211500,13:42:12,21710,1879,23345,203589650,0,0,0
CF203,20220218,20220218,134212500,13:42:13,21710,1879,23345,203589650,0,0,0
CF203,20220218,20220218,134213000,13:42:13,21710,1879,23345,203589650,0,0,0
CF203,20220218,20220218,134213500,13:42:13,21710,1879,23345,203589650,0,0,0
CF203,20220218,20220218,134215500,13:42:16,21710,1879,23345,203589650,0,0,0
CF203,20220218,20220218,134216000,13:42:16,21710,1879,23345,203589650,0,0,0
CF203,20220218,20220218,134216500,13:42:17,21700,1880,23344,203698000,1,-1,108350
CF203,20220218,20220218,134218000,13:42:20,21700,1880,23344,203698000,0,0,0
CF203,20220218,20220218,134220000,13:42:20,21700,1880,23344,203698000,0,0,0
CF203,20220218,20220218,134221500,13:42:21,21700,1880,23344,203698000,0,0,0
CF203,20220218,20220218,134223000,13:42:23,21700,1880,23344,203698000,0,0,0
CF203,20220218,20220218,134223500,13:42:24,21700,1880,23344,203698000,0,0,0
CF203,20220218,20220218,134224000,13:42:24,21700,1880,23344,203698000,0,0,0
CF203,20220218,20220218,134224500,13:42:25,21700,1880,23344,203698000,0,0,0
CF203,20220218,20220218,134227000,13:42:28,21700,1880,23344,203698000,0,0,0
CF203,20220218,20220218,134227500,13:42:28,21700,1880,23344,203698000,0,0,0
CF203,20220218,20220218,134228500,13:42:29,21700,1880,23344,203698000,0,0,0
CF203,20220218,20220218,134229000,13:42:29,21700,1880,23344,203698000,0,0,0
CF203,20220218,20220218,134238500,13:42:38,21700,1880,23344,203698000,0,0,0
CF203,20220218,20220218,134255500,13:42:55,21700,1880,23344,203698000,0,0,0
CF203,20220218,20220218,134256000,13:42:56,21700,1880,23344,203698000,0,0,0
CF203,20220218,20220218,134256500,13:42:57,21700,1880,23344,203698000,0,0,0
CF203,20220218,20220218,134257000,13:42:57,21700,1880,23344,203698000,0,0,0
CF203,20220218,20220218,134257500,13:42:59,21700,1880,23344,203698000,0,0,0
CF203,20220218,20220218,134258000,13:42:59,21700,1880,23344,203698000,0,0,0
CF203,20220218,20220218,134258500,13:42:59,21700,1880,23344,203698000,0,0,0
CF203,20220218,20220218,134300000,13:43:01,21700,1880,23344,203698000,0,0,0
CF203,20220218,20220218,134300500,13:43:02,21700,1880,23344,203698000,0,0,0
CF203,20220218,20220218,134301000,13:43:02,21700,1880,23344,203698000,0,0,0
CF203,20220218,20220218,134303000,13:43:05,21700,1880,23344,203698000,0,0,0
CF203,20220218,20220218,134303500,13:43:11,21700,1880,23344,203698000,0,0,0
CF203,20220218,20220218,134304000,13:43:11,21700,1880,23344,203698000,0,0,0
CF203,20220218,20220218,134304500,13:43:11,21700,1880,23344,203698000,0,0,0
CF203,20220218,20220218,134310000,13:43:12,21700,1880,23344,203698000,0,0,0
CF203,20220218,20220218,134316000,13:43:16,21700,1880,23344,203698000,0,0,0
CF203,20220218,20220218,134316500,13:43:16,21700,1880,23344,203698000,0,0,0
CF203,20220218,20220218,134317000,13:43:17,21700,1880,23344,203698000,0,0,0
CF203,20220218,20220218,134319000,13:43:19,21700,1880,23344,203698000,0,0,0
CF203,20220218,20220218,134319500,13:43:19,21700,1880,23344,203698000,0,0,0
CF203,20220218,20220218,134320000,13:43:20,21700,1880,23344,203698000,0,0,0
CF203,20220218,20220218,134320500,13:43:21,21700,1880,23344,203698000,0,0,0
CF203,20220218,20220218,134321000,13:43:21,21700,1880,23344,203698000,0,0,0
CF203,20220218,20220218,134321500,13:43:21,21700,1880,23344,203698000,0,0,0
CF203,20220218,20220218,134322000,13:43:22,21700,1880,23344,203698000,0,0,0
CF203,20220218,20220218,134322500,13:43:23,21700,1880,23344,203698000,0,0,0
CF203,20220218,20220218,134323000,13:43:23,21700,1880,23344,203698000,0,0,0
CF203,20220218,20220218,134323500,13:43:23,21700,1880,23344,203698000,0,0,0
CF203,20220218,20220218,134325000,13:43:25,21700,1880,23344,203698000,0,0,0
CF203,20220218,20220218,134325500,13:43:26,21700,1880,23344,203698000,0,0,0
CF203,20220218,20220218,134326000,13:43:26,21700,1880,23344,203698000,0,0,0
CF203,20220218,20220218,134327000,13:43:27,21700,1880,23344,203698000,0,0,0
CF203,20220218,20220218,134327500,13:43:27,21700,1880,23344,203698000,0,0,0
CF203,20220218,20220218,134329500,13:43:29,21700,1880,23344,203698000,0,0,0
CF203,20220218,20220218,134330000,13:43:30,21700,1880,23344,203698000,0,0,0
CF203,20220218,20220218,134330500,13:43:30,21700,1880,23344,203698000,0,0,0
CF203,20220218,20220218,134331000,13:43:31,21700,1880,23344,203698000,0,0,0
CF203,20220218,20220218,134332000,13:43:32,21700,1880,23344,203698000,0,0,0
CF203,20220218,20220218,134332500,13:43:32,21700,1880,23344,203698000,0,0,0
CF203,20220218,20220218,134333000,13:43:33,21700,1880,23344,203698000,0,0,0
CF203,20220218,20220218,134334000,13:43:34,21700,1880,23344,203698000,0,0,0
CF203,20220218,20220218,134334500,13:43:34,21700,1880,23344,203698000,0,0,0
CF203,20220218,20220218,134335000,13:43:35,21700,1880,23344,203698000,0,0,0
CF203,20220218,20220218,134337000,13:43:37,21700,1880,23344,203698000,0,0,0
CF203,20220218,20220218,134337500,13:43:37,21700,1880,23344,203698000,0,0,0
CF203,20220218,20220218,134338000,13:43:38,21700,1880,23344,203698000,0,0,0
CF203,20220218,20220218,134339500,13:43:55,21700,1880,23344,203698000,0,0,0
CF203,20220218,20220218,134340000,13:43:57,21700,1880,23344,203698000,0,0,0
CF203,20220218,20220218,134354000,13:44:00,21700,1880,23344,203698000,0,0,0
CF203,20220218,20220218,134357000,13:44:04,21700,1880,23344,203698000,0,0,0
CF203,20220218,20220218,134401500,13:44:04,21700,1880,23344,203698000,0,0,0
CF203,20220218,20220218,134404000,13:44:04,21700,1880,23344,203698000,0,0,0
CF203,20220218,20220218,134407000,13:44:07,21700,1880,23344,203698000,0,0,0
CF203,20220218,20220218,134407500,13:44:07,21700,1880,23344,203698000,0,0,0
CF203,20220218,20220218,134410500,13:44:17,21700,1880,23344,203698000,0,0,0
CF203,20220218,20220218,134417000,13:44:17,21700,1880,23344,203698000,0,0,0
CF203,20220218,20220218,134418000,13:44:18,21700,1880,23344,203698000,0,0,0
CF203,20220218,20220218,134418500,13:44:18,21700,1880,23344,203698000,0,0,0
CF203,20220218,20220218,134419000,13:44:19,21700,1880,23344,203698000,0,0,0
CF203,20220218,20220218,134420000,13:44:23,21700,1880,23344,203698000,0,0,0
CF203,20220218,20220218,134420500,13:44:23,21700,1880,23344,203698000,0,0,0
CF203,20220218,20220218,134423000,13:44:23,21700,1880,23344,203698000,0,0,0
CF203,20220218,20220218,134424000,13:44:24,21700,1880,23344,203698000,0,0,0
CF203,20220218,20220218,134424500,13:44:24,21700,1880,23344,203698000,0,0,0
CF203,20220218,20220218,134425000,13:44:25,21700,1880,23344,203698000,0,0,0
CF203,20220218,20220218,134429000,13:44:29,21700,1880,23344,203698000,0,0,0
CF203,20220218,20220218,134429500,13:44:31,21700,1880,23344,203698000,0,0,0
CF203,20220218,20220218,134437500,13:44:37,21700,1880,23344,203698000,0,0,0
CF203,20220218,20220218,134440000,13:44:40,21700,1880,23344,203698000,0,0,0
CF203,20220218,20220218,134440500,13:44:40,21700,1880,23344,203698000,0,0,0
CF203,20220218,20220218,134441000,13:44:41,21700,1880,23344,203698000,0,0,0
CF203,20220218,20220218,134441500,13:44:41,21700,1880,23344,203698000,0,0,0
CF203,20220218,20220218,134442500,13:44:43,21700,1880,23344,203698000,0,0,0
CF203,20220218,20220218,134443500,13:44:44,21700,1880,23344,203698000,0,0,0
CF203,20220218,20220218,134444000,13:44:44,21700,1880,23344,203698000,0,0,0
CF203,20220218,20220218,134445000,13:44:45,21700,1880,23344,203698000,0,0,0
CF203,20220218,20220218,134445500,13:44:45,21700,1880,23344,203698000,0,0,0
CF203,20220218,20220218,134447000,13:44:47,21700,1880,23344,203698000,0,0,0
CF203,20220218,20220218,134448500,13:44:48,21700,1880,23344,203698000,0,0,0
CF203,20220218,20220218,134449000,13:44:49,21700,1880,23344,203698000,0,0,0
CF203,20220218,20220218,134451000,13:44:51,21700,1880,23344,203698000,0,0,0
CF203,20220218,20220218,134451500,13:44:51,21700,1880,23344,203698000,0,0,0
CF203,20220218,20220218,134452000,13:44:53,21700,1880,23344,203698000,0,0,0
CF203,20220218,20220218,134452500,13:44:53,21700,1880,23344,203698000,0,0,0
CF203,20220218,20220218,134453000,13:44:53,21700,1880,23344,203698000,0,0,0
CF203,20220218,20220218,134453500,13:44:54,21700,1880,23344,203698000,0,0,0
CF203,20220218,20220218,134455500,13:44:55,21700,1880,23344,203698000,0,0,0
CF203,20220218,20220218,134457000,13:44:57,21700,1880,23344,203698000,0,0,0
CF203,20220218,20220218,134457500,13:44:57,21700,1880,23344,203698000,0,0,0
CF203,20220218,20220218,134459000,13:44:59,21700,1880,23344,203698000,0,0,0
CF203,20220218,20220218,134459500,13:44:59,21700,1880,23344,203698000,0,0,0
CF203,20220218,20220218,134500500,13:45:01,21700,1880,23344,203698000,0,0,0
CF203,20220218,20220218,134501000,13:45:01,21700,1880,23344,203698000,0,0,0
CF203,20220218,20220218,134501500,13:45:01,21700,1880,23344,203698000,0,0,0
CF203,20220218,20220218,134503000,13:45:03,21700,1880,23344,203698000,0,0,0
CF203,20220218,20220218,134503500,13:45:04,21700,1880,23344,203698000,0,0,0
CF203,20220218,20220218,134504000,13:45:06,21700,1880,23344,203698000,0,0,0
CF203,20220218,20220218,134507000,13:45:09,21700,1880,23344,203698000,0,0,0
CF203,20220218,20220218,134509000,13:45:10,21700,1880,23344,203698000,0,0,0
CF203,20220218,20220218,134509500,13:45:10,21700,1880,23344,203698000,0,0,0
CF203,20220218,20220218,134510000,13:45:10,21700,1880,23344,203698000,0,0,0
CF203,20220218,20220218,134510500,13:45:10,21700,1880,23344,203698000,0,0,0
CF203,20220218,20220218,134511000,13:45:11,21700,1880,23344,203698000,0,0,0
CF203,20220218,20220218,134511500,13:45:11,21700,1880,23344,203698000,0,0,0
CF203,20220218,20220218,134513500,13:45:14,21700,1880,23344,203698000,0,0,0
CF203,20220218,20220218,134514000,13:45:15,21700,1880,23344,203698000,0,0,0
CF203,20220218,20220218,134515000,13:45:16,21700,1880,23344,203698000,0,0,0
CF203,20220218,20220218,134515500,13:45:17,21700,1880,23344,203698000,0,0,0
CF203,20220218,20220218,134516000,13:45:17,21700,1880,23344,203698000,0,0,0
CF203,20220218,20220218,134518000,13:45:20,21700,1880,23344,203698000,0,0,0
CF203,20220218,20220218,134521500,13:45:23,21700,1880,23344,203698000,0,0,0
CF203,20220218,20220218,134522500,13:45:23,21700,1880,23344,203698000,0,0,0
CF203,20220218,20220218,134523500,13:45:24,21700,1880,23344,203698000,0,0,0
CF203,20220218,20220218,134524500,13:45:25,21700,1880,23344,203698000,0,0,0
CF203,20220218,20220218,134525000,13:45:26,21700,1880,23344,203698000,0,0,0
CF203,20220218,20220218,134526000,13:45:27,21700,1880,23344,203698000,0,0,0
CF203,20220218,20220218,134527000,13:45:29,21700,1880,23344,203698000,0,0,0
CF203,20220218,20220218,134527500,13:45:30,21700,1880,23344,203698000,0,0,0
CF203,20220218,20220218,134531500,13:45:31,21700,1880,23344,203698000,0,0,0
CF203,20220218,20220218,134532500,13:45:33,21700,1880,23344,203698000,0,0,0
CF203,20220218,20220218,134533000,13:45:33,21700,1880,23344,203698000,0,0,0
CF203,20220218,20220218,134533500,13:45:34,21700,1880,23344,203698000,0,0,0
CF203,20220218,20220218,134534000,13:45:35,21700,1880,23344,203698000,0,0,0
CF203,20220218,20220218,134534500,13:45:35,21700,1880,23344,203698000,0,0,0
CF203,20220218,20220218,134535000,13:45:35,21700,1880,23344,203698000,0,0,0
CF203,20220218,20220218,134537000,13:45:37,21700,1880,23344,203698000,0,0,0
CF203,20220218,20220218,134537500,13:45:37,21700,1880,23344,203698000,0,0,0
CF203,20220218,20220218,134539000,13:45:40,21700,1880,23344,203698000,0,0,0
CF203,20220218,20220218,134539500,13:45:40,21700,1880,23344,203698000,0,0,0
CF203,20220218,20220218,134540000,13:45:40,21700,1880,23344,203698000,0,0,0
CF203,20220218,20220218,134542500,13:45:46,21700,1880,23344,203698000,0,0,0
CF203,20220218,20220218,134543000,13:45:46,21700,1880,23344,203698000,0,0,0
CF203,20220218,20220218,134543500,13:45:46,21700,1880,23344,203698000,0,0,0
CF203,20220218,20220218,134545500,13:45:46,21700,1880,23344,203698000,0,0,0
CF203,20220218,20220218,134546500,13:45:47,21700,1880,23344,203698000,0,0,0
