CJ207,20220218,20220218,111940000,11:20:04,14175,63,5581,4452525,63,-7,4452525
CJ207,20220218,20220218,112009500,11:20:10,14175,63,5581,4452525,0,0,0
CJ207,20220218,20220218,112010000,11:20:10,14175,63,5581,4452525,0,0,0
CJ207,20220218,20220218,112010500,11:20:10,14175,63,5581,4452525,0,0,0
CJ207,20220218,20220218,112011500,11:20:12,14175,63,5581,4452525,0,0,0
CJ207,20220218,20220218,112023500,11:20:23,14175,63,5581,4452525,0,0,0
CJ207,20220218,20220218,112040000,11:20:41,14175,63,5581,4452525,0,0,0
CJ207,20220218,20220218,112040500,11:20:41,14175,63,5581,4452525,0,0,0
CJ207,20220218,20220218,112044500,11:20:45,14175,63,5581,4452525,0,0,0
CJ207,20220218,20220218,112049500,11:20:50,14175,63,5581,4452525,0,0,0
CJ207,20220218,20220218,112050000,11:20:50,14175,63,5581,4452525,0,0,0
CJ207,20220218,20220218,112100000,11:21:00,14175,63,5581,4452525,0,0,0
CJ207,20220218,20220218,112109000,11:21:10,14175,63,5581,4452525,0,0,0
CJ207,20220218,20220218,112125000,11:22:29,14175,63,5581,4452525,0,0,0
CJ207,20220218,20220218,112230500,11:23:33,14175,63,5581,4452525,0,0,0
CJ207,20220218,20220218,112445500,11:24:45,14175,63,5581,4452525,0,0,0
CJ207,20220218,20220218,112456500,11:24:56,14175,63,5581,4452525,0,0,0
CJ207,20220218,20220218,112501500,11:25:05,14175,63,5581,4452525,0,0,0
CJ207,20220218,20220218,112512500,11:25:12,14175,63,5581,4452525,0,0,0
CJ207,20220218,20220218,112543000,11:25:43,14175,63,5581,4452525,0,0,0
CJ207,20220218,20220218,112543500,11:25:43,14175,63,5581,4452525,0,0,0
CJ207,20220218,20220218,112604000,11:26:05,14175,63,5581,4452525,0,0,0
CJ207,20220218,20220218,112604500,11:26:05,14175,63,5581,4452525,0,0,0
CJ207,20220218,20220218,112651000,11:27:10,14175,63,5581,4452525,0,0,0
CJ207,20220218,20220218,112710000,11:27:12,14175,63,5581,4452525,0,0,0
CJ207,20220218,20220218,112752000,11:27:54,14175,63,5581,4452525,0,0,0
CJ207,20220218,20220218,112814500,11:28:15,14175,63,5581,4452525,0,0,0
CJ207,20220218,20220218,112911000,11:29:11,14165,65,5581,4593875,2,0,141350
CJ207,20220218,20220218,112911500,11:29:12,14165,65,5581,4593875,0,0,0
CJ207,20220218,20220218,112918000,11:29:21,14165,65,5581,4593875,0,0,0
CJ207,20220218,20220218,112919000,11:29:21,14165,65,5581,4593875,0,0,0
CJ207,20220218,20220218,112922500,11:29:24,14165,65,5581,4593875,0,0,0
CJ207,20220218,20220218,112924000,11:29:24,14165,65,5581,4593875,0,0,0
CJ207,20220218,20220218,112934500,11:29:38,14165,65,5581,4593875,0,0,0
CJ207,20220218,20220218,112937000,11:29:38,14165,65,5581,4593875,0,0,0
CJ207,20220218,20220218,112943000,11:29:45,14165,65,5581,4593875,0,0,0
CJ207,20220218,20220218,112948500,11:29:50,14165,65,5581,4593875,0,0,0
CJ207,20220218,20220218,112949000,11:29:50,14165,65,5581,4593875,0,0,0
CJ207,20220218,20220218,113000000,11:30:03,14165,65,5581,4593875,0,0,0
CJ207,20220218,20220218,133001000,13:30:01,14165,65,5581,4593875,0,0,0
CJ207,20220218,20220218,133001500,13:30:02,14165,65,5581,4593875,0,0,0
CJ207,20220218,20220218,133002000,13:30:08,14165,65,5581,4593875,0,0,0
CJ207,20220218,20220218,133002500,13:30:10,14165,65,5581,4593875,0,0,0
CJ207,20220218,20220218,133004500,13:30:10,14165,65,5581,4593875,0,0,0
CJ207,20220218,20220218,133017000,13:30:18,14165,65,5581,4593875,0,0,0
CJ207,20220218,20220218,133017500,13:30:18,14165,65,5581,4593875,0,0,0
CJ207,20220218,20220218,133018000,13:30:19,14165,65,5581,4593875,0,0,0
CJ207,20220218,20220218,133020000,13:30:21,14165,65,5581,4593875,0,0,0
CJ207,20220218,20220218,133028000,13:30:40,14165,65,5581,4593875,0,0,0
CJ207,20220218,20220218,133041500,13:30:44,14165,65,5581,4593875,0,0,0
CJ207,20220218,20220218,133057000,13:30:58,14165,65,5581,4593875,0,0,0
CJ207,20220218,20220218,133057500,13:30:58,14165,65,5581,4593875,0,0,0
CJ207,20220218,20220218,133100500,13:31:01,14165,65,5581,4593875,0,0,0
CJ207,20220218,20220218,133120000,13:31:20,14165,65,5581,4593875,0,0,0
CJ207,20220218,20220218,133121000,13:31:21,14165,65,5581,4593875,0,0,0
CJ207,20220218,20220218,133159500,13:32:00,14165,65,5581,4593875,0,0,0
CJ207,20220218,20220218,133200000,13:32:01,14165,65,5581,4593875,0,0,0
CJ207,20220218,20220218,133204500,13:32:05,14165,65,5581,4593875,0,0,0
CJ207,20220218,20220218,133208000,13:32:09,14165,65,5581,4593875,0,0,0
CJ207,20220218,20220218,133214000,13:32:15,14165,65,5581,4593875,0,0,0
CJ207,20220218,20220218,133215000,13:32:16,14165,65,5581,4593875,0,0,0
CJ207,20220218,20220218,133221000,13:32:21,14165,65,5581,4593875,0,0,0
CJ207,20220218,20220218,133221500,13:32:22,14165,65,5581,4593875,0,0,0
CJ207,20220218,20220218,133224000,13:32:24,14165,65,5581,4593875,0,0,0
CJ207,20220218,20220218,133224500,13:32:25,14165,65,5581,4593875,0,0,0
CJ207,20220218,20220218,133227000,13:32:27,14165,65,5581,4593875,0,0,0
CJ207,20220218,20220218,133230500,13:32:34,14165,65,5581,4593875,0,0,0
CJ207,20220218,20220218,133233000,13:32:35,14165,65,5581,4593875,0,0,0
CJ207,20220218,20220218,133236500,13:32:37,14165,65,5581,4593875,0,0,0
CJ207,20220218,20220218,133237000,13:32:37,14165,65,5581,4593875,0,0,0
CJ207,20220218,20220218,133242000,13:32:42,14165,65,5581,4593875,0,0,0
CJ207,20220218,20220218,133244000,13:32:44,14165,65,5581,4593875,0,0,0
CJ207,20220218,20220218,133246000,13:32:47,14165,65,5581,4593875,0,0,0
CJ207,20220218,20220218,133252000,13:32:53,14165,65,5581,4593875,0,0,0
CJ207,20220218,20220218,133255500,13:32:56,14165,65,5581,4593875,0,0,0
CJ207,20220218,20220218,133256000,13:32:56,14165,65,5581,4593875,0,0,0
CJ207,20220218,20220218,133303500,13:33:04,14165,65,5581,4593875,0,0,0
CJ207,20220218,20220218,133304000,13:33:04,14165,65,5581,4593875,0,0,0
CJ207,20220218,20220218,133328500,13:33:30,14165,65,5581,4593875,0,0,0
CJ207,20220218,20220218,133329000,13:33:30,14165,65,5581,4593875,0,0,0
CJ207,20220218,20220218,133330500,13:33:32,14165,65,5581,4593875,0,0,0
CJ207,20220218,20220218,133331500,13:33:32,14165,65,5581,4593875,0,0,0
CJ207,20220218,20220218,133335500,13:33:35,14165,65,5581,4593875,0,0,0
CJ207,20220218,20220218,133336000,13:33:36,14165,65,5581,4593875,0,0,0
CJ207,20220218,20220218,133336500,13:33:36,14165,65,5581,4593875,0,0,0
CJ207,20220218,20220218,133338000,13:33:38,14165,65,5581,4593875,0,0,0
CJ207,20220218,20220218,133340000,13:33:40,14165,65,5581,4593875,0,0,0
CJ207,20220218,20220218,133342500,13:33:42,14165,65,5581,4593875,0,0,0
CJ207,20220218,20220218,133343000,13:33:43,14165,65,5581,4593875,0,0,0
CJ207,20220218,20220218,133343500,13:33:44,14165,65,5581,4593875,0,0,0
CJ207,20220218,20220218,133345500,13:33:47,14165,65,5581,4593875,0,0,0
CJ207,20220218,20220218,133346000,13:33:48,14165,65,5581,4593875,0,0,0
CJ207,20220218,20220218,133348500,13:33:49,14165,65,5581,4593875,0,0,0
CJ207,20220218,20220218,133349000,13:33:50,14165,65,5581,4593875,0,0,0
CJ207,20220218,20220218,133351500,13:33:52,14165,65,5581,4593875,0,0,0
CJ207,20220218,20220218,133352000,13:33:52,14165,65,5581,4593875,0,0,0
CJ207,20220218,20220218,133354000,13:33:54,14165,65,5581,4593875,0,0,0
CJ207,20220218,20220218,133354500,13:33:55,14165,65,5581,4593875,0,0,0
CJ207,20220218,20220218,133356500,13:33:57,14165,65,5581,4593875,0,0,0
CJ207,20220218,20220218,133357500,13:33:58,14165,65,5581,4593875,0,0,0
CJ207,20220218,20220218,133358500,13:33:59,14165,65,5581,4593875,0,0,0
CJ207,20220218,20220218,133403000,13:34:10,14165,65,5581,4593875,0,0,0
CJ207,20220218,20220218,133410000,13:34:11,14165,65,5581,4593875,0,0,0
CJ207,20220218,20220218,133410500,13:34:12,14165,65,5581,4593875,0,0,0
CJ207,20220218,20220218,133412500,13:34:13,14165,65,5581,4593875,0,0,0
CJ207,20220218,20220218,133413000,13:34:13,14165,65,5581,4593875,0,0,0
CJ207,20220218,20220218,133414000,13:34:14,14165,65,5581,4593875,0,0,0
CJ207,20220218,20220218,133415000,13:34:15,14165,65,5581,4593875,0,0,0
CJ207,20220218,20220218,133415500,13:34:16,14165,65,5581,4593875,0,0,0
CJ207,20220218,20220218,133416000,13:34:16,14165,65,5581,4593875,0,0,0
CJ207,20220218,20220218,133417500,13:34:17,14165,65,5581,4593875,0,0,0
CJ207,20220218,20220218,133418000,13:34:18,14165,65,5581,4593875,0,0,0
CJ207,20220218,20220218,133420000,13:34:20,14165,65,5581,4593875,0,0,0
CJ207,20220218,20220218,133420500,13:34:21,14165,65,5581,4593875,0,0,0
CJ207,20220218,20220218,133423000,13:34:24,14165,65,5581,4593875,0,0,0
CJ207,20220218,20220218,133425000,13:34:25,14165,65,5581,4593875,0,0,0
CJ207,20220218,20220218,133425500,13:34:26,14165,65,5581,4593875,0,0,0
CJ207,20220218,20220218,133427500,13:34:28,14165,65,5581,4593875,0,0,0
CJ207,20220218,20220218,133428000,13:34:28,14165,65,5581,4593875,0,0,0
CJ207,20220218,20220218,133430000,13:34:30,14165,65,5581,4593875,0,0,0
CJ207,20220218,20220218,133432500,13:34:32,14165,65,5581,4593875,0,0,0
CJ207,20220218,20220218,133433000,13:34:33,14165,65,5581,4593875,0,0,0
CJ207,20220218,20220218,133438000,13:34:38,14165,65,5581,4593875,0,0,0
CJ207,20220218,20220218,133451000,13:34:51,14165,65,5581,4593875,0,0,0
CJ207,20220218,20220218,133453000,13:34:53,14165,65,5581,4593875,0,0,0
CJ207,20220218,20220218,133453500,13:34:55,14165,65,5581,4593875,0,0,0
CJ207,20220218,20220218,133455500,13:34:56,14165,65,5581,4593875,0,0,0
CJ207,20220218,20220218,133456000,13:34:57,14165,65,5581,4593875,0,0,0
CJ207,20220218,20220218,133456500,13:34:57,14165,65,5581,4593875,0,0,0
CJ207,20220218,20220218,133458000,13:34:58,14165,65,5581,4593875,0,0,0
CJ207,20220218,20220218,133458500,13:34:59,14165,65,5581,4593875,0,0,0
CJ207,20220218,20220218,133500500,13:35:04,14165,65,5581,4593875,0,0,0
CJ207,20220218,20220218,133501000,13:35:04,14165,65,5581,4593875,0,0,0
CJ207,20220218,20220218,133503500,13:35:10,14165,65,5581,4593875,0,0,0
CJ207,20220218,20220218,133508500,13:35:10,14165,65,5581,4593875,0,0,0
CJ207,20220218,20220218,133510500,13:35:11,14165,65,5581,4593875,0,0,0
CJ207,20220218,20220218,133511000,13:35:11,14165,65,5581,4593875,0,0,0
CJ207,20220218,20220218,133512000,13:35:13,14165,65,5581,4593875,0,0,0
CJ207,20220218,20220218,133513000,13:35:13,14165,65,5581,4593875,0,0,0
CJ207,20220218,20220218,133521500,13:35:22,14165,65,5581,4593875,0,0,0
CJ207,20220218,20220218,133522000,13:35:22,14165,65,5581,4593875,0,0,0
CJ207,20220218,20220218,133524000,13:35:25,14165,65,5581,4593875,0,0,0
CJ207,20220218,20220218,133524500,13:35:25,14165,65,5581,4593875,0,0,0
CJ207,20220218,20220218,133526500,13:35:27,14165,65,5581,4593875,0,0,0
CJ207,20220218,20220218,133527000,13:35:31,14165,65,5581,4593875,0,0,0
CJ207,20220218,20220218,133529500,13:35:32,14165,65,5581,4593875,0,0,0
CJ207,20220218,20220218,133531500,13:35:41,14165,65,5581,4593875,0,0,0
CJ207,20220218,20220218,133532000,13:35:42,14165,65,5581,4593875,0,0,0
CJ207,20220218,20220218,133537500,13:35:43,14165,65,5581,4593875,0,0,0
CJ207,20220218,20220218,133557000,13:35:59,14165,65,5581,4593875,0,0,0
CJ207,20220218,20220218,133557500,13:36:01,14165,65,5581,4593875,0,0,0
CJ207,20220218,20220218,133558000,13:36:01,14165,65,5581,4593875,0,0,0
CJ207,20220218,20220218,133558500,13:36:03,14165,65,5581,4593875,0,0,0
CJ207,20220218,20220218,133601500,13:36:03,14165,65,5581,4593875,0,0,0
CJ207,20220218,20220218,133602500,13:36:03,14165,65,5581,4593875,0,0,0
CJ207,20220218,20220218,133603000,13:36:05,14165,65,5581,4593875,0,0,0
CJ207,20220218,20220218,133609000,13:36:09,14165,65,5581,4593875,0,0,0
CJ207,20220218,20220218,133612000,13:36:12,14165,65,5581,4593875,0,0,0
CJ207,20220218,20220218,133616500,13:36:17,14165,65,5581,4593875,0,0,0
CJ207,20220218,20220218,133624000,13:36:24,14165,65,5581,4593875,0,0,0
CJ207,20220218,20220218,133639500,13:36:40,14165,65,5581,4593875,0,0,0
CJ207,20220218,20220218,133640000,13:36:40,14165,65,5581,4593875,0,0,0
CJ207,20220218,20220218,133701500,13:37:02,14165,65,5581,4593875,0,0,0
CJ207,20220218,20220218,133703500,13:37:03,14165,65,5581,4593875,0,0,0
CJ207,20220218,20220218,133710000,13:37:11,14165,65,5581,4593875,0,0,0
CJ207,20220218,20220218,133712000,13:37:13,14165,65,5581,4593875,0,0,0
CJ207,20220218,20220218,133712500,13:37:13,14165,65,5581,4593875,0,0,0
CJ207,20220218,20220218,133714500,13:37:15,14165,65,5581,4593875,0,0,0
CJ207,20220218,20220218,133715000,13:37:15,14165,65,5581,4593875,0,0,0
CJ207,20220218,20220218,133717000,13:37:18,14165,65,5581,4593875,0,0,0
CJ207,20220218,20220218,133717500,13:37:18,14165,65,5581,4593875,0,0,0
CJ207,20220218,20220218,133719500,13:37:20,14165,65,5581,4593875,0,0,0
CJ207,20220218,20220218,133720000,13:37:21,14165,65,5581,4593875,0,0,0
CJ207,20220218,20220218,133722000,13:37:22,14165,65,5581,4593875,0,0,0
CJ207,20220218,20220218,133722500,13:37:23,14165,65,5581,4593875,0,0,0
CJ207,20220218,20220218,133724500,13:37:25,14165,65,5581,4593875,0,0,0
CJ207,20220218,20220218,133725000,13:37:25,14165,65,5581,4593875,0,0,0
CJ207,20220218,20220218,133727000,13:37:27,14165,65,5581,4593875,0,0,0
CJ207,20220218,20220218,133727500,13:37:27,14165,65,5581,4593875,0,0,0
CJ207,20220218,20220218,133729500,13:37:30,14165,65,5581,4593875,0,0,0
CJ207,20220218,20220218,133730000,13:37:30,14165,65,5581,4593875,0,0,0
CJ207,20220218,20220218,133732000,13:37:32,14165,65,5581,4593875,0,0,0
CJ207,20220218,20220218,133732500,13:37:33,14165,65,5581,4593875,0,0,0
CJ207,20220218,20220218,133733500,13:37:33,14165,65,5581,4593875,0,0,0
CJ207,20220218,20220218,133734500,13:37:34,14165,65,5581,4593875,0,0,0
CJ207,20220218,20220218,133753000,13:37:54,14165,65,5581,4593875,0,0,0
CJ207,20220218,20220218,133802500,13:38:05,14165,65,5581,4593875,0,0,0
CJ207,20220218,20220218,133805000,13:38:06,14165,65,5581,4593875,0,0,0
CJ207,20220218,20220218,133807500,13:38:09,14165,65,5581,4593875,0,0,0
CJ207,20220218,20220218,133809500,13:38:10,14165,65,5581,4593875,0,0,0
CJ207,20220218,20220218,133810000,13:38:10,14165,65,5581,4593875,0,0,0
CJ207,20220218,20220218,133812000,13:38:14,14165,65,5581,4593875,0,0,0
CJ207,20220218,20220218,133812500,13:38:14,14165,65,5581,4593875,0,0,0
CJ207,20220218,20220218,133814500,13:38:17,14165,65,5581,4593875,0,0,0
CJ207,20220218,20220218,133815000,13:38:17,14165,65,5581,4593875,0,0,0
CJ207,20220218,20220218,133817000,13:38:18,14165,65,5581,4593875,0,0,0
CJ207,20220218,20220218,133817500,13:38:18,14165,65,5581,4593875,0,0,0
CJ207,20220218,20220218,133914500,13:39:18,14165,65,5581,4593875,0,0,0
CJ207,20220218,20220218,134008000,13:40:13,14165,65,5581,4593875,0,0,0
CJ207,20220218,20220218,134013000,13:40:13,14165,65,5581,4593875,0,0,0
CJ207,20220218,20220218,134018000,13:40:19,14165,65,5581,4593875,0,0,0
CJ207,20220218,20220218,134018500,13:40:19,14165,65,5581,4593875,0,0,0
CJ207,20220218,20220218,134019000,13:40:19,14165,65,5581,4593875,0,0,0
CJ207,20220218,20220218,134024000,13:40:24,14165,65,5581,4593875,0,0,0
CJ207,20220218,20220218,134039000,13:40:40,14165,65,5581,4593875,0,0,0
CJ207,20220218,20220218,134039500,13:40:40,14165,65,5581,4593875,0,0,0
CJ207,20220218,20220218,134041500,13:40:42,14165,65,5581,4593875,0,0,0
CJ207,20220218,20220218,134042000,13:40:42,14165,65,5581,4593875,0,0,0
CJ207,20220218,20220218,134044000,13:40:44,14165,65,5581,4593875,0,0,0
CJ207,20220218,20220218,134044500,13:40:44,14165,65,5581,4593875,0,0,0
CJ207,20220218,20220218,134046500,13:40:46,14165,65,5581,4593875,0,0,0
CJ207,20220218,20220218,134047000,13:40:47,14165,65,5581,4593875,0,0,0
CJ207,20220218,20220218,134049000,13:40:49,14165,65,5581,4593875,0,0,0
CJ207,20220218,20220218,134049500,13:40:49,14165,65,5581,4593875,0,0,0
CJ207,20220218,20220218,134051500,13:40:55,14165,65,5581,4593875,0,0,0
CJ207,20220218,20220218,134052000,13:40:55,14165,65,5581,4593875,0,0,0
CJ207,20220218,20220218,134054500,13:40:55,14165,65,5581,4593875,0,0,0
CJ207,20220218,20220218,134056500,13:40:58,14165,65,5581,4593875,0,0,0
CJ207,20220218,20220218,134057000,13:40:58,14165,65,5581,4593875,0,0,0
CJ207,20220218,20220218,134059000,13:40:59,14165,65,5581,4593875,0,0,0
CJ207,20220218,20220218,134059500,13:41:00,14165,65,5581,4593875,0,0,0
CJ207,20220218,20220218,134102000,13:41:02,14165,65,5581,4593875,0,0,0
CJ207,20220218,20220218,134104000,13:41:05,14165,65,5581,4593875,0,0,0
CJ207,20220218,20220218,134104500,13:41:06,14165,65,5581,4593875,0,0,0
CJ207,20220218,20220218,134106500,13:41:07,14165,65,5581,4593875,0,0,0
CJ207,20220218,20220218,134107000,13:41:09,14165,65,5581,4593875,0,0,0
CJ207,20220218,20220218,134109500,13:41:10,14165,65,5581,4593875,0,0,0
CJ207,20220218,20220218,134110000,13:41:10,14165,65,5581,4593875,0,0,0
CJ207,20220218,20220218,134111500,13:41:12,14165,65,5581,4593875,0,0,0
CJ207,20220218,20220218,134114500,13:41:16,14165,65,5581,4593875,0,0,0
CJ207,20220218,20220218,134117000,13:41:17,14165,65,5581,4593875,0,0,0
CJ207,20220218,20220218,134119000,13:41:19,14165,65,5581,4593875,0,0,0
CJ207,20220218,20220218,134119500,13:41:20,14165,65,5581,4593875,0,0,0
CJ207,20220218,20220218,134121500,13:41:24,14165,65,5581,4593875,0,0,0
CJ207,20220218,20220218,134122000,13:41:24,14165,65,5581,4593875,0,0,0
CJ207,20220218,20220218,134124500,13:41:26,14165,65,5581,4593875,0,0,0
CJ207,20220218,20220218,134125000,13:41:27,14165,65,5581,4593875,0,0,0
CJ207,20220218,20220218,134125500,13:41:27,14165,65,5581,4593875,0,0,0
CJ207,20220218,20220218,134127000,13:41:27,14165,65,5581,4593875,0,0,0
CJ207,20220218,20220218,134127500,13:41:27,14165,65,5581,4593875,0,0,0
CJ207,20220218,20220218,134128000,13:41:28,14165,65,5581,4593875,0,0,0
CJ207,20220218,20220218,134128500,13:41:29,14165,65,5581,4593875,0,0,0
CJ207,20220218,20220218,134130000,13:41:30,14165,65,5581,4593875,0,0,0
CJ207,20220218,20220218,134130500,13:41:31,14165,65,5581,4593875,0,0,0
CJ207,20220218,20220218,134135000,13:41:35,14165,65,5581,4593875,0,0,0
CJ207,20220218,20220218,134135500,13:41:39,14165,65,5581,4593875,0,0,0
CJ207,20220218,20220218,134159500,13:42:06,14165,65,5581,4593875,0,0,0
CJ207,20220218,20220218,134207500,13:42:11,14165,65,5581,4593875,0,0,0
CJ207,20220218,20220218,134211000,13:42:12,14165,65,5581,4593875,0,0,0
CJ207,20220218,20220218,134213500,13:42:14,14165,65,5581,4593875,0,0,0
CJ207,20220218,20220218,134218500,13:42:20,14165,65,5581,4593875,0,0,0
CJ207,20220218,20220218,134222500,13:42:22,14165,65,5581,4593875,0,0,0
CJ207,20220218,20220218,134223000,13:42:24,14165,65,5581,4593875,0,0,0
CJ207,20220218,20220218,134229000,13:42:29,14165,65,5581,4593875,0,0,0
CJ207,20220218,20220218,134229500,13:42:29,14165,65,5581,4593875,0,0,0
CJ207,20220218,20220218,134248000,13:42:48,14165,65,5581,4593875,0,0,0
CJ207,20220218,20220218,134320500,13:43:21,14165,65,5581,4593875,0,0,0
CJ207,20220218,20220218,134321000,13:43:21,14165,65,5581,4593875,0,0,0
CJ207,20220218,20220218,134323000,13:43:23,14165,65,5581,4593875,0,0,0
CJ207,20220218,20220218,134323500,13:43:24,14165,65,5581,4593875,0,0,0
CJ207,20220218,20220218,134325500,13:43:26,14165,65,5581,4593875,0,0,0
CJ207,20220218,20220218,134326000,13:43:26,14165,65,5581,4593875,0,0,0
CJ207,20220218,20220218,134327000,13:43:27,14165,65,5581,4593875,0,0,0
CJ207,20220218,20220218,134327500,13:43:28,14165,65,5581,4593875,0,0,0
CJ207,20220218,20220218,134329500,13:43:30,14165,65,5581,4593875,0,0,0
CJ207,20220218,20220218,134330500,13:43:30,14165,65,5581,4593875,0,0,0
CJ207,20220218,20220218,134332500,13:43:33,14165,65,5581,4593875,0,0,0
CJ207,20220218,20220218,134333500,13:43:34,14165,65,5581,4593875,0,0,0
CJ207,20220218,20220218,134338500,13:43:38,14165,65,5581,4593875,0,0,0
CJ207,20220218,20220218,134353000,13:44:00,14165,65,5581,4593875,0,0,0
CJ207,20220218,20220218,134401500,13:44:04,14165,65,5581,4593875,0,0,0
CJ207,20220218,20220218,134404000,13:44:05,14165,65,5581,4593875,0,0,0
CJ207,20220218,20220218,134405000,13:44:05,14165,65,5581,4593875,0,0,0
CJ207,20220218,20220218,134408000,13:44:08,14165,65,5581,4593875,0,0,0
CJ207,20220218,20220218,134408500,13:44:09,14165,65,5581,4593875,0,0,0
CJ207,20220218,20220218,134412500,13:44:17,14165,65,5581,4593875,0,0,0
CJ207,20220218,20220218,134423500,13:44:24,14165,65,5581,4593875,0,0,0
CJ207,20220218,20220218,134424000,13:44:24,14165,65,5581,4593875,0,0,0
CJ207,20220218,20220218,134426000,13:44:26,14165,65,5581,4593875,0,0,0
CJ207,20220218,20220218,134426500,13:44:26,14165,65,5581,4593875,0,0,0
CJ207,20220218,20220218,134427000,13:44:27,14165,65,5581,4593875,0,0,0
CJ207,20220218,20220218,134427500,13:44:28,14165,65,5581,4593875,0,0,0
CJ207,20220218,20220218,134435500,13:44:37,14165,65,5581,4593875,0,0,0
CJ207,20220218,20220218,134437500,13:44:38,14165,65,5581,4593875,0,0,0
CJ207,20220218,20220218,134438000,13:44:38,14165,65,5581,4593875,0,0,0
CJ207,20220218,20220218,134447500,13:44:47,14165,65,5581,4593875,0,0,0
CJ207,20220218,20220218,134454500,13:44:55,14165,65,5581,4593875,0,0,0
CJ207,20220218,20220218,134455000,13:44:55,14165,65,5581,4593875,0,0,0
CJ207,20220218,20220218,134456000,13:44:56,14165,65,5581,4593875,0,0,0
CJ207,20220218,20220218,134456500,13:44:56,14165,65,5581,4593875,0,0,0
CJ207,20220218,20220218,134503500,13:45:06,14165,65,5581,4593875,0,0,0
CJ207,20220218,20220218,134509500,13:45:10,14165,65,5581,4593875,0,0,0
CJ207,20220218,20220218,134510000,13:45:10,14165,65,5581,4593875,0,0,0
CJ207,20220218,20220218,134510500,13:45:11,14165,65,5581,4593875,0,0,0
CJ207,20220218,20220218,134511500,13:45:11,14165,65,5581,4593875,0,0,0
CJ207,20220218,20220218,134523000,13:45:23,14165,65,5581,4593875,0,0,0
CJ207,20220218,20220218,134525500,13:45:27,14165,65,5581,4593875,0,0,0
CJ207,20220218,20220218,134526500,13:45:28,14165,65,5581,4593875,0,0,0
CJ207,20220218,20220218,134533500,13:45:34,14165,65,5581,4593875,0,0,0
CJ207,20220218,20220218,134534500,13:45:35,14165,65,5581,4593875,0,0,0
CJ207,20220218,20220218,134536000,13:45:37,14165,65,5581,4593875,0,0,0
CJ207,20220218,20220218,134536500,13:45:37,14165,65,5581,4593875,0,0,0
CJ207,20220218,20220218,134542000,13:45:45,14165,65,5581,4593875,0,0,0
CJ207,20220218,20220218,134602000,13:46:03,14165,65,5581,4593875,0,0,0
CJ207,20220218,20220218,134617500,13:46:18,14165,65,5581,4593875,0,0,0
CJ207,20220218,20220218,134623000,13:46:30,14165,65,5581,4593875,0,0,0
CJ207,20220218,20220218,134640000,13:46:42,14165,65,5581,4593875,0,0,0
CJ207,20220218,20220218,134644000,13:46:47,14165,65,5581,4593875,0,0,0
CJ207,20220218,20220218,134653500,13:46:55,14165,65,5581,4593875,0,0,0
CJ207,20220218,20220218,134654000,13:46:55,14165,65,5581,4593875,0,0,0
CJ207,20220218,20220218,134659000,13:46:59,14165,65,5581,4593875,0,0,0
CJ207,20220218,20220218,134700000,13:47:00,14165,65,5581,4593875,0,0,0
CJ207,20220218,20220218,134700500,13:47:00,14165,65,5581,4593875,0,0,0
CJ207,20220218,20220218,134708500,13:47:11,14165,65,5581,4593875,0,0,0
CJ207,20220218,20220218,134710500,13:47:12,14165,65,5581,4593875,0,0,0
CJ207,20220218,20220218,134711000,13:47:16,14165,65,5581,4593875,0,0,0
CJ207,20220218,20220218,134721500,13:47:22,14165,65,5581,4593875,0,0,0
CJ207,20220218,20220218,134727500,13:47:28,14165,65,5581,4593875,0,0,0
CJ207,20220218,20220218,134741000,13:47:41,14165,65,5581,4593875,0,0,0
CJ207,20220218,20220218,134818000,13:48:19,14165,65,5581,4593875,0,0,0
CJ207,20220218,20220218,134818500,13:48:20,14165,65,5581,4593875,0,0,0
CJ207,20220218,20220218,134829500,13:48:30,14165,65,5581,4593875,0,0,0
CJ207,20220218,20220218,134832000,13:48:32,14165,65,5581,4593875,0,0,0
CJ207,20220218,20220218,134840000,13:48:40,14165,65,5581,4593875,0,0,0
CJ207,20220218,20220218,134840500,13:48:40,14165,65,5581,4593875,0,0,0
CJ207,20220218,20220218,134842500,13:48:43,14165,65,5581,4593875,0,0,0
CJ207,20220218,20220218,134843000,13:48:43,14165,65,5581,4593875,0,0,0
CJ207,20220218,20220218,135009000,13:50:25,14165,65,5581,4593875,0,0,0
CJ207,20220218,20220218,135023500,13:50:26,14165,65,5581,4593875,0,0,0
CJ207,20220218,20220218,135027500,13:50:35,14165,65,5581,4593875,0,0,0
CJ207,20220218,20220218,135036500,13:50:38,14165,65,5581,4593875,0,0,0
CJ207,20220218,20220218,135044000,13:50:45,14165,65,5581,4593875,0,0,0
CJ207,20220218,20220218,135047000,13:50:47,14165,65,5581,4593875,0,0,0
CJ207,20220218,20220218,135117000,13:51:21,14165,65,5581,4593875,0,0,0
CJ207,20220218,20220218,135125000,13:51:25,14165,65,5581,4593875,0,0,0
CJ207,20220218,20220218,135126000,13:51:27,14165,65,5581,4593875,0,0,0
CJ207,20220218,20220218,135128500,13:51:29,14165,65,5581,4593875,0,0,0
CJ207,20220218,20220218,135146000,13:51:46,14165,65,5581,4593875,0,0,0
CJ207,20220218,20220218,135147500,13:51:48,14165,65,5581,4593875,0,0,0
CJ207,20220218,20220218,135159500,13:51:59,14165,65,5581,4593875,0,0,0
CJ207,20220218,20220218,135201000,13:52:01,14165,65,5581,4593875,0,0,0
CJ207,20220218,20220218,135203000,13:52:04,14165,65,5581,4593875,0,0,0
CJ207,20220218,20220218,135206500,13:52:08,14165,65,5581,4593875,0,0,0
CJ207,20220218,20220218,135207000,13:52:09,14165,65,5581,4593875,0,0,0
CJ207,20220218,20220218,135208500,13:52:10,14165,65,5581,4593875,0,0,0
CJ207,20220218,20220218,135226500,13:52:27,14165,65,5581,4593875,0,0,0
CJ207,20220218,20220218,135228500,13:52:28,14165,65,5581,4593875,0,0,0
CJ207,20220218,20220218,135234000,13:52:34,14165,65,5581,4593875,0,0,0
CJ207,20220218,20220218,135236000,13:52:37,14165,65,5581,4593875,0,0,0
CJ207,20220218,20220218,135256000,13:52:56,14165,65,5581,4593875,0,0,0
CJ207,20220218,20220218,135256500,13:52:57,14165,65,5581,4593875,0,0,0
CJ207,20220218,20220218,135258500,13:52:59,14165,65,5581,4593875,0,0,0
CJ207,20220218,20220218,135302000,13:53:02,14165,65,5581,4593875,0,0,0
CJ207,20220218,20220218,135306000,13:53:08,14165,65,5581,4593875,0,0,0
CJ207,20220218,20220218,135307500,13:53:09,14165,65,5581,4593875,0,0,0
CJ207,20220218,20220218,135323500,13:53:23,14165,65,5581,4593875,0,0,0
CJ207,20220218,20220218,135334500,13:53:35,14165,65,5581,4593875,0,0,0
CJ207,20220218,20220218,135336500,13:53:44,14165,65,5581,4593875,0,0,0
CJ207,20220218,20220218,135400000,13:54:08,14165,65,5581,4593875,0,0,0
CJ207,20220218,20220218,135403000,13:54:09,14165,65,5581,4593875,0,0,0
CJ207,20220218,20220218,135414500,13:54:14,14165,65,5581,4593875,0,0,0
CJ207,20220218,20220218,135415000,13:54:15,14165,65,5581,4593875,0,0,0
CJ207,20220218,20220218,135415500,13:54:15,14165,65,5581,4593875,0,0,0
CJ207,20220218,20220218,135452000,13:54:52,14165,65,5581,4593875,0,0,0
CJ207,20220218,20220218,135501000,13:55:01,14165,65,5581,4593875,0,0,0
CJ207,20220218,20220218,135501500,13:55:02,14165,65,5581,4593875,0,0,0
