CJ205,20220218,20220218,111940000,11:20:09,13670,4233,39059,288902250,4233,44,288902250
CJ205,20220218,20220218,112010000,11:20:10,13670,4239,39061,289311750,6,2,409500
CJ205,20220218,20220218,112011500,11:20:12,13670,4239,39061,289311750,0,0,0
CJ205,20220218,20220218,112023500,11:20:23,13670,4239,39061,289311750,0,0,0
CJ205,20220218,20220218,112040000,11:20:40,13670,4239,39061,289311750,0,0,0
CJ205,20220218,20220218,112040500,11:20:41,13680,4240,39060,289380000,1,-1,68250
CJ205,20220218,20220218,112044500,11:20:45,13680,4240,39060,289380000,0,0,0
CJ205,20220218,20220218,112049500,11:20:50,13680,4244,39056,289653000,4,-4,273000
CJ205,20220218,20220218,112100000,11:21:00,13680,4244,39056,289653000,0,0,0
CJ205,20220218,20220218,112108500,11:21:10,13670,4246,39056,289789500,2,0,136500
CJ205,20220218,20220218,112109000,11:21:10,13670,4246,39056,289789500,0,0,0
CJ205,20220218,20220218,112125000,11:22:28,13670,4248,39056,289926000,2,0,136500
CJ205,20220218,20220218,112309500,11:23:33,13660,4258,39055,290608500,10,-1,682500
CJ205,20220218,20220218,112445000,11:24:45,13660,4258,39055,290608500,0,0,0
CJ205,20220218,20220218,112445500,11:24:45,13660,4258,39055,290608500,0,0,0
CJ205,20220218,20220218,112446000,11:24:46,13660,4258,39055,290608500,0,0,0
CJ205,20220218,20220218,112448000,11:24:48,13660,4258,39055,290608500,0,0,0
CJ205,20220218,20220218,112456500,11:24:56,13660,4262,39051,290881500,4,-4,273000
CJ205,20220218,20220218,112459500,11:24:59,13660,4262,39051,290881500,0,0,0
CJ205,20220218,20220218,112501000,11:25:01,13660,4270,39043,291427500,8,-8,546000
CJ205,20220218,20220218,112501500,11:25:03,13660,4275,39043,291768750,5,0,341250
CJ205,20220218,20220218,112512500,11:25:12,13660,4275,39043,291768750,0,0,0
CJ205,20220218,20220218,112521500,11:25:22,13655,4279,39039,292041750,4,-4,273000
CJ205,20220218,20220218,112522500,11:25:22,13655,4279,39039,292041750,0,0,0
CJ205,20220218,20220218,112524000,11:25:25,13655,4279,39039,292041750,0,0,0
CJ205,20220218,20220218,112542500,11:25:42,13655,4279,39039,292041750,0,0,0
CJ205,20220218,20220218,112543000,11:25:43,13655,4279,39039,292041750,0,0,0
CJ205,20220218,20220218,112549000,11:25:49,13655,4279,39039,292041750,0,0,0
CJ205,20220218,20220218,112549500,11:25:49,13655,4279,39039,292041750,0,0,0
CJ205,20220218,20220218,112604000,11:26:05,13655,4284,39034,292383000,5,-5,341250
CJ205,20220218,20220218,112604500,11:26:05,13665,4285,39034,292451250,1,0,68250
CJ205,20220218,20220218,112609500,11:26:10,13665,4290,39034,292792500,5,0,341250
CJ205,20220218,20220218,112651000,11:27:10,13665,4290,39034,292792500,0,0,0
CJ205,20220218,20220218,112710000,11:27:12,13665,4290,39034,292792500,0,0,0
CJ205,20220218,20220218,112752000,11:27:54,13665,4290,39034,292792500,0,0,0
CJ205,20220218,20220218,112758000,11:27:58,13665,4290,39034,292792500,0,0,0
CJ205,20220218,20220218,112807500,11:28:11,13665,4290,39034,292792500,0,0,0
CJ205,20220218,20220218,112808500,11:28:11,13665,4290,39034,292792500,0,0,0
CJ205,20220218,20220218,112814500,11:28:14,13665,4290,39034,292792500,0,0,0
CJ205,20220218,20220218,112847000,11:28:47,13665,4290,39034,292792500,0,0,0
CJ205,20220218,20220218,112911000,11:29:11,13675,4304,39033,293748000,14,-1,955500
CJ205,20220218,20220218,112911500,11:29:12,13675,4305,39033,293816250,1,0,68250
CJ205,20220218,20220218,112918000,11:29:21,13675,4305,39033,293816250,0,0,0
CJ205,20220218,20220218,112919000,11:29:21,13675,4306,39032,293884500,1,-1,68250
CJ205,20220218,20220218,112922500,11:29:24,13675,4309,39032,294089250,3,0,204750
CJ205,20220218,20220218,112924000,11:29:24,13680,4312,39029,294401800,3,-3,312550
CJ205,20220218,20220218,112934500,11:29:38,13680,4316,39029,294674900,4,0,273100
CJ205,20220218,20220218,112937000,11:29:38,13680,4316,39029,294674900,0,0,0
CJ205,20220218,20220218,112938500,11:29:39,13680,4316,39029,294674900,0,0,0
CJ205,20220218,20220218,112943000,11:29:45,13680,4316,39029,294674900,0,0,0
CJ205,20220218,20220218,112948500,11:29:49,13670,4324,39028,295221100,8,-1,546200
CJ205,20220218,20220218,112949000,11:29:50,13670,4324,39028,295221100,0,0,0
CJ205,20220218,20220218,112952500,11:29:53,13670,4324,39028,295221100,0,0,0
CJ205,20220218,20220218,112953000,11:29:54,13670,4324,39028,295221100,0,0,0
CJ205,20220218,20220218,133001000,13:30:01,13670,4330,39028,295630750,6,0,409650
CJ205,20220218,20220218,133001500,13:30:02,13665,4339,39023,296245225,9,-5,614475
CJ205,20220218,20220218,133002000,13:30:08,13665,4339,39023,296245225,0,0,0
CJ205,20220218,20220218,133002500,13:30:10,13660,4343,39023,296518325,4,0,273100
CJ205,20220218,20220218,133004500,13:30:10,13660,4347,39019,296791425,4,-4,273100
CJ205,20220218,20220218,133017000,13:30:18,13650,4371,39022,298430025,24,3,1638600
CJ205,20220218,20220218,133017500,13:30:18,13650,4377,39022,298839675,6,0,409650
CJ205,20220218,20220218,133018000,13:30:19,13655,4381,39018,299112775,4,-4,273100
CJ205,20220218,20220218,133020000,13:30:21,13655,4395,39004,300068625,14,-14,955850
CJ205,20220218,20220218,133028000,13:30:40,13655,4398,39001,300273450,3,-3,204825
CJ205,20220218,20220218,133041500,13:30:44,13655,4400,39001,300410000,2,0,136550
CJ205,20220218,20220218,133043500,13:30:44,13655,4400,39001,300410000,0,0,0
CJ205,20220218,20220218,133046000,13:30:47,13655,4400,39001,300410000,0,0,0
CJ205,20220218,20220218,133052500,13:30:53,13645,4406,38995,300819650,6,-6,409650
CJ205,20220218,20220218,133053000,13:30:54,13645,4406,38995,300819650,0,0,0
CJ205,20220218,20220218,133057000,13:30:58,13660,4416,38997,301502400,10,2,682750
CJ205,20220218,20220218,133057500,13:30:58,13645,4420,38997,301775500,4,0,273100
CJ205,20220218,20220218,133100000,13:31:00,13640,4421,38996,301843775,1,-1,68275
CJ205,20220218,20220218,133100500,13:31:01,13635,4441,38983,303209275,20,-13,1365500
CJ205,20220218,20220218,133108000,13:31:09,13635,4441,38983,303209275,0,0,0
CJ205,20220218,20220218,133109000,13:31:09,13650,4445,38987,303482375,4,4,273100
CJ205,20220218,20220218,133110500,13:31:11,13640,4446,38987,303550650,1,0,68275
CJ205,20220218,20220218,133120500,13:31:21,13650,4450,38991,303823750,4,4,273100
CJ205,20220218,20220218,133121000,13:31:21,13650,4450,38991,303823750,0,0,0
CJ205,20220218,20220218,133123000,13:31:25,13650,4450,38991,303823750,0,0,0
CJ205,20220218,20220218,133156000,13:31:56,13650,4450,38991,303823750,0,0,0
CJ205,20220218,20220218,133159500,13:32:00,13630,4503,38977,307329750,53,-14,3506000
CJ205,20220218,20220218,133200000,13:32:00,13635,4504,38976,307398000,1,-1,68250
CJ205,20220218,20220218,133204500,13:32:05,13635,4504,38976,307398000,0,0,0
CJ205,20220218,20220218,133207000,13:32:07,13635,4504,38976,307398000,0,0,0
CJ205,20220218,20220218,133208000,13:32:09,13640,4506,38974,307534500,2,-2,136500
CJ205,20220218,20220218,133214000,13:32:15,13610,4541,38957,309923250,35,-17,2388750
CJ205,20220218,20220218,133214500,13:32:16,13645,4551,38956,310605750,10,-1,682500
CJ205,20220218,20220218,133215000,13:32:16,13645,4552,38955,310674000,1,-1,68250
CJ205,20220218,20220218,133218000,13:32:18,13645,4552,38955,310674000,0,0,0
CJ205,20220218,20220218,133220500,13:32:21,13645,4552,38955,310674000,0,0,0
CJ205,20220218,20220218,133221000,13:32:21,13645,4552,38955,310674000,0,0,0
CJ205,20220218,20220218,133221500,13:32:22,13645,4552,38955,310674000,0,0,0
CJ205,20220218,20220218,133224000,13:32:24,13645,4552,38955,310674000,0,0,0
CJ205,20220218,20220218,133224500,13:32:25,13615,4561,38947,311288250,9,-8,614250
CJ205,20220218,20220218,133227000,13:32:27,13615,4561,38947,311288250,0,0,0
CJ205,20220218,20220218,133227500,13:32:28,13615,4561,38947,311288250,0,0,0
CJ205,20220218,20220218,133230500,13:32:34,13615,4561,38947,311288250,0,0,0
CJ205,20220218,20220218,133233000,13:32:35,13615,4561,38947,311288250,0,0,0
CJ205,20220218,20220218,133236500,13:32:37,13615,4561,38947,311288250,0,0,0
CJ205,20220218,20220218,133237000,13:32:37,13615,4561,38947,311288250,0,0,0
CJ205,20220218,20220218,133242000,13:32:42,13615,4561,38947,311288250,0,0,0
CJ205,20220218,20220218,133244000,13:32:44,13625,4565,38951,311561250,4,4,273000
CJ205,20220218,20220218,133246000,13:32:47,13625,4565,38951,311561250,0,0,0
CJ205,20220218,20220218,133246500,13:32:47,13625,4565,38951,311561250,0,0,0
CJ205,20220218,20220218,133252000,13:32:53,13630,4566,38950,311629500,1,-1,68250
CJ205,20220218,20220218,133256000,13:32:56,13625,4572,38948,312039000,6,-2,409500
CJ205,20220218,20220218,133257500,13:33:00,13620,4576,38952,312312000,4,4,273000
CJ205,20220218,20220218,133300000,13:33:01,13625,4581,38947,312653250,5,-5,341250
CJ205,20220218,20220218,133303500,13:33:04,13620,4582,38947,312721500,1,0,68250
CJ205,20220218,20220218,133304000,13:33:04,13620,4585,38947,312926250,3,0,204750
CJ205,20220218,20220218,133304500,13:33:05,13620,4585,38947,312926250,0,0,0
CJ205,20220218,20220218,133314500,13:33:17,13620,4585,38947,312926250,0,0,0
CJ205,20220218,20220218,133318000,13:33:19,13620,4585,38947,312926250,0,0,0
CJ205,20220218,20220218,133323000,13:33:23,13620,4585,38947,312926250,0,0,0
CJ205,20220218,20220218,133323500,13:33:24,13620,4586,38946,312994500,1,-1,68250
CJ205,20220218,20220218,133326000,13:33:27,13620,4590,38947,313267500,4,1,273000
CJ205,20220218,20220218,133327500,13:33:29,13620,4593,38947,313472250,3,0,204750
CJ205,20220218,20220218,133328500,13:33:30,13615,4600,38940,313950000,7,-7,477750
CJ205,20220218,20220218,133329000,13:33:30,13615,4601,38939,314018250,1,-1,68250
CJ205,20220218,20220218,133330500,13:33:31,13615,4601,38939,314018250,0,0,0
CJ205,20220218,20220218,133331500,13:33:32,13610,4608,38939,314496000,7,0,477750
CJ205,20220218,20220218,133335500,13:33:35,13605,4611,38936,314700750,3,-3,204750
CJ205,20220218,20220218,133336000,13:33:36,13610,4615,38933,314973750,4,-3,273000
CJ205,20220218,20220218,133336500,13:33:36,13610,4624,38937,315588000,9,4,614250
CJ205,20220218,20220218,133338000,13:33:38,13610,4624,38937,315588000,0,0,0
CJ205,20220218,20220218,133340000,13:33:40,13625,4630,38931,315997500,6,-6,409500
CJ205,20220218,20220218,133342500,13:33:42,13625,4642,38919,316816500,12,-12,819000
CJ205,20220218,20220218,133343000,13:33:43,13625,4642,38919,316816500,0,0,0
CJ205,20220218,20220218,133343500,13:33:44,13630,4644,38917,316953000,2,-2,136500
CJ205,20220218,20220218,133345500,13:33:47,13630,4646,38915,317089500,2,-2,136500
CJ205,20220218,20220218,133346000,13:33:48,13630,4646,38915,317089500,0,0,0
CJ205,20220218,20220218,133348000,13:33:49,13630,4650,38919,317362500,4,4,273000
CJ205,20220218,20220218,133348500,13:33:49,13630,4650,38919,317362500,0,0,0
CJ205,20220218,20220218,133349000,13:33:50,13630,4650,38919,317362500,0,0,0
CJ205,20220218,20220218,133351500,13:33:52,13630,4650,38919,317362500,0,0,0
CJ205,20220218,20220218,133352000,13:33:52,13630,4650,38919,317362500,0,0,0
CJ205,20220218,20220218,133354000,13:33:54,13630,4650,38919,317362500,0,0,0
CJ205,20220218,20220218,133356000,13:33:56,13625,4652,38917,317499000,2,-2,136500
CJ205,20220218,20220218,133356500,13:33:57,13625,4652,38917,317499000,0,0,0
CJ205,20220218,20220218,133358500,13:33:58,13625,4652,38917,317499000,0,0,0
CJ205,20220218,20220218,133402500,13:34:10,13625,4652,38917,317499000,0,0,0
CJ205,20220218,20220218,133403000,13:34:10,13625,4652,38917,317499000,0,0,0
CJ205,20220218,20220218,133410000,13:34:11,13625,4652,38917,317499000,0,0,0
CJ205,20220218,20220218,133410500,13:34:12,13625,4652,38917,317499000,0,0,0
CJ205,20220218,20220218,133412500,13:34:13,13625,4652,38917,317499000,0,0,0
CJ205,20220218,20220218,133413000,13:34:13,13625,4652,38917,317499000,0,0,0
CJ205,20220218,20220218,133414000,13:34:14,13625,4652,38917,317499000,0,0,0
CJ205,20220218,20220218,133415000,13:34:15,13635,4661,38912,318113250,9,-5,614250
CJ205,20220218,20220218,133415500,13:34:16,13635,4662,38911,318181500,1,-1,68250
CJ205,20220218,20220218,133416000,13:34:16,13635,4662,38911,318181500,0,0,0
CJ205,20220218,20220218,133417500,13:34:17,13635,4662,38911,318181500,0,0,0
CJ205,20220218,20220218,133418000,13:34:18,13635,4662,38911,318181500,0,0,0
CJ205,20220218,20220218,133420000,13:34:20,13635,4662,38911,318181500,0,0,0
CJ205,20220218,20220218,133420500,13:34:21,13635,4662,38911,318181500,0,0,0
CJ205,20220218,20220218,133423000,13:34:24,13635,4662,38911,318181500,0,0,0
CJ205,20220218,20220218,133424000,13:34:24,13635,4662,38911,318181500,0,0,0
CJ205,20220218,20220218,133425000,13:34:25,13635,4662,38911,318181500,0,0,0
CJ205,20220218,20220218,133425500,13:34:26,13635,4662,38911,318181500,0,0,0
CJ205,20220218,20220218,133427500,13:34:27,13635,4662,38911,318181500,0,0,0
CJ205,20220218,20220218,133428000,13:34:28,13635,4662,38911,318181500,0,0,0
CJ205,20220218,20220218,133430000,13:34:30,13635,4662,38911,318181500,0,0,0
CJ205,20220218,20220218,133432500,13:34:32,13635,4662,38911,318181500,0,0,0
CJ205,20220218,20220218,133433000,13:34:33,13635,4662,38911,318181500,0,0,0
CJ205,20220218,20220218,133438000,13:34:38,13635,4662,38911,318181500,0,0,0
CJ205,20220218,20220218,133438500,13:34:38,13635,4662,38911,318181500,0,0,0
CJ205,20220218,20220218,133450500,13:34:51,13635,4665,38910,318386250,3,-1,204750
CJ205,20220218,20220218,133451000,13:34:51,13635,4665,38910,318386250,0,0,0
CJ205,20220218,20220218,133453000,13:34:53,13635,4665,38910,318386250,0,0,0
CJ205,20220218,20220218,133453500,13:34:55,13635,4665,38910,318386250,0,0,0
CJ205,20220218,20220218,133455500,13:34:56,13635,4665,38910,318386250,0,0,0
CJ205,20220218,20220218,133456000,13:34:56,13635,4665,38910,318386250,0,0,0
CJ205,20220218,20220218,133456500,13:34:57,13635,4669,38914,318659250,4,4,273000
CJ205,20220218,20220218,133458000,13:34:58,13635,4670,38914,318727500,1,0,68250
CJ205,20220218,20220218,133458500,13:34:59,13635,4670,38914,318727500,0,0,0
CJ205,20220218,20220218,133500500,13:35:02,13635,4670,38914,318727500,0,0,0
CJ205,20220218,20220218,133501000,13:35:04,13635,4670,38914,318727500,0,0,0
CJ205,20220218,20220218,133503500,13:35:10,13635,4670,38914,318727500,0,0,0
CJ205,20220218,20220218,133508500,13:35:10,13635,4670,38914,318727500,0,0,0
CJ205,20220218,20220218,133510500,13:35:11,13635,4670,38914,318727500,0,0,0
CJ205,20220218,20220218,133511000,13:35:11,13635,4670,38914,318727500,0,0,0
CJ205,20220218,20220218,133511500,13:35:12,13630,4674,38914,319000500,4,0,273000
CJ205,20220218,20220218,133513000,13:35:13,13630,4674,38914,319000500,0,0,0
CJ205,20220218,20220218,133521500,13:35:22,13630,4674,38914,319000500,0,0,0
CJ205,20220218,20220218,133522000,13:35:22,13630,4674,38914,319000500,0,0,0
CJ205,20220218,20220218,133524000,13:35:25,13630,4674,38914,319000500,0,0,0
CJ205,20220218,20220218,133524500,13:35:25,13630,4674,38914,319000500,0,0,0
CJ205,20220218,20220218,133526500,13:35:27,13630,4674,38914,319000500,0,0,0
CJ205,20220218,20220218,133527000,13:35:27,13630,4674,38914,319000500,0,0,0
CJ205,20220218,20220218,133529500,13:35:32,13630,4674,38914,319000500,0,0,0
CJ205,20220218,20220218,133531500,13:35:41,13630,4674,38914,319000500,0,0,0
CJ205,20220218,20220218,133532000,13:35:42,13630,4674,38914,319000500,0,0,0
CJ205,20220218,20220218,133537500,13:35:43,13630,4674,38914,319000500,0,0,0
CJ205,20220218,20220218,133546500,13:35:46,13645,4691,38907,320160750,17,-7,1160250
CJ205,20220218,20220218,133557000,13:35:59,13645,4692,38906,320229000,1,-1,68250
CJ205,20220218,20220218,133557500,13:36:00,13645,4693,38906,320297250,1,0,68250
CJ205,20220218,20220218,133558000,13:36:01,13645,4696,38906,320502000,3,0,204750
CJ205,20220218,20220218,133601500,13:36:03,13645,4701,38906,320843250,5,0,341250
CJ205,20220218,20220218,133602500,13:36:03,13645,4701,38906,320843250,0,0,0
CJ205,20220218,20220218,133606500,13:36:07,13645,4705,38906,321116250,4,0,273000
CJ205,20220218,20220218,133607500,13:36:08,13645,4706,38905,321184500,1,-1,68250
CJ205,20220218,20220218,133609000,13:36:09,13645,4706,38905,321184500,0,0,0
CJ205,20220218,20220218,133612000,13:36:12,13635,4709,38905,321389250,3,0,204750
CJ205,20220218,20220218,133614500,13:36:14,13635,4709,38905,321389250,0,0,0
CJ205,20220218,20220218,133616500,13:36:17,13635,4709,38905,321389250,0,0,0
CJ205,20220218,20220218,133624000,13:36:24,13635,4709,38905,321389250,0,0,0
CJ205,20220218,20220218,133639500,13:36:40,13635,4709,38905,321389250,0,0,0
CJ205,20220218,20220218,133640000,13:36:40,13635,4709,38905,321389250,0,0,0
CJ205,20220218,20220218,133642000,13:36:42,13635,4709,38905,321389250,0,0,0
CJ205,20220218,20220218,133701000,13:37:01,13640,4715,38911,321798750,6,6,409500
CJ205,20220218,20220218,133701500,13:37:02,13640,4715,38911,321798750,0,0,0
CJ205,20220218,20220218,133702500,13:37:03,13630,4719,38907,322071750,4,-4,273000
CJ205,20220218,20220218,133703500,13:37:03,13630,4719,38907,322071750,0,0,0
CJ205,20220218,20220218,133709500,13:37:10,13630,4719,38907,322071750,0,0,0
CJ205,20220218,20220218,133710000,13:37:11,13630,4719,38907,322071750,0,0,0
CJ205,20220218,20220218,133712000,13:37:13,13630,4719,38907,322071750,0,0,0
CJ205,20220218,20220218,133712500,13:37:13,13630,4719,38907,322071750,0,0,0
CJ205,20220218,20220218,133714500,13:37:15,13630,4719,38907,322071750,0,0,0
CJ205,20220218,20220218,133715000,13:37:15,13630,4719,38907,322071750,0,0,0
CJ205,20220218,20220218,133717000,13:37:17,13630,4719,38907,322071750,0,0,0
CJ205,20220218,20220218,133717500,13:37:18,13630,4719,38907,322071750,0,0,0
CJ205,20220218,20220218,133719500,13:37:20,13630,4719,38907,322071750,0,0,0
CJ205,20220218,20220218,133720000,13:37:21,13630,4719,38907,322071750,0,0,0
CJ205,20220218,20220218,133722000,13:37:22,13630,4719,38907,322071750,0,0,0
CJ205,20220218,20220218,133722500,13:37:23,13630,4719,38907,322071750,0,0,0
CJ205,20220218,20220218,133724500,13:37:25,13630,4719,38907,322071750,0,0,0
CJ205,20220218,20220218,133725000,13:37:25,13630,4719,38907,322071750,0,0,0
CJ205,20220218,20220218,133727000,13:37:27,13630,4719,38907,322071750,0,0,0
CJ205,20220218,20220218,133727500,13:37:27,13630,4719,38907,322071750,0,0,0
CJ205,20220218,20220218,133729500,13:37:30,13630,4719,38907,322071750,0,0,0
CJ205,20220218,20220218,133730000,13:37:30,13630,4719,38907,322071750,0,0,0
CJ205,20220218,20220218,133732000,13:37:32,13630,4719,38907,322071750,0,0,0
CJ205,20220218,20220218,133732500,13:37:33,13630,4719,38907,322071750,0,0,0
CJ205,20220218,20220218,133733500,13:37:33,13635,4720,38906,322140000,1,-1,68250
CJ205,20220218,20220218,133734500,13:37:34,13635,4720,38906,322140000,0,0,0
CJ205,20220218,20220218,133802000,13:38:03,13635,4720,38906,322140000,0,0,0
CJ205,20220218,20220218,133802500,13:38:05,13635,4720,38906,322140000,0,0,0
CJ205,20220218,20220218,133805000,13:38:06,13635,4720,38906,322140000,0,0,0
CJ205,20220218,20220218,133807000,13:38:09,13635,4720,38906,322140000,0,0,0
CJ205,20220218,20220218,133807500,13:38:09,13635,4720,38906,322140000,0,0,0
CJ205,20220218,20220218,133809500,13:38:10,13635,4720,38906,322140000,0,0,0
CJ205,20220218,20220218,133810000,13:38:10,13635,4720,38906,322140000,0,0,0
CJ205,20220218,20220218,133812000,13:38:14,13635,4720,38906,322140000,0,0,0
CJ205,20220218,20220218,133812500,13:38:14,13635,4720,38906,322140000,0,0,0
CJ205,20220218,20220218,133814500,13:38:17,13635,4720,38906,322140000,0,0,0
CJ205,20220218,20220218,133815000,13:38:17,13635,4720,38906,322140000,0,0,0
CJ205,20220218,20220218,133817000,13:38:18,13635,4720,38906,322140000,0,0,0
CJ205,20220218,20220218,133817500,13:38:18,13635,4721,38905,322208250,1,-1,68250
CJ205,20220218,20220218,133914500,13:39:16,13635,4725,38901,322481250,4,-4,273000
CJ205,20220218,20220218,134008000,13:40:13,13635,4725,38901,322481250,0,0,0
CJ205,20220218,20220218,134013000,13:40:13,13625,4729,38905,322754250,4,4,273000
CJ205,20220218,20220218,134018000,13:40:18,13620,4742,38901,323641500,13,-4,887250
CJ205,20220218,20220218,134018500,13:40:19,13620,4743,38900,323709750,1,-1,68250
CJ205,20220218,20220218,134034500,13:40:35,13620,4743,38900,323709750,0,0,0
CJ205,20220218,20220218,134035000,13:40:35,13620,4743,38900,323709750,0,0,0
CJ205,20220218,20220218,134038500,13:40:38,13610,4768,38905,325416000,25,5,1706250
CJ205,20220218,20220218,134039000,13:40:40,13610,4768,38905,325416000,0,0,0
CJ205,20220218,20220218,134039500,13:40:40,13610,4768,38905,325416000,0,0,0
CJ205,20220218,20220218,134040500,13:40:41,13610,4770,38903,325552500,2,-2,136500
CJ205,20220218,20220218,134041500,13:40:42,13610,4770,38903,325552500,0,0,0
CJ205,20220218,20220218,134042000,13:40:42,13610,4770,38903,325552500,0,0,0
CJ205,20220218,20220218,134044000,13:40:44,13610,4770,38903,325552500,0,0,0
CJ205,20220218,20220218,134044500,13:40:44,13610,4770,38903,325552500,0,0,0
CJ205,20220218,20220218,134046500,13:40:46,13610,4770,38903,325552500,0,0,0
CJ205,20220218,20220218,134047000,13:40:47,13610,4770,38903,325552500,0,0,0
CJ205,20220218,20220218,134049000,13:40:49,13610,4770,38903,325552500,0,0,0
CJ205,20220218,20220218,134049500,13:40:49,13620,4774,38899,325825500,4,-4,273000
CJ205,20220218,20220218,134051500,13:40:55,13620,4774,38899,325825500,0,0,0
CJ205,20220218,20220218,134052000,13:40:55,13620,4774,38899,325825500,0,0,0
CJ205,20220218,20220218,134054500,13:40:55,13620,4774,38899,325825500,0,0,0
CJ205,20220218,20220218,134056500,13:40:58,13620,4774,38899,325825500,0,0,0
CJ205,20220218,20220218,134057000,13:40:58,13620,4774,38899,325825500,0,0,0
CJ205,20220218,20220218,134059000,13:40:59,13620,4774,38899,325825500,0,0,0
CJ205,20220218,20220218,134059500,13:41:00,13620,4774,38899,325825500,0,0,0
CJ205,20220218,20220218,134102000,13:41:02,13620,4774,38899,325825500,0,0,0
CJ205,20220218,20220218,134103000,13:41:03,13620,4774,38899,325825500,0,0,0
CJ205,20220218,20220218,134104000,13:41:05,13625,4783,38899,326439750,9,0,614250
CJ205,20220218,20220218,134104500,13:41:06,13625,4789,38893,326849250,6,-6,409500
CJ205,20220218,20220218,134106500,13:41:07,13625,4789,38893,326849250,0,0,0
CJ205,20220218,20220218,134107000,13:41:09,13625,4789,38893,326849250,0,0,0
CJ205,20220218,20220218,134109500,13:41:10,13625,4789,38893,326849250,0,0,0
CJ205,20220218,20220218,134110000,13:41:10,13625,4789,38893,326849250,0,0,0
CJ205,20220218,20220218,134111500,13:41:12,13625,4789,38893,326849250,0,0,0
CJ205,20220218,20220218,134114500,13:41:16,13625,4793,38889,327122250,4,-4,273000
CJ205,20220218,20220218,134117000,13:41:17,13625,4793,38889,327122250,0,0,0
CJ205,20220218,20220218,134119000,13:41:19,13625,4793,38889,327122250,0,0,0
CJ205,20220218,20220218,134119500,13:41:20,13625,4793,38889,327122250,0,0,0
CJ205,20220218,20220218,134121500,13:41:24,13625,4793,38889,327122250,0,0,0
CJ205,20220218,20220218,134122000,13:41:24,13625,4795,38887,327258750,2,-2,136500
CJ205,20220218,20220218,134124500,13:41:26,13625,4795,38887,327258750,0,0,0
CJ205,20220218,20220218,134125000,13:41:27,13625,4795,38887,327258750,0,0,0
CJ205,20220218,20220218,134125500,13:41:27,13625,4795,38887,327258750,0,0,0
CJ205,20220218,20220218,134127000,13:41:27,13625,4795,38887,327258750,0,0,0
CJ205,20220218,20220218,134127500,13:41:27,13625,4795,38887,327258750,0,0,0
CJ205,20220218,20220218,134128000,13:41:28,13625,4795,38887,327258750,0,0,0
CJ205,20220218,20220218,134128500,13:41:28,13625,4803,38891,327804750,8,4,546000
CJ205,20220218,20220218,134130000,13:41:30,13625,4803,38891,327804750,0,0,0
CJ205,20220218,20220218,134130500,13:41:31,13625,4803,38891,327804750,0,0,0
CJ205,20220218,20220218,134135000,13:41:35,13620,4808,38896,328146000,5,5,341250
CJ205,20220218,20220218,134135500,13:41:35,13620,4808,38896,328146000,0,0,0
CJ205,20220218,20220218,134159500,13:42:06,13620,4808,38896,328146000,0,0,0
CJ205,20220218,20220218,134208500,13:42:11,13620,4808,38896,328146000,0,0,0
CJ205,20220218,20220218,134211000,13:42:12,13615,4819,38893,328896750,11,-3,750750
CJ205,20220218,20220218,134213500,13:42:14,13610,4823,38897,329169750,4,4,273000
CJ205,20220218,20220218,134218500,13:42:20,13610,4823,38897,329169750,0,0,0
CJ205,20220218,20220218,134222500,13:42:22,13610,4826,38895,329374500,3,-2,204750
CJ205,20220218,20220218,134223000,13:42:23,13610,4827,38894,329442750,1,-1,68250
CJ205,20220218,20220218,134225000,13:42:25,13610,4827,38894,329442750,0,0,0
CJ205,20220218,20220218,134229000,13:42:29,13600,4843,38896,330534750,16,2,1092000
CJ205,20220218,20220218,134229500,13:42:29,13615,4849,38895,330944250,6,-1,409500
CJ205,20220218,20220218,134248000,13:42:48,13615,4849,38895,330944250,0,0,0
CJ205,20220218,20220218,134254000,13:42:54,13615,4850,38894,331012500,1,-1,68250
CJ205,20220218,20220218,134255500,13:42:55,13615,4850,38894,331012500,0,0,0
CJ205,20220218,20220218,134257000,13:42:59,13615,4850,38894,331012500,0,0,0
CJ205,20220218,20220218,134257500,13:42:59,13615,4852,38892,331149000,2,-2,136500
CJ205,20220218,20220218,134320500,13:43:21,13615,4852,38892,331149000,0,0,0
CJ205,20220218,20220218,134321000,13:43:21,13615,4852,38892,331149000,0,0,0
CJ205,20220218,20220218,134323000,13:43:23,13615,4852,38892,331149000,0,0,0
CJ205,20220218,20220218,134323500,13:43:24,13615,4852,38892,331149000,0,0,0
CJ205,20220218,20220218,134325500,13:43:26,13615,4852,38892,331149000,0,0,0
CJ205,20220218,20220218,134326000,13:43:26,13615,4852,38892,331149000,0,0,0
CJ205,20220218,20220218,134327000,13:43:27,13610,4853,38892,331217250,1,0,68250
CJ205,20220218,20220218,134327500,13:43:27,13610,4853,38892,331217250,0,0,0
CJ205,20220218,20220218,134329500,13:43:30,13610,4853,38892,331217250,0,0,0
CJ205,20220218,20220218,134330500,13:43:30,13610,4853,38892,331217250,0,0,0
CJ205,20220218,20220218,134332000,13:43:32,13610,4858,38897,331558500,5,5,341250
CJ205,20220218,20220218,134332500,13:43:32,13610,4858,38897,331558500,0,0,0
CJ205,20220218,20220218,134333500,13:43:34,13610,4858,38897,331558500,0,0,0
CJ205,20220218,20220218,134338500,13:43:38,13610,4858,38897,331558500,0,0,0
CJ205,20220218,20220218,134353000,13:44:00,13610,4858,38897,331558500,0,0,0
CJ205,20220218,20220218,134401500,13:44:04,13615,4866,38897,332104500,8,0,546000
CJ205,20220218,20220218,134404000,13:44:04,13615,4866,38897,332104500,0,0,0
CJ205,20220218,20220218,134405000,13:44:05,13615,4866,38897,332104500,0,0,0
CJ205,20220218,20220218,134407000,13:44:07,13615,4866,38897,332104500,0,0,0
CJ205,20220218,20220218,134408000,13:44:08,13630,4869,38894,332309250,3,-3,204750
CJ205,20220218,20220218,134408500,13:44:09,13620,4875,38894,332718750,6,0,409500
CJ205,20220218,20220218,134412500,13:44:17,13620,4875,38894,332718750,0,0,0
CJ205,20220218,20220218,134423500,13:44:24,13615,4887,38898,333537750,12,4,819000
CJ205,20220218,20220218,134424000,13:44:24,13615,4887,38898,333537750,0,0,0
CJ205,20220218,20220218,134426000,13:44:26,13605,4894,38902,334015500,7,4,477750
CJ205,20220218,20220218,134426500,13:44:26,13605,4897,38905,334220250,3,3,204750
CJ205,20220218,20220218,134427000,13:44:27,13600,4907,38910,334902750,10,5,682500
CJ205,20220218,20220218,134427500,13:44:28,13600,4907,38910,334902750,0,0,0
CJ205,20220218,20220218,134430500,13:44:37,13600,4907,38910,334902750,0,0,0
CJ205,20220218,20220218,134435500,13:44:37,13605,4908,38910,334971000,1,0,68250
CJ205,20220218,20220218,134437500,13:44:38,13605,4912,38909,335244000,4,-1,273000
CJ205,20220218,20220218,134438000,13:44:38,13615,4916,38905,335517000,4,-4,273000
CJ205,20220218,20220218,134447500,13:44:47,13615,4916,38905,335517000,0,0,0
CJ205,20220218,20220218,134454500,13:44:55,13605,4918,38905,335653500,2,0,136500
CJ205,20220218,20220218,134456000,13:44:56,13615,4921,38907,335858250,3,2,204750
CJ205,20220218,20220218,134456500,13:44:56,13615,4921,38907,335858250,0,0,0
CJ205,20220218,20220218,134503500,13:45:04,13620,4922,38907,335926500,1,0,68250
CJ205,20220218,20220218,134505500,13:45:09,13620,4922,38907,335926500,0,0,0
CJ205,20220218,20220218,134509500,13:45:10,13620,4925,38904,336131250,3,-3,204750
CJ205,20220218,20220218,134510000,13:45:10,13625,4926,38904,336199500,1,0,68250
CJ205,20220218,20220218,134510500,13:45:10,13625,4926,38904,336199500,0,0,0
CJ205,20220218,20220218,134511500,13:45:11,13625,4926,38904,336199500,0,0,0
CJ205,20220218,20220218,134523000,13:45:23,13625,4927,38903,336267750,1,-1,68250
CJ205,20220218,20220218,134525500,13:45:27,13630,4931,38907,336540750,4,4,273000
CJ205,20220218,20220218,134526000,13:45:27,13630,4931,38907,336540750,0,0,0
CJ205,20220218,20220218,134533500,13:45:34,13620,4936,38911,336882000,5,4,341250
CJ205,20220218,20220218,134534000,13:45:35,13620,4936,38911,336882000,0,0,0
CJ205,20220218,20220218,134534500,13:45:35,13620,4936,38911,336882000,0,0,0
CJ205,20220218,20220218,134535000,13:45:35,13620,4936,38911,336882000,0,0,0
CJ205,20220218,20220218,134536000,13:45:36,13635,4941,38911,337223250,5,0,341250
CJ205,20220218,20220218,134542000,13:45:45,13635,4941,38911,337223250,0,0,0
CJ205,20220218,20220218,134600500,13:46:01,13635,4945,38909,337496250,4,-2,273000
CJ205,20220218,20220218,134601500,13:46:02,13635,4945,38909,337496250,0,0,0
CJ205,20220218,20220218,134602000,13:46:03,13635,4945,38909,337496250,0,0,0
CJ205,20220218,20220218,134617500,13:46:18,13635,4945,38909,337496250,0,0,0
CJ205,20220218,20220218,134618000,13:46:18,13635,4945,38909,337496250,0,0,0
CJ205,20220218,20220218,134623000,13:46:30,13635,4945,38909,337496250,0,0,0
CJ205,20220218,20220218,134640000,13:46:40,13625,4947,38907,337632750,2,-2,136500
CJ205,20220218,20220218,134640500,13:46:42,13625,4947,38907,337632750,0,0,0
CJ205,20220218,20220218,134644000,13:46:46,13625,4948,38906,337701000,1,-1,68250
CJ205,20220218,20220218,134653000,13:46:54,13625,4948,38906,337701000,0,0,0
CJ205,20220218,20220218,134653500,13:46:54,13620,4952,38902,337974000,4,-4,273000
CJ205,20220218,20220218,134654000,13:46:55,13620,4952,38902,337974000,0,0,0
CJ205,20220218,20220218,134659000,13:46:59,13620,4952,38902,337974000,0,0,0
CJ205,20220218,20220218,134659500,13:46:59,13620,4952,38902,337974000,0,0,0
CJ205,20220218,20220218,134700000,13:47:00,13635,4968,38902,339066000,16,0,1092000
CJ205,20220218,20220218,134700500,13:47:00,13635,4972,38906,339339000,4,4,273000
CJ205,20220218,20220218,134704000,13:47:04,13635,4973,38906,339407250,1,0,68250
CJ205,20220218,20220218,134708500,13:47:11,13645,5007,38912,341727750,34,6,2320500
CJ205,20220218,20220218,134710500,13:47:12,13645,5007,38912,341727750,0,0,0
CJ205,20220218,20220218,134722500,13:47:26,13650,5021,38908,342683250,14,-4,955500
CJ205,20220218,20220218,134727500,13:47:28,13655,5042,38915,344116500,21,7,1433250
CJ205,20220218,20220218,134738000,13:47:38,13655,5042,38915,344116500,0,0,0
CJ205,20220218,20220218,134740500,13:47:40,13655,5042,38915,344116500,0,0,0
CJ205,20220218,20220218,134741000,13:47:41,13655,5042,38915,344116500,0,0,0
CJ205,20220218,20220218,134817500,13:48:18,13640,5046,38915,344389500,4,0,273000
CJ205,20220218,20220218,134818000,13:48:19,13640,5052,38921,344799000,6,6,409500
CJ205,20220218,20220218,134818500,13:48:20,13640,5052,38921,344799000,0,0,0
CJ205,20220218,20220218,134829500,13:48:30,13640,5052,38921,344799000,0,0,0
CJ205,20220218,20220218,134832000,13:48:32,13650,5053,38921,344867250,1,0,68250
CJ205,20220218,20220218,134834500,13:48:36,13650,5053,38921,344867250,0,0,0
CJ205,20220218,20220218,134840000,13:48:40,13650,5058,38921,345208500,5,0,341250
CJ205,20220218,20220218,134840500,13:48:40,13650,5060,38923,345345000,2,2,136500
CJ205,20220218,20220218,134842500,13:48:42,13650,5060,38923,345345000,0,0,0
CJ205,20220218,20220218,134843000,13:48:43,13650,5060,38923,345345000,0,0,0
CJ205,20220218,20220218,134859500,13:49:00,13650,5060,38923,345345000,0,0,0
CJ205,20220218,20220218,134911500,13:49:12,13650,5060,38923,345345000,0,0,0
CJ205,20220218,20220218,134935500,13:49:36,13650,5060,38923,345345000,0,0,0
CJ205,20220218,20220218,134946500,13:49:46,13650,5060,38923,345345000,0,0,0
CJ205,20220218,20220218,134947000,13:49:47,13650,5060,38923,345345000,0,0,0
CJ205,20220218,20220218,134953000,13:49:54,13650,5060,38923,345345000,0,0,0
CJ205,20220218,20220218,135009000,13:50:25,13650,5064,38927,345618000,4,4,273000
CJ205,20220218,20220218,135009500,13:50:26,13650,5064,38927,345618000,0,0,0
CJ205,20220218,20220218,135023000,13:50:26,13655,5075,38923,346368750,11,-4,750750
CJ205,20220218,20220218,135027500,13:50:35,13655,5075,38923,346368750,0,0,0
CJ205,20220218,20220218,135037000,13:50:38,13655,5075,38923,346368750,0,0,0
CJ205,20220218,20220218,135046500,13:50:47,13655,5075,38923,346368750,0,0,0
CJ205,20220218,20220218,135048500,13:50:48,13655,5075,38923,346368750,0,0,0
CJ205,20220218,20220218,135052500,13:50:53,13655,5075,38923,346368750,0,0,0
CJ205,20220218,20220218,135117000,13:51:21,13655,5075,38923,346368750,0,0,0
CJ205,20220218,20220218,135123500,13:51:24,13655,5075,38923,346368750,0,0,0
CJ205,20220218,20220218,135126000,13:51:27,13655,5075,38923,346368750,0,0,0
CJ205,20220218,20220218,135128500,13:51:29,13655,5075,38923,346368750,0,0,0
CJ205,20220218,20220218,135146000,13:51:46,13655,5079,38923,346641750,4,0,273000
CJ205,20220218,20220218,135147500,13:51:48,13655,5081,38923,346778250,2,0,136500
CJ205,20220218,20220218,135159500,13:51:59,13655,5081,38923,346778250,0,0,0
CJ205,20220218,20220218,135202500,13:52:03,13655,5081,38923,346778250,0,0,0
CJ205,20220218,20220218,135203000,13:52:03,13645,5085,38923,347051250,4,0,273000
CJ205,20220218,20220218,135206500,13:52:08,13645,5089,38927,347324250,4,4,273000
CJ205,20220218,20220218,135207000,13:52:09,13645,5089,38927,347324250,0,0,0
CJ205,20220218,20220218,135208500,13:52:10,13645,5089,38927,347324250,0,0,0
CJ205,20220218,20220218,135210500,13:52:11,13645,5089,38927,347324250,0,0,0
CJ205,20220218,20220218,135226000,13:52:26,13645,5089,38927,347324250,0,0,0
CJ205,20220218,20220218,135226500,13:52:27,13655,5095,38927,347733750,6,0,409500
CJ205,20220218,20220218,135228500,13:52:28,13655,5095,38927,347733750,0,0,0
CJ205,20220218,20220218,135231500,13:52:32,13645,5099,38928,348006750,4,1,273000
CJ205,20220218,20220218,135234000,13:52:34,13645,5101,38928,348143250,2,0,136500
CJ205,20220218,20220218,135236000,13:52:37,13645,5103,38930,348279750,2,2,136500
CJ205,20220218,20220218,135256000,13:52:56,13645,5103,38930,348279750,0,0,0
CJ205,20220218,20220218,135256500,13:52:57,13645,5103,38930,348279750,0,0,0
CJ205,20220218,20220218,135258500,13:52:59,13645,5103,38930,348279750,0,0,0
CJ205,20220218,20220218,135302000,13:53:02,13645,5103,38930,348279750,0,0,0
CJ205,20220218,20220218,135305500,13:53:08,13645,5103,38930,348279750,0,0,0
CJ205,20220218,20220218,135306000,13:53:08,13645,5103,38930,348279750,0,0,0
CJ205,20220218,20220218,135307500,13:53:09,13645,5103,38930,348279750,0,0,0
CJ205,20220218,20220218,135323500,13:53:23,13645,5103,38930,348279750,0,0,0
CJ205,20220218,20220218,135334000,13:53:35,13645,5103,38930,348279750,0,0,0
CJ205,20220218,20220218,135334500,13:53:35,13645,5105,38932,348416250,2,2,136500
CJ205,20220218,20220218,135336500,13:53:44,13645,5105,38932,348416250,0,0,0
CJ205,20220218,20220218,135343500,13:53:45,13645,5105,38932,348416250,0,0,0
CJ205,20220218,20220218,135400000,13:54:08,13645,5105,38932,348416250,0,0,0
CJ205,20220218,20220218,135403000,13:54:09,13645,5105,38932,348416250,0,0,0
CJ205,20220218,20220218,135414500,13:54:14,13645,5105,38932,348416250,0,0,0
CJ205,20220218,20220218,135415000,13:54:15,13645,5105,38932,348416250,0,0,0
CJ205,20220218,20220218,135415500,13:54:15,13645,5105,38932,348416250,0,0,0
CJ205,20220218,20220218,135416000,13:54:16,13645,5105,38932,348416250,0,0,0
CJ205,20220218,20220218,135424000,13:54:24,13645,5105,38932,348416250,0,0,0
CJ205,20220218,20220218,135435500,13:54:35,13655,5110,38931,348757500,5,-1,341250
CJ205,20220218,20220218,135442000,13:54:42,13655,5114,38932,349030500,4,1,273000
CJ205,20220218,20220218,135444500,13:54:44,13655,5114,38932,349030500,0,0,0
CJ205,20220218,20220218,135448500,13:54:48,13655,5114,38932,349030500,0,0,0
CJ205,20220218,20220218,135451500,13:54:51,13640,5124,38940,349713000,10,8,682500
CJ205,20220218,20220218,135452000,13:54:52,13640,5124,38940,349713000,0,0,0
CJ205,20220218,20220218,135501000,13:55:01,13640,5124,38940,349713000,0,0,0
CJ205,20220218,20220218,135501500,13:55:02,13640,5126,38940,349849500,2,0,136500
CJ205,20220218,20220218,135511500,13:55:12,13640,5126,38940,349849500,0,0,0
CJ205,20220218,20220218,135517500,13:55:21,13635,5130,38940,350122500,4,0,273000
CJ205,20220218,20220218,135518000,13:55:24,13635,5132,38940,350259000,2,0,136500
CJ205,20220218,20220218,135523000,13:55:25,13640,5137,38940,350600250,5,0,341250
CJ205,20220218,20220218,135553500,13:55:54,13640,5137,38940,350600250,0,0,0
CJ205,20220218,20220218,135640500,13:56:41,13635,5142,38945,350941500,5,5,341250
CJ205,20220218,20220218,135641000,13:56:41,13635,5148,38951,351351000,6,6,409500
