CY205,20220218,20220218,112002000,11:20:04,28235,1736,4247,245513800,1736,132,245513800
CY205,20220218,20220218,112020500,11:20:20,28235,1736,4247,245513800,0,0,0
CY205,20220218,20220218,112024000,11:20:24,28230,1741,4247,246220925,5,0,707125
CY205,20220218,20220218,112028000,11:20:28,28230,1746,4247,246928050,5,0,707125
CY205,20220218,20220218,112037500,11:20:38,28230,1751,4247,247635175,5,0,707125
CY205,20220218,20220218,112045500,11:20:46,28230,1751,4247,247635175,0,0,0
CY205,20220218,20220218,112059500,11:21:00,28230,1751,4247,247635175,0,0,0
CY205,20220218,20220218,112101500,11:21:02,28250,1753,4249,247918025,2,2,282850
CY205,20220218,20220218,112110500,11:21:11,28250,1753,4249,247918025,0,0,0
CY205,20220218,20220218,112117500,11:21:18,28250,1753,4249,247918025,0,0,0
CY205,20220218,20220218,112121000,11:21:22,28240,1754,4250,248059450,1,1,141425
CY205,20220218,20220218,112328500,11:23:33,28240,1754,4250,248059450,0,0,0
CY205,20220218,20220218,112342500,11:23:42,28260,1756,4251,248342300,2,1,282850
CY205,20220218,20220218,112344500,11:23:48,28260,1756,4251,248342300,0,0,0
CY205,20220218,20220218,112345000,11:23:48,28260,1756,4251,248342300,0,0,0
CY205,20220218,20220218,112345500,11:23:48,28260,1756,4251,248342300,0,0,0
CY205,20220218,20220218,112405500,11:24:05,28260,1756,4251,248342300,0,0,0
CY205,20220218,20220218,112412500,11:24:13,28255,1757,4251,248483725,1,0,141425
CY205,20220218,20220218,112415000,11:24:15,28250,1759,4249,248766575,2,-2,282850
CY205,20220218,20220218,112426500,11:24:26,28250,1759,4249,248766575,0,0,0
CY205,20220218,20220218,112427000,11:24:27,28260,1760,4248,248908000,1,-1,141425
CY205,20220218,20220218,112440000,11:24:40,28260,1760,4248,248908000,0,0,0
CY205,20220218,20220218,112450500,11:24:50,28260,1760,4248,248908000,0,0,0
CY205,20220218,20220218,112502500,11:25:06,28265,1762,4246,249190850,2,-2,282850
CY205,20220218,20220218,112505500,11:25:06,28255,1763,4246,249332275,1,0,141425
CY205,20220218,20220218,112506000,11:25:07,28255,1764,4246,249473700,1,0,141425
CY205,20220218,20220218,112506500,11:25:07,28255,1764,4246,249473700,0,0,0
CY205,20220218,20220218,112507000,11:25:07,28255,1764,4246,249473700,0,0,0
CY205,20220218,20220218,112511500,11:25:11,28255,1764,4246,249473700,0,0,0
CY205,20220218,20220218,112513500,11:25:15,28255,1764,4246,249473700,0,0,0
CY205,20220218,20220218,112514500,11:25:15,28255,1764,4246,249473700,0,0,0
CY205,20220218,20220218,112521000,11:25:21,28255,1764,4246,249473700,0,0,0
CY205,20220218,20220218,112523500,11:25:24,28260,1766,4244,249756550,2,-2,282850
CY205,20220218,20220218,112524000,11:25:25,28260,1766,4244,249756550,0,0,0
CY205,20220218,20220218,112526000,11:25:26,28265,1768,4245,250039400,2,1,282850
CY205,20220218,20220218,112526500,11:25:27,28265,1768,4245,250039400,0,0,0
CY205,20220218,20220218,112527000,11:25:27,28270,1775,4242,251029375,7,-3,989975
CY205,20220218,20220218,112527500,11:25:28,28270,1775,4242,251029375,0,0,0
CY205,20220218,20220218,112528000,11:25:28,28265,1778,4245,251453650,3,3,424275
CY205,20220218,20220218,112528500,11:25:28,28265,1778,4245,251453650,0,0,0
CY205,20220218,20220218,112531000,11:25:31,28265,1778,4245,251453650,0,0,0
CY205,20220218,20220218,112531500,11:25:32,28265,1778,4245,251453650,0,0,0
CY205,20220218,20220218,112536000,11:25:37,28265,1778,4245,251453650,0,0,0
CY205,20220218,20220218,112536500,11:25:37,28265,1778,4245,251453650,0,0,0
CY205,20220218,20220218,112537500,11:25:38,28265,1778,4245,251453650,0,0,0
CY205,20220218,20220218,112538500,11:25:39,28270,1779,4246,251595075,1,1,141425
CY205,20220218,20220218,112539000,11:25:39,28270,1779,4246,251595075,0,0,0
CY205,20220218,20220218,112539500,11:25:40,28270,1779,4246,251595075,0,0,0
CY205,20220218,20220218,112540000,11:25:40,28270,1779,4246,251595075,0,0,0
CY205,20220218,20220218,112540500,11:25:40,28270,1779,4246,251595075,0,0,0
CY205,20220218,20220218,112541000,11:25:41,28270,1779,4246,251595075,0,0,0
CY205,20220218,20220218,112541500,11:25:41,28270,1779,4246,251595075,0,0,0
CY205,20220218,20220218,112542000,11:25:42,28270,1779,4246,251595075,0,0,0
CY205,20220218,20220218,112544500,11:25:44,28270,1779,4246,251595075,0,0,0
CY205,20220218,20220218,112546500,11:25:48,28270,1779,4246,251595075,0,0,0
CY205,20220218,20220218,112547000,11:25:48,28270,1779,4246,251595075,0,0,0
CY205,20220218,20220218,112547500,11:25:48,28270,1779,4246,251595075,0,0,0
CY205,20220218,20220218,112548000,11:25:48,28270,1779,4246,251595075,0,0,0
CY205,20220218,20220218,112548500,11:25:48,28270,1779,4246,251595075,0,0,0
CY205,20220218,20220218,112551500,11:25:51,28270,1779,4246,251595075,0,0,0
CY205,20220218,20220218,112552000,11:25:52,28270,1779,4246,251595075,0,0,0
CY205,20220218,20220218,112552500,11:25:52,28270,1779,4246,251595075,0,0,0
CY205,20220218,20220218,112553000,11:25:53,28270,1779,4246,251595075,0,0,0
CY205,20220218,20220218,112553500,11:25:54,28270,1779,4246,251595075,0,0,0
CY205,20220218,20220218,112554000,11:25:54,28270,1779,4246,251595075,0,0,0
CY205,20220218,20220218,112555000,11:25:55,28270,1779,4246,251595075,0,0,0
CY205,20220218,20220218,112555500,11:25:56,28270,1779,4246,251595075,0,0,0
CY205,20220218,20220218,112556000,11:25:57,28270,1779,4246,251595075,0,0,0
CY205,20220218,20220218,112556500,11:25:57,28280,1780,4246,251736500,1,0,141425
CY205,20220218,20220218,112557500,11:25:57,28280,1780,4246,251736500,0,0,0
CY205,20220218,20220218,112558000,11:25:59,28280,1780,4246,251736500,0,0,0
CY205,20220218,20220218,112558500,11:25:59,28280,1780,4246,251736500,0,0,0
CY205,20220218,20220218,112559000,11:26:00,28280,1780,4246,251736500,0,0,0
CY205,20220218,20220218,112559500,11:26:00,28280,1780,4246,251736500,0,0,0
CY205,20220218,20220218,112600000,11:26:00,28280,1780,4246,251736500,0,0,0
CY205,20220218,20220218,112600500,11:26:01,28280,1780,4246,251736500,0,0,0
CY205,20220218,20220218,112601000,11:26:01,28280,1780,4246,251736500,0,0,0
CY205,20220218,20220218,112601500,11:26:01,28280,1780,4246,251736500,0,0,0
CY205,20220218,20220218,112602500,11:26:03,28285,1781,4247,251877925,1,1,141425
CY205,20220218,20220218,112603000,11:26:03,28280,1782,4247,252019350,1,0,141425
CY205,20220218,20220218,112603500,11:26:04,28280,1782,4247,252019350,0,0,0
CY205,20220218,20220218,112604000,11:26:05,28280,1782,4247,252019350,0,0,0
CY205,20220218,20220218,112606000,11:26:06,28280,1782,4247,252019350,0,0,0
CY205,20220218,20220218,112606500,11:26:07,28280,1782,4247,252019350,0,0,0
CY205,20220218,20220218,112611000,11:26:11,28285,1784,4247,252302200,2,0,282850
CY205,20220218,20220218,112611500,11:26:13,28285,1784,4247,252302200,0,0,0
CY205,20220218,20220218,112612000,11:26:14,28285,1784,4247,252302200,0,0,0
CY205,20220218,20220218,112614500,11:26:15,28285,1784,4247,252302200,0,0,0
CY205,20220218,20220218,112615000,11:26:16,28285,1784,4247,252302200,0,0,0
CY205,20220218,20220218,112615500,11:26:16,28285,1784,4247,252302200,0,0,0
CY205,20220218,20220218,112616000,11:26:16,28285,1784,4247,252302200,0,0,0
CY205,20220218,20220218,112616500,11:26:17,28295,1785,4246,252443625,1,-1,141425
CY205,20220218,20220218,112618000,11:26:18,28295,1785,4246,252443625,0,0,0
CY205,20220218,20220218,112619500,11:26:20,28290,1786,4247,252585050,1,1,141425
CY205,20220218,20220218,112620000,11:26:20,28290,1789,4249,253009325,3,2,424275
CY205,20220218,20220218,112620500,11:26:20,28295,1790,4249,253150750,1,0,141425
CY205,20220218,20220218,112621000,11:26:21,28295,1790,4249,253150750,0,0,0
CY205,20220218,20220218,112621500,11:26:21,28295,1792,4247,253433600,2,-2,282850
CY205,20220218,20220218,112622000,11:26:22,28295,1792,4247,253433600,0,0,0
CY205,20220218,20220218,112622500,11:26:23,28295,1792,4247,253433600,0,0,0
CY205,20220218,20220218,112624000,11:26:24,28295,1792,4247,253433600,0,0,0
CY205,20220218,20220218,112624500,11:26:24,28300,1793,4246,253575025,1,-1,141425
CY205,20220218,20220218,112625000,11:26:25,28300,1793,4246,253575025,0,0,0
CY205,20220218,20220218,112625500,11:26:25,28300,1793,4246,253575025,0,0,0
CY205,20220218,20220218,112626000,11:26:26,28295,1795,4246,253857875,2,0,282850
CY205,20220218,20220218,112634500,11:26:37,28295,1795,4246,253857875,0,0,0
CY205,20220218,20220218,112635000,11:26:37,28295,1795,4246,253857875,0,0,0
CY205,20220218,20220218,112635500,11:26:38,28295,1795,4246,253857875,0,0,0
CY205,20220218,20220218,112637500,11:27:10,28295,1795,4246,253857875,0,0,0
CY205,20220218,20220218,112638000,11:27:10,28295,1795,4246,253857875,0,0,0
CY205,20220218,20220218,112638500,11:27:10,28295,1795,4246,253857875,0,0,0
CY205,20220218,20220218,112653500,11:27:10,28295,1804,4248,255130700,9,2,1272825
CY205,20220218,20220218,112654000,11:27:12,28295,1804,4248,255130700,0,0,0
CY205,20220218,20220218,112709000,11:27:12,28295,1804,4248,255130700,0,0,0
CY205,20220218,20220218,112712500,11:27:13,28295,1809,4246,255837825,5,-2,707125
CY205,20220218,20220218,112713000,11:27:13,28295,1809,4246,255837825,0,0,0
CY205,20220218,20220218,112714500,11:27:15,28295,1809,4246,255837825,0,0,0
CY205,20220218,20220218,112729500,11:27:29,28295,1809,4246,255837825,0,0,0
CY205,20220218,20220218,112731500,11:27:35,28295,1809,4246,255837825,0,0,0
CY205,20220218,20220218,112732000,11:27:35,28295,1809,4246,255837825,0,0,0
CY205,20220218,20220218,112738500,11:27:39,28295,1809,4246,255837825,0,0,0
CY205,20220218,20220218,112739500,11:27:39,28295,1809,4246,255837825,0,0,0
CY205,20220218,20220218,112740000,11:27:40,28295,1809,4246,255837825,0,0,0
CY205,20220218,20220218,112740500,11:27:40,28290,1811,4246,256120675,2,0,282850
CY205,20220218,20220218,112744500,11:27:45,28295,1812,4245,256262100,1,-1,141425
CY205,20220218,20220218,112746000,11:27:46,28295,1812,4245,256262100,0,0,0
CY205,20220218,20220218,112758500,11:27:59,28300,1816,4246,256827800,4,1,565700
CY205,20220218,20220218,112759000,11:27:59,28300,1816,4246,256827800,0,0,0
CY205,20220218,20220218,112759500,11:27:59,28300,1817,4246,256969225,1,0,141425
CY205,20220218,20220218,112800000,11:28:01,28300,1817,4246,256969225,0,0,0
CY205,20220218,20220218,112801000,11:28:01,28300,1817,4246,256969225,0,0,0
CY205,20220218,20220218,112801500,11:28:02,28305,1820,4246,257393500,3,0,424275
CY205,20220218,20220218,112802000,11:28:03,28305,1820,4246,257393500,0,0,0
CY205,20220218,20220218,112802500,11:28:03,28305,1820,4246,257393500,0,0,0
CY205,20220218,20220218,112803000,11:28:04,28305,1820,4246,257393500,0,0,0
CY205,20220218,20220218,112803500,11:28:04,28305,1820,4246,257393500,0,0,0
CY205,20220218,20220218,112804000,11:28:04,28305,1820,4246,257393500,0,0,0
CY205,20220218,20220218,112805000,11:28:06,28305,1820,4246,257393500,0,0,0
CY205,20220218,20220218,112806500,11:28:10,28305,1820,4246,257393500,0,0,0
CY205,20220218,20220218,112807000,11:28:10,28305,1821,4246,257534925,1,0,141425
CY205,20220218,20220218,112807500,11:28:11,28305,1821,4246,257534925,0,0,0
CY205,20220218,20220218,112810000,11:28:11,28305,1821,4246,257534925,0,0,0
CY205,20220218,20220218,112810500,11:28:11,28305,1821,4246,257534925,0,0,0
CY205,20220218,20220218,112811000,11:28:12,28305,1821,4246,257534925,0,0,0
CY205,20220218,20220218,112811500,11:28:12,28305,1821,4246,257534925,0,0,0
CY205,20220218,20220218,112812000,11:28:12,28305,1821,4246,257534925,0,0,0
CY205,20220218,20220218,112812500,11:28:13,28305,1821,4246,257534925,0,0,0
CY205,20220218,20220218,112815500,11:28:15,28305,1821,4246,257534925,0,0,0
CY205,20220218,20220218,112816000,11:28:16,28305,1821,4246,257534925,0,0,0
CY205,20220218,20220218,112817500,11:28:17,28305,1821,4246,257534925,0,0,0
CY205,20220218,20220218,112818000,11:28:18,28305,1821,4246,257534925,0,0,0
CY205,20220218,20220218,112818500,11:28:18,28305,1821,4246,257534925,0,0,0
CY205,20220218,20220218,112820500,11:28:20,28305,1821,4246,257534925,0,0,0
CY205,20220218,20220218,112821000,11:28:21,28295,1823,4244,257817775,2,-2,282850
CY205,20220218,20220218,112821500,11:28:22,28295,1823,4244,257817775,0,0,0
CY205,20220218,20220218,112822000,11:28:22,28295,1823,4244,257817775,0,0,0
CY205,20220218,20220218,112825000,11:28:25,28295,1823,4244,257817775,0,0,0
CY205,20220218,20220218,112828000,11:28:28,28295,1823,4244,257817775,0,0,0
CY205,20220218,20220218,112828500,11:28:28,28295,1823,4244,257817775,0,0,0
CY205,20220218,20220218,112829000,11:28:29,28295,1823,4244,257817775,0,0,0
CY205,20220218,20220218,112829500,11:28:29,28295,1823,4244,257817775,0,0,0
CY205,20220218,20220218,112835000,11:28:35,28295,1823,4244,257817775,0,0,0
CY205,20220218,20220218,112835500,11:28:36,28300,1825,4244,258100625,2,0,282850
CY205,20220218,20220218,112842500,11:28:42,28300,1825,4244,258100625,0,0,0
CY205,20220218,20220218,112843000,11:28:43,28300,1825,4244,258100625,0,0,0
CY205,20220218,20220218,112844500,11:28:44,28300,1825,4244,258100625,0,0,0
CY205,20220218,20220218,112852000,11:28:52,28300,1825,4244,258100625,0,0,0
CY205,20220218,20220218,112852500,11:28:53,28310,1826,4243,258242050,1,-1,141425
CY205,20220218,20220218,112853000,11:28:54,28315,1832,4237,259090600,6,-6,848550
CY205,20220218,20220218,112853500,11:28:54,28315,1832,4237,259090600,0,0,0
CY205,20220218,20220218,112854000,11:28:54,28315,1832,4237,259090600,0,0,0
CY205,20220218,20220218,112856000,11:28:56,28315,1832,4237,259090600,0,0,0
CY205,20220218,20220218,112856500,11:28:56,28315,1832,4237,259090600,0,0,0
CY205,20220218,20220218,112859500,11:29:00,28315,1832,4237,259090600,0,0,0
CY205,20220218,20220218,112900000,11:29:00,28315,1832,4237,259090600,0,0,0
CY205,20220218,20220218,112901000,11:29:01,28315,1832,4237,259090600,0,0,0
CY205,20220218,20220218,112901500,11:29:02,28315,1832,4237,259090600,0,0,0
CY205,20220218,20220218,112902000,11:29:02,28315,1832,4237,259090600,0,0,0
CY205,20220218,20220218,112902500,11:29:03,28315,1832,4237,259090600,0,0,0
CY205,20220218,20220218,112903000,11:29:03,28315,1832,4237,259090600,0,0,0
CY205,20220218,20220218,112903500,11:29:04,28315,1832,4237,259090600,0,0,0
CY205,20220218,20220218,112906500,11:29:06,28315,1835,4237,259514875,3,0,424275
CY205,20220218,20220218,112907000,11:29:07,28315,1835,4237,259514875,0,0,0
CY205,20220218,20220218,112907500,11:29:08,28315,1835,4237,259514875,0,0,0
CY205,20220218,20220218,112908500,11:29:08,28315,1835,4237,259514875,0,0,0
CY205,20220218,20220218,112910500,11:29:10,28315,1835,4237,259514875,0,0,0
CY205,20220218,20220218,112911500,11:29:12,28315,1835,4237,259514875,0,0,0
CY205,20220218,20220218,112912000,11:29:12,28315,1835,4237,259514875,0,0,0
CY205,20220218,20220218,112912500,11:29:12,28315,1835,4237,259514875,0,0,0
CY205,20220218,20220218,112913000,11:29:13,28315,1836,4238,259656300,1,1,141425
CY205,20220218,20220218,112913500,11:29:14,28310,1837,4237,259797725,1,-1,141425
CY205,20220218,20220218,112914000,11:29:14,28310,1837,4237,259797725,0,0,0
CY205,20220218,20220218,112914500,11:29:14,28310,1837,4237,259797725,0,0,0
CY205,20220218,20220218,112915500,11:29:16,28310,1838,4237,259939150,1,0,141425
CY205,20220218,20220218,112919500,11:29:21,28310,1838,4237,259939150,0,0,0
CY205,20220218,20220218,112921500,11:29:24,28310,1838,4237,259939150,0,0,0
CY205,20220218,20220218,112922000,11:29:24,28310,1838,4237,259939150,0,0,0
CY205,20220218,20220218,112924500,11:29:24,28310,1838,4237,259939150,0,0,0
CY205,20220218,20220218,112927000,11:29:27,28310,1838,4237,259939150,0,0,0
CY205,20220218,20220218,112927500,11:29:27,28310,1838,4237,259939150,0,0,0
CY205,20220218,20220218,112929000,11:29:29,28310,1838,4237,259939150,0,0,0
CY205,20220218,20220218,112929500,11:29:29,28310,1838,4237,259939150,0,0,0
CY205,20220218,20220218,112930500,11:29:30,28310,1838,4237,259939150,0,0,0
CY205,20220218,20220218,112936000,11:29:38,28310,1838,4237,259939150,0,0,0
CY205,20220218,20220218,112941000,11:29:41,28310,1838,4237,259939150,0,0,0
CY205,20220218,20220218,112943000,11:29:45,28310,1838,4237,259939150,0,0,0
CY205,20220218,20220218,112950000,11:29:51,28310,1838,4237,259939150,0,0,0
CY205,20220218,20220218,112951000,11:29:52,28305,1843,4232,260646275,5,-5,707125
CY205,20220218,20220218,112952500,11:29:53,28315,1845,4230,260929125,2,-2,282850
CY205,20220218,20220218,112954500,11:29:54,28315,1845,4230,260929125,0,0,0
CY205,20220218,20220218,112955500,11:29:56,28315,1845,4230,260929125,0,0,0
CY205,20220218,20220218,112956000,11:29:56,28315,1845,4230,260929125,0,0,0
CY205,20220218,20220218,112957000,11:30:00,28315,1845,4230,260929125,0,0,0
CY205,20220218,20220218,112957500,11:30:02,28315,1845,4230,260929125,0,0,0
CY205,20220218,20220218,112959500,11:30:02,28315,1845,4230,260929125,0,0,0
CY205,20220218,20220218,133000500,13:30:00,28315,1845,4230,260929125,0,0,0
CY205,20220218,20220218,133001000,13:30:01,28315,1845,4230,260929125,0,0,0
CY205,20220218,20220218,133001500,13:30:02,28315,1845,4230,260929125,0,0,0
CY205,20220218,20220218,133002000,13:30:08,28315,1845,4230,260929125,0,0,0
CY205,20220218,20220218,133002500,13:30:10,28315,1845,4230,260929125,0,0,0
CY205,20220218,20220218,133008000,13:30:10,28315,1845,4230,260929125,0,0,0
CY205,20220218,20220218,133009000,13:30:10,28335,1858,4227,262767650,13,-3,1838525
CY205,20220218,20220218,133010000,13:30:11,28335,1858,4227,262767650,0,0,0
CY205,20220218,20220218,133011000,13:30:12,28335,1858,4227,262767650,0,0,0
CY205,20220218,20220218,133011500,13:30:13,28335,1858,4227,262767650,0,0,0
CY205,20220218,20220218,133012500,13:30:13,28335,1858,4227,262767650,0,0,0
CY205,20220218,20220218,133013000,13:30:13,28335,1858,4227,262767650,0,0,0
CY205,20220218,20220218,133013500,13:30:14,28335,1858,4227,262767650,0,0,0
CY205,20220218,20220218,133014000,13:30:15,28335,1858,4227,262767650,0,0,0
CY205,20220218,20220218,133015000,13:30:17,28335,1858,4227,262767650,0,0,0
CY205,20220218,20220218,133016500,13:30:18,28335,1858,4227,262767650,0,0,0
CY205,20220218,20220218,133017500,13:30:18,28335,1858,4227,262767650,0,0,0
CY205,20220218,20220218,133018500,13:30:20,28335,1858,4227,262767650,0,0,0
CY205,20220218,20220218,133019000,13:30:20,28335,1858,4227,262767650,0,0,0
CY205,20220218,20220218,133020500,13:30:21,28335,1858,4227,262767650,0,0,0
CY205,20220218,20220218,133022000,13:30:38,28335,1858,4227,262767650,0,0,0
CY205,20220218,20220218,133022500,13:30:38,28340,1860,4226,263050500,2,-1,282850
CY205,20220218,20220218,133023000,13:30:39,28340,1860,4226,263050500,0,0,0
CY205,20220218,20220218,133037500,13:30:40,28340,1860,4226,263050500,0,0,0
CY205,20220218,20220218,133040500,13:30:42,28340,1860,4226,263050500,0,0,0
CY205,20220218,20220218,133042500,13:30:44,28340,1860,4226,263050500,0,0,0
CY205,20220218,20220218,133043000,13:30:44,28340,1860,4226,263050500,0,0,0
CY205,20220218,20220218,133047500,13:30:48,28340,1860,4226,263050500,0,0,0
CY205,20220218,20220218,133049000,13:30:50,28315,1867,4225,264040475,7,-1,989975
CY205,20220218,20220218,133049500,13:30:50,28315,1867,4225,264040475,0,0,0
CY205,20220218,20220218,133054500,13:30:55,28315,1867,4225,264040475,0,0,0
CY205,20220218,20220218,133055000,13:30:56,28315,1867,4225,264040475,0,0,0
CY205,20220218,20220218,133055500,13:30:56,28315,1867,4225,264040475,0,0,0
CY205,20220218,20220218,133059000,13:30:59,28315,1867,4225,264040475,0,0,0
CY205,20220218,20220218,133059500,13:30:59,28325,1872,4230,264747600,5,5,707125
CY205,20220218,20220218,133100000,13:31:00,28325,1872,4230,264747600,0,0,0
CY205,20220218,20220218,133102000,13:31:02,28325,1877,4235,265454725,5,5,707125
CY205,20220218,20220218,133102500,13:31:02,28330,1878,4235,265596150,1,0,141425
CY205,20220218,20220218,133105500,13:31:07,28330,1878,4235,265596150,0,0,0
CY205,20220218,20220218,133107000,13:31:08,28340,1880,4235,265879000,2,0,282850
CY205,20220218,20220218,133108500,13:31:09,28340,1880,4235,265879000,0,0,0
CY205,20220218,20220218,133109000,13:31:09,28340,1880,4235,265879000,0,0,0
CY205,20220218,20220218,133109500,13:31:10,28340,1880,4235,265879000,0,0,0
CY205,20220218,20220218,133110000,13:31:11,28340,1880,4235,265879000,0,0,0
CY205,20220218,20220218,133113000,13:31:13,28350,1882,4233,266161850,2,-2,282850
CY205,20220218,20220218,133113500,13:31:14,28345,1883,4233,266303275,1,0,141425
CY205,20220218,20220218,133117000,13:31:17,28345,1883,4233,266303275,0,0,0
CY205,20220218,20220218,133119000,13:31:19,28345,1883,4233,266303275,0,0,0
CY205,20220218,20220218,133121000,13:31:21,28345,1883,4233,266303275,0,0,0
CY205,20220218,20220218,133159500,13:32:00,28365,1890,4236,267293250,7,3,989975
CY205,20220218,20220218,133200000,13:32:00,28365,1890,4236,267293250,0,0,0
CY205,20220218,20220218,133200500,13:32:01,28365,1890,4236,267293250,0,0,0
CY205,20220218,20220218,133201000,13:32:01,28365,1890,4236,267293250,0,0,0
CY205,20220218,20220218,133202500,13:32:04,28365,1890,4236,267293250,0,0,0
CY205,20220218,20220218,133203500,13:32:05,28370,1891,4237,267434675,1,1,141425
CY205,20220218,20220218,133204000,13:32:05,28370,1892,4237,267576100,1,0,141425
CY205,20220218,20220218,133206000,13:32:07,28370,1892,4237,267576100,0,0,0
CY205,20220218,20220218,133206500,13:32:07,28370,1892,4237,267576100,0,0,0
CY205,20220218,20220218,133207000,13:32:07,28370,1892,4237,267576100,0,0,0
CY205,20220218,20220218,133211000,13:32:14,28370,1892,4237,267576100,0,0,0
CY205,20220218,20220218,133220000,13:32:20,28370,1892,4237,267576100,0,0,0
CY205,20220218,20220218,133221000,13:32:21,28370,1892,4237,267576100,0,0,0
CY205,20220218,20220218,133221500,13:32:22,28370,1892,4237,267576100,0,0,0
CY205,20220218,20220218,133222500,13:32:23,28380,1893,4237,267764850,1,0,188750
CY205,20220218,20220218,133224000,13:32:24,28380,1893,4237,267764850,0,0,0
CY205,20220218,20220218,133227000,13:32:27,28380,1893,4237,267764850,0,0,0
CY205,20220218,20220218,133227500,13:32:28,28380,1893,4237,267764850,0,0,0
CY205,20220218,20220218,133231500,13:32:34,28380,1893,4237,267764850,0,0,0
CY205,20220218,20220218,133234000,13:32:35,28380,1893,4237,267764850,0,0,0
CY205,20220218,20220218,133238500,13:32:39,28380,1893,4237,267764850,0,0,0
CY205,20220218,20220218,133239000,13:32:39,28380,1893,4237,267764850,0,0,0
CY205,20220218,20220218,133244000,13:32:44,28380,1893,4237,267764850,0,0,0
CY205,20220218,20220218,133244500,13:32:45,28380,1893,4237,267764850,0,0,0
CY205,20220218,20220218,133246500,13:32:47,28380,1893,4237,267764850,0,0,0
CY205,20220218,20220218,133247000,13:32:47,28385,1895,4237,268047750,2,0,282900
CY205,20220218,20220218,133248500,13:32:49,28385,1895,4237,268047750,0,0,0
CY205,20220218,20220218,133249000,13:32:49,28385,1895,4237,268047750,0,0,0
CY205,20220218,20220218,133249500,13:32:49,28385,1895,4237,268047750,0,0,0
CY205,20220218,20220218,133250000,13:32:51,28385,1895,4237,268047750,0,0,0
CY205,20220218,20220218,133251500,13:32:53,28385,1895,4237,268047750,0,0,0
CY205,20220218,20220218,133256000,13:32:56,28385,1895,4237,268047750,0,0,0
CY205,20220218,20220218,133256500,13:32:56,28385,1895,4237,268047750,0,0,0
CY205,20220218,20220218,133257000,13:32:59,28385,1895,4237,268047750,0,0,0
CY205,20220218,20220218,133259500,13:33:00,28385,1895,4237,268047750,0,0,0
CY205,20220218,20220218,133300000,13:33:01,28385,1895,4237,268047750,0,0,0
CY205,20220218,20220218,133300500,13:33:01,28385,1895,4237,268047750,0,0,0
CY205,20220218,20220218,133301500,13:33:02,28385,1895,4237,268047750,0,0,0
CY205,20220218,20220218,133302000,13:33:03,28385,1895,4237,268047750,0,0,0
CY205,20220218,20220218,133302500,13:33:03,28385,1895,4237,268047750,0,0,0
CY205,20220218,20220218,133310500,13:33:12,28385,1895,4237,268047750,0,0,0
CY205,20220218,20220218,133311500,13:33:14,28385,1895,4237,268047750,0,0,0
CY205,20220218,20220218,133312500,13:33:14,28385,1895,4237,268047750,0,0,0
CY205,20220218,20220218,133313000,13:33:14,28385,1895,4237,268047750,0,0,0
CY205,20220218,20220218,133320500,13:33:21,28385,1895,4237,268047750,0,0,0
CY205,20220218,20220218,133321000,13:33:22,28385,1895,4237,268047750,0,0,0
CY205,20220218,20220218,133327500,13:33:29,28385,1895,4237,268047750,0,0,0
CY205,20220218,20220218,133331000,13:33:32,28385,1895,4237,268047750,0,0,0
CY205,20220218,20220218,133331500,13:33:32,28385,1895,4237,268047750,0,0,0
CY205,20220218,20220218,133335000,13:33:35,28385,1895,4237,268047750,0,0,0
CY205,20220218,20220218,133337500,13:33:37,28380,1896,4237,268189200,1,0,141450
CY205,20220218,20220218,133338500,13:33:39,28380,1896,4237,268189200,0,0,0
CY205,20220218,20220218,133340000,13:33:40,28380,1896,4237,268189200,0,0,0
CY205,20220218,20220218,133342500,13:33:42,28380,1896,4237,268189200,0,0,0
CY205,20220218,20220218,133344000,13:33:45,28380,1896,4237,268189200,0,0,0
CY205,20220218,20220218,133345000,13:33:45,28380,1896,4237,268189200,0,0,0
CY205,20220218,20220218,133346000,13:33:48,28380,1896,4237,268189200,0,0,0
CY205,20220218,20220218,133349000,13:33:50,28380,1896,4237,268189200,0,0,0
CY205,20220218,20220218,133350000,13:33:50,28380,1896,4237,268189200,0,0,0
CY205,20220218,20220218,133353500,13:33:53,28380,1896,4237,268189200,0,0,0
CY205,20220218,20220218,133354000,13:33:54,28380,1896,4237,268189200,0,0,0
CY205,20220218,20220218,133356000,13:33:56,28380,1896,4237,268189200,0,0,0
CY205,20220218,20220218,133400500,13:34:00,28380,1896,4237,268189200,0,0,0
CY205,20220218,20220218,133401000,13:34:01,28380,1896,4237,268189200,0,0,0
CY205,20220218,20220218,133402000,13:34:10,28380,1896,4237,268189200,0,0,0
CY205,20220218,20220218,133403000,13:34:10,28380,1896,4237,268189200,0,0,0
CY205,20220218,20220218,133408000,13:34:11,28380,1896,4237,268189200,0,0,0
CY205,20220218,20220218,133411000,13:34:12,28380,1896,4237,268189200,0,0,0
CY205,20220218,20220218,133411500,13:34:12,28380,1896,4237,268189200,0,0,0
CY205,20220218,20220218,133416500,13:34:16,28380,1896,4237,268189200,0,0,0
CY205,20220218,20220218,133419000,13:34:19,28380,1896,4237,268189200,0,0,0
CY205,20220218,20220218,133419500,13:34:20,28380,1896,4237,268189200,0,0,0
CY205,20220218,20220218,133424500,13:34:24,28380,1896,4237,268189200,0,0,0
CY205,20220218,20220218,133427500,13:34:27,28380,1896,4237,268189200,0,0,0
CY205,20220218,20220218,133440500,13:34:41,28350,1898,4235,268472100,2,-2,282900
CY205,20220218,20220218,133443000,13:34:45,28350,1898,4235,268472100,0,0,0
CY205,20220218,20220218,133444500,13:34:46,28350,1898,4235,268472100,0,0,0
CY205,20220218,20220218,133451000,13:34:51,28350,1898,4235,268472100,0,0,0
CY205,20220218,20220218,133452000,13:34:52,28350,1899,4234,268613550,1,-1,141450
CY205,20220218,20220218,133452500,13:34:53,28350,1899,4234,268613550,0,0,0
CY205,20220218,20220218,133453500,13:34:55,28350,1899,4234,268613550,0,0,0
CY205,20220218,20220218,133502500,13:35:10,28350,1899,4234,268613550,0,0,0
CY205,20220218,20220218,133510000,13:35:10,28350,1899,4234,268613550,0,0,0
CY205,20220218,20220218,133517000,13:35:17,28355,1900,4234,268755000,1,0,141450
CY205,20220218,20220218,133519500,13:35:20,28355,1900,4234,268755000,0,0,0
CY205,20220218,20220218,133521000,13:35:22,28355,1900,4234,268755000,0,0,0
CY205,20220218,20220218,133530500,13:35:32,28355,1900,4234,268755000,0,0,0
CY205,20220218,20220218,133539500,13:35:43,28355,1900,4234,268755000,0,0,0
CY205,20220218,20220218,133541000,13:35:43,28355,1900,4234,268755000,0,0,0
CY205,20220218,20220218,133544000,13:35:44,28355,1900,4234,268755000,0,0,0
CY205,20220218,20220218,133545500,13:35:46,28355,1900,4234,268755000,0,0,0
CY205,20220218,20220218,133546000,13:35:46,28355,1900,4234,268755000,0,0,0
CY205,20220218,20220218,133546500,13:35:46,28355,1900,4234,268755000,0,0,0
CY205,20220218,20220218,133547000,13:35:47,28355,1900,4234,268755000,0,0,0
CY205,20220218,20220218,133547500,13:35:48,28355,1900,4234,268755000,0,0,0
CY205,20220218,20220218,133548000,13:35:48,28355,1900,4234,268755000,0,0,0
CY205,20220218,20220218,133548500,13:35:48,28355,1900,4234,268755000,0,0,0
CY205,20220218,20220218,133551500,13:35:52,28355,1902,4232,269037900,2,-2,282900
CY205,20220218,20220218,133552000,13:35:52,28355,1902,4232,269037900,0,0,0
CY205,20220218,20220218,133553500,13:35:55,28355,1902,4232,269037900,0,0,0
CY205,20220218,20220218,133604000,13:36:06,28355,1902,4232,269037900,0,0,0
CY205,20220218,20220218,133610500,13:36:11,28355,1902,4232,269037900,0,0,0
CY205,20220218,20220218,133612000,13:36:12,28355,1902,4232,269037900,0,0,0
CY205,20220218,20220218,133627500,13:36:28,28355,1902,4232,269037900,0,0,0
CY205,20220218,20220218,133628000,13:36:28,28355,1902,4232,269037900,0,0,0
CY205,20220218,20220218,133634000,13:36:34,28355,1902,4232,269037900,0,0,0
CY205,20220218,20220218,133634500,13:36:35,28355,1902,4232,269037900,0,0,0
CY205,20220218,20220218,133638000,13:36:38,28355,1902,4232,269037900,0,0,0
CY205,20220218,20220218,133642500,13:36:43,28355,1902,4232,269037900,0,0,0
CY205,20220218,20220218,133646000,13:36:46,28355,1902,4232,269037900,0,0,0
CY205,20220218,20220218,133737000,13:37:37,28355,1902,4232,269037900,0,0,0
CY205,20220218,20220218,133738500,13:37:39,28355,1902,4232,269037900,0,0,0
CY205,20220218,20220218,133753000,13:37:54,28355,1902,4232,269037900,0,0,0
CY205,20220218,20220218,133817000,13:38:18,28355,1902,4232,269037900,0,0,0
CY205,20220218,20220218,133820000,13:38:22,28340,1903,4232,269179350,1,0,141450
CY205,20220218,20220218,133822000,13:38:23,28340,1903,4232,269179350,0,0,0
CY205,20220218,20220218,133822500,13:38:23,28340,1903,4232,269179350,0,0,0
CY205,20220218,20220218,133824500,13:38:40,28340,1903,4232,269179350,0,0,0
CY205,20220218,20220218,133838500,13:38:42,28340,1903,4232,269179350,0,0,0
CY205,20220218,20220218,133845000,13:38:45,28340,1903,4232,269179350,0,0,0
CY205,20220218,20220218,133857000,13:38:57,28345,1904,4232,269320800,1,0,141450
CY205,20220218,20220218,133907500,13:39:07,28345,1904,4232,269320800,0,0,0
CY205,20220218,20220218,133914000,13:39:15,28345,1904,4232,269320800,0,0,0
CY205,20220218,20220218,133918500,13:39:19,28345,1904,4232,269320800,0,0,0
CY205,20220218,20220218,133926000,13:39:26,28345,1904,4232,269320800,0,0,0
CY205,20220218,20220218,133941000,13:39:41,28335,1909,4231,270028050,5,-1,707250
CY205,20220218,20220218,133943500,13:39:43,28335,1915,4228,270876750,6,-3,848700
CY205,20220218,20220218,133945000,13:39:45,28335,1915,4228,270876750,0,0,0
CY205,20220218,20220218,133945500,13:39:46,28335,1915,4228,270876750,0,0,0
CY205,20220218,20220218,133946000,13:39:47,28320,1917,4228,271159650,2,0,282900
CY205,20220218,20220218,133946500,13:39:47,28315,1920,4225,271584000,3,-3,424350
CY205,20220218,20220218,133947000,13:39:47,28315,1920,4225,271584000,0,0,0
CY205,20220218,20220218,133947500,13:39:47,28315,1920,4225,271584000,0,0,0
CY205,20220218,20220218,133948500,13:39:48,28310,1929,4218,272857050,9,-7,1273050
CY205,20220218,20220218,133949000,13:39:49,28305,1939,4213,274271550,10,-5,1414500
CY205,20220218,20220218,133949500,13:39:50,28300,1946,4207,275261700,7,-6,990150
CY205,20220218,20220218,133950000,13:39:50,28300,1946,4207,275261700,0,0,0
CY205,20220218,20220218,133953000,13:39:54,28300,1948,4206,275544600,2,-1,282900
CY205,20220218,20220218,133953500,13:39:54,28300,1948,4206,275544600,0,0,0
CY205,20220218,20220218,133955000,13:39:55,28300,1948,4206,275544600,0,0,0
CY205,20220218,20220218,134010500,13:40:13,28300,1948,4206,275544600,0,0,0
CY205,20220218,20220218,134013500,13:40:14,28300,1948,4206,275544600,0,0,0
CY205,20220218,20220218,134014500,13:40:15,28300,1948,4206,275544600,0,0,0
CY205,20220218,20220218,134032000,13:40:32,28325,1949,4205,275686050,1,-1,141450
CY205,20220218,20220218,134043000,13:40:43,28325,1950,4204,275827500,1,-1,141450
CY205,20220218,20220218,134045000,13:40:45,28315,1951,4205,275968950,1,1,141450
CY205,20220218,20220218,134049000,13:40:49,28315,1951,4205,275968950,0,0,0
CY205,20220218,20220218,134057000,13:40:58,28315,1951,4205,275968950,0,0,0
CY205,20220218,20220218,134058000,13:40:58,28330,1952,4204,276110400,1,-1,141450
CY205,20220218,20220218,134058500,13:40:59,28330,1952,4204,276110400,0,0,0
CY205,20220218,20220218,134059000,13:40:59,28330,1952,4204,276110400,0,0,0
CY205,20220218,20220218,134102000,13:41:02,28330,1952,4204,276110400,0,0,0
CY205,20220218,20220218,134102500,13:41:02,28335,1953,4204,276251850,1,0,141450
CY205,20220218,20220218,134104000,13:41:05,28335,1953,4204,276251850,0,0,0
CY205,20220218,20220218,134104500,13:41:06,28335,1953,4204,276251850,0,0,0
CY205,20220218,20220218,134105500,13:41:06,28335,1953,4204,276251850,0,0,0
CY205,20220218,20220218,134107000,13:41:09,28335,1953,4204,276251850,0,0,0
CY205,20220218,20220218,134108000,13:41:09,28335,1953,4204,276251850,0,0,0
CY205,20220218,20220218,134111500,13:41:12,28340,1954,4204,276393300,1,0,141450
CY205,20220218,20220218,134119500,13:41:20,28340,1955,4203,276534750,1,-1,141450
CY205,20220218,20220218,134126000,13:41:27,28330,1957,4203,276817650,2,0,282900
CY205,20220218,20220218,134126500,13:41:27,28320,1962,4204,277524900,5,1,707250
CY205,20220218,20220218,134131500,13:41:31,28320,1962,4204,277524900,0,0,0
CY205,20220218,20220218,134132000,13:41:32,28320,1962,4204,277524900,0,0,0
CY205,20220218,20220218,134132500,13:41:33,28320,1962,4204,277524900,0,0,0
CY205,20220218,20220218,134133000,13:41:33,28315,1982,4192,280353900,20,-12,2829000
CY205,20220218,20220218,134133500,13:41:34,28310,1984,4192,280636800,2,0,282900
CY205,20220218,20220218,134134000,13:41:34,28310,1984,4192,280636800,0,0,0
CY205,20220218,20220218,134136000,13:41:39,28310,1984,4192,280636800,0,0,0
CY205,20220218,20220218,134136500,13:41:39,28310,1984,4192,280636800,0,0,0
CY205,20220218,20220218,134139500,13:41:40,28330,1985,4191,280778250,1,-1,141450
CY205,20220218,20220218,134154500,13:42:02,28320,1986,4191,280919700,1,0,141450
CY205,20220218,20220218,134200500,13:42:06,28325,1987,4191,281061150,1,0,141450
CY205,20220218,20220218,134210500,13:42:12,28325,1987,4191,281061150,0,0,0
CY205,20220218,20220218,134216000,13:42:16,28325,1987,4191,281061150,0,0,0
CY205,20220218,20220218,134223500,13:42:24,28325,1987,4191,281061150,0,0,0
CY205,20220218,20220218,134224000,13:42:24,28310,1988,4192,281202600,1,1,141450
CY205,20220218,20220218,134227000,13:42:28,28310,1988,4192,281202600,0,0,0
CY205,20220218,20220218,134228500,13:42:29,28310,1988,4192,281202600,0,0,0
CY205,20220218,20220218,134255500,13:42:55,28310,1988,4192,281202600,0,0,0
CY205,20220218,20220218,134256000,13:42:56,28310,1988,4192,281202600,0,0,0
CY205,20220218,20220218,134257000,13:42:59,28310,1988,4192,281202600,0,0,0
CY205,20220218,20220218,134258000,13:42:59,28310,1988,4192,281202600,0,0,0
CY205,20220218,20220218,134303500,13:43:11,28310,1988,4192,281202600,0,0,0
CY205,20220218,20220218,134304000,13:43:11,28310,1988,4192,281202600,0,0,0
CY205,20220218,20220218,134304500,13:43:11,28310,1988,4192,281202600,0,0,0
CY205,20220218,20220218,134316000,13:43:16,28310,1988,4192,281202600,0,0,0
CY205,20220218,20220218,134316500,13:43:16,28310,1988,4192,281202600,0,0,0
CY205,20220218,20220218,134318500,13:43:18,28310,1988,4192,281202600,0,0,0
CY205,20220218,20220218,134320000,13:43:20,28305,1989,4192,281344050,1,0,141450
CY205,20220218,20220218,134320500,13:43:21,28305,1992,4192,281768400,3,0,424350
CY205,20220218,20220218,134321000,13:43:21,28305,1993,4192,281909850,1,0,141450
CY205,20220218,20220218,134321500,13:43:21,28305,1993,4192,281909850,0,0,0
CY205,20220218,20220218,134329500,13:43:30,28305,1993,4192,281909850,0,0,0
CY205,20220218,20220218,134330000,13:43:30,28305,1993,4192,281909850,0,0,0
CY205,20220218,20220218,134332000,13:43:32,28305,1993,4192,281909850,0,0,0
CY205,20220218,20220218,134332500,13:43:32,28305,1995,4190,282192750,2,-2,282900
CY205,20220218,20220218,134337000,13:43:37,28305,1995,4190,282192750,0,0,0
CY205,20220218,20220218,134337500,13:43:37,28305,1995,4190,282192750,0,0,0
CY205,20220218,20220218,134349500,13:44:00,28305,1995,4190,282192750,0,0,0
CY205,20220218,20220218,134356500,13:44:04,28305,1995,4190,282192750,0,0,0
CY205,20220218,20220218,134401000,13:44:04,28305,1995,4190,282192750,0,0,0
CY205,20220218,20220218,134406500,13:44:06,28305,1995,4190,282192750,0,0,0
CY205,20220218,20220218,134407500,13:44:08,28305,1995,4190,282192750,0,0,0
CY205,20220218,20220218,134408000,13:44:08,28305,1995,4190,282192750,0,0,0
CY205,20220218,20220218,134408500,13:44:09,28305,1995,4190,282192750,0,0,0
CY205,20220218,20220218,134409500,13:44:17,28305,1995,4190,282192750,0,0,0
CY205,20220218,20220218,134410000,13:44:17,28305,1995,4190,282192750,0,0,0
CY205,20220218,20220218,134418000,13:44:18,28305,1995,4190,282192750,0,0,0
CY205,20220218,20220218,134418500,13:44:18,28305,1995,4190,282192750,0,0,0
CY205,20220218,20220218,134422500,13:44:23,28305,1995,4190,282192750,0,0,0
CY205,20220218,20220218,134432500,13:44:37,28290,2019,4200,285587550,24,10,3394800
CY205,20220218,20220218,134440000,13:44:40,28290,2019,4200,285587550,0,0,0
CY205,20220218,20220218,134455500,13:44:56,28290,2019,4200,285587550,0,0,0
CY205,20220218,20220218,134456000,13:44:56,28290,2019,4200,285587550,0,0,0
CY205,20220218,20220218,134456500,13:44:56,28290,2019,4200,285587550,0,0,0
CY205,20220218,20220218,134457000,13:44:57,28290,2019,4200,285587550,0,0,0
CY205,20220218,20220218,134457500,13:44:57,28290,2019,4200,285587550,0,0,0
CY205,20220218,20220218,134458000,13:44:58,28290,2019,4200,285587550,0,0,0
CY205,20220218,20220218,134458500,13:44:59,28290,2019,4200,285587550,0,0,0
CY205,20220218,20220218,134501000,13:45:01,28290,2019,4200,285587550,0,0,0
CY205,20220218,20220218,134501500,13:45:02,28290,2019,4200,285587550,0,0,0
CY205,20220218,20220218,134502000,13:45:02,28290,2019,4200,285587550,0,0,0
CY205,20220218,20220218,134508000,13:45:09,28290,2019,4200,285587550,0,0,0
CY205,20220218,20220218,134508500,13:45:09,28290,2040,4201,288558000,21,1,2970450
CY205,20220218,20220218,134509000,13:45:10,28290,2046,4201,289406700,6,0,848700
CY205,20220218,20220218,134509500,13:45:10,28290,2053,4208,290396850,7,7,990150
CY205,20220218,20220218,134510000,13:45:10,28290,2053,4208,290396850,0,0,0
CY205,20220218,20220218,134512500,13:45:13,28290,2056,4208,290821200,3,0,424350
CY205,20220218,20220218,134513000,13:45:13,28290,2060,4212,291387000,4,4,565800
CY205,20220218,20220218,134514000,13:45:15,28290,2061,4213,291528450,1,1,141450
CY205,20220218,20220218,134514500,13:45:16,28290,2061,4213,291528450,0,0,0
CY205,20220218,20220218,134516000,13:45:17,28290,2061,4213,291528450,0,0,0
CY205,20220218,20220218,134517000,13:45:19,28290,2062,4214,291669900,1,1,141450
CY205,20220218,20220218,134526000,13:45:27,28295,2064,4214,291952800,2,0,282900
CY205,20220218,20220218,134527000,13:45:30,28295,2064,4214,291952800,0,0,0
CY205,20220218,20220218,134532500,13:45:33,28295,2064,4214,291952800,0,0,0
CY205,20220218,20220218,134539500,13:45:40,28295,2064,4214,291952800,0,0,0
CY205,20220218,20220218,134540000,13:45:40,28290,2067,4214,292377150,3,0,424350
CY205,20220218,20220218,134542500,13:45:46,28290,2067,4214,292377150,0,0,0
CY205,20220218,20220218,134549500,13:45:53,28290,2068,4215,292518600,1,1,141450
CY205,20220218,20220218,134600500,13:46:01,28290,2069,4216,292660050,1,1,141450
CY205,20220218,20220218,134607500,13:46:08,28290,2071,4216,292942950,2,0,282900
CY205,20220218,20220218,134608000,13:46:08,28290,2071,4216,292942950,0,0,0
CY205,20220218,20220218,134609000,13:46:09,28290,2071,4216,292942950,0,0,0
CY205,20220218,20220218,134618500,13:46:18,28290,2072,4216,293084400,1,0,141450
CY205,20220218,20220218,134620500,13:46:21,28290,2073,4216,293225850,1,0,141450
CY205,20220218,20220218,134622500,13:46:30,28290,2073,4216,293225850,0,0,0
CY205,20220218,20220218,134628500,13:46:30,28280,2078,4218,293933100,5,2,707250
CY205,20220218,20220218,134631500,13:46:32,28280,2078,4218,293933100,0,0,0
CY205,20220218,20220218,134632000,13:46:32,28280,2078,4218,293933100,0,0,0
CY205,20220218,20220218,134635500,13:46:36,28280,2079,4217,294074550,1,-1,141450
CY205,20220218,20220218,134642500,13:46:43,28280,2079,4217,294074550,0,0,0
CY205,20220218,20220218,134649000,13:46:49,28280,2079,4217,294074550,0,0,0
CY205,20220218,20220218,134653500,13:46:54,28280,2079,4217,294074550,0,0,0
CY205,20220218,20220218,134658000,13:46:58,28280,2079,4217,294074550,0,0,0
CY205,20220218,20220218,134700500,13:47:00,28280,2079,4217,294074550,0,0,0
CY205,20220218,20220218,134701500,13:47:02,28285,2080,4216,294216000,1,-1,141450
CY205,20220218,20220218,134702500,13:47:03,28285,2080,4216,294216000,0,0,0
CY205,20220218,20220218,134708500,13:47:11,28285,2081,4217,294357450,1,1,141450
CY205,20220218,20220218,134711000,13:47:16,28285,2081,4217,294357450,0,0,0
CY205,20220218,20220218,134711500,13:47:16,28285,2081,4217,294357450,0,0,0
CY205,20220218,20220218,134715500,13:47:16,28280,2083,4217,294640350,2,0,282900
CY205,20220218,20220218,134722000,13:47:24,28280,2083,4217,294640350,0,0,0
CY205,20220218,20220218,134724000,13:47:27,28275,2084,4218,294781800,1,1,141450
CY205,20220218,20220218,134809000,13:48:09,28275,2084,4218,294781800,0,0,0
CY205,20220218,20220218,134810500,13:48:10,28275,2084,4218,294781800,0,0,0
CY205,20220218,20220218,134817000,13:48:18,28280,2087,4216,295206150,3,-2,424350
CY205,20220218,20220218,134817500,13:48:18,28280,2087,4216,295206150,0,0,0
CY205,20220218,20220218,134818000,13:48:19,28280,2087,4216,295206150,0,0,0
CY205,20220218,20220218,134820000,13:48:21,28280,2087,4216,295206150,0,0,0
CY205,20220218,20220218,134823000,13:48:23,28280,2087,4216,295206150,0,0,0
CY205,20220218,20220218,134823500,13:48:24,28280,2088,4216,295347600,1,0,141450
CY205,20220218,20220218,134827000,13:48:28,28280,2088,4216,295347600,0,0,0
CY205,20220218,20220218,134827500,13:48:28,28280,2088,4216,295347600,0,0,0
CY205,20220218,20220218,134828500,13:48:29,28280,2088,4216,295347600,0,0,0
CY205,20220218,20220218,134829000,13:48:29,28280,2088,4216,295347600,0,0,0
CY205,20220218,20220218,134829500,13:48:30,28280,2088,4216,295347600,0,0,0
CY205,20220218,20220218,134840000,13:48:40,28280,2088,4216,295347600,0,0,0
CY205,20220218,20220218,134843500,13:48:43,28270,2090,4216,295630500,2,0,282900
CY205,20220218,20220218,134847500,13:48:47,28280,2092,4215,295913400,2,-1,282900
CY205,20220218,20220218,134849000,13:48:49,28280,2092,4215,295913400,0,0,0
CY205,20220218,20220218,134850000,13:48:50,28285,2094,4214,296196300,2,-1,282900
CY205,20220218,20220218,134853500,13:48:55,28285,2094,4214,296196300,0,0,0
CY205,20220218,20220218,134859500,13:49:00,28285,2094,4214,296196300,0,0,0
CY205,20220218,20220218,134903000,13:49:03,28285,2094,4214,296196300,0,0,0
CY205,20220218,20220218,134903500,13:49:04,28285,2094,4214,296196300,0,0,0
CY205,20220218,20220218,134904000,13:49:04,28285,2094,4214,296196300,0,0,0
CY205,20220218,20220218,134905000,13:49:05,28285,2094,4214,296196300,0,0,0
CY205,20220218,20220218,134906000,13:49:06,28285,2094,4214,296196300,0,0,0
CY205,20220218,20220218,134906500,13:49:06,28290,2095,4213,296337750,1,-1,141450
CY205,20220218,20220218,134910500,13:49:10,28290,2095,4213,296337750,0,0,0
CY205,20220218,20220218,134911000,13:49:11,28290,2095,4213,296337750,0,0,0
CY205,20220218,20220218,134917000,13:49:17,28285,2103,4207,297469350,8,-6,1131600
CY205,20220218,20220218,134918500,13:49:18,28285,2103,4207,297469350,0,0,0
CY205,20220218,20220218,134919000,13:49:20,28285,2103,4207,297469350,0,0,0
CY205,20220218,20220218,134923500,13:49:24,28285,2103,4207,297469350,0,0,0
CY205,20220218,20220218,134927500,13:49:28,28285,2103,4207,297469350,0,0,0
CY205,20220218,20220218,134956000,13:49:56,28280,2104,4207,297610800,1,0,141450
CY205,20220218,20220218,135004000,13:50:04,28280,2104,4207,297610800,0,0,0
CY205,20220218,20220218,135006000,13:50:06,28280,2104,4207,297610800,0,0,0
CY205,20220218,20220218,135023500,13:50:26,28280,2104,4207,297610800,0,0,0
CY205,20220218,20220218,135034500,13:50:37,28280,2104,4207,297610800,0,0,0
CY205,20220218,20220218,135121500,13:51:21,28295,2105,4207,297752250,1,0,141450
CY205,20220218,20220218,135127500,13:51:27,28285,2106,4207,297893700,1,0,141450
CY205,20220218,20220218,135156000,13:51:56,28285,2106,4207,297893700,0,0,0
CY205,20220218,20220218,135156500,13:51:57,28285,2106,4207,297893700,0,0,0
CY205,20220218,20220218,135201000,13:52:01,28295,2107,4207,298035150,1,0,141450
CY205,20220218,20220218,135202500,13:52:03,28295,2107,4207,298035150,0,0,0
CY205,20220218,20220218,135209000,13:52:10,28295,2107,4207,298035150,0,0,0
CY205,20220218,20220218,135209500,13:52:11,28295,2107,4207,298035150,0,0,0
CY205,20220218,20220218,135212500,13:52:13,28295,2107,4207,298035150,0,0,0
CY205,20220218,20220218,135223500,13:52:24,28295,2107,4207,298035150,0,0,0
CY205,20220218,20220218,135226000,13:52:26,28295,2108,4206,298176600,1,-1,141450
CY205,20220218,20220218,135227000,13:52:27,28285,2109,4206,298318050,1,0,141450
CY205,20220218,20220218,135235500,13:52:36,28285,2111,4206,298600950,2,0,282900
CY205,20220218,20220218,135236000,13:52:37,28285,2113,4204,298883850,2,-2,282900
CY205,20220218,20220218,135240500,13:52:45,28285,2113,4204,298883850,0,0,0
CY205,20220218,20220218,135300000,13:53:00,28285,2113,4204,298883850,0,0,0
CY205,20220218,20220218,135302500,13:53:03,28285,2113,4204,298883850,0,0,0
CY205,20220218,20220218,135303000,13:53:03,28285,2113,4204,298883850,0,0,0
CY205,20220218,20220218,135309000,13:53:09,28285,2113,4204,298883850,0,0,0
CY205,20220218,20220218,135310000,13:53:10,28285,2113,4204,298883850,0,0,0
CY205,20220218,20220218,135318000,13:53:20,28285,2113,4204,298883850,0,0,0
CY205,20220218,20220218,135330500,13:53:31,28285,2113,4204,298883850,0,0,0
CY205,20220218,20220218,135336000,13:53:44,28285,2113,4204,298883850,0,0,0
CY205,20220218,20220218,135338500,13:53:45,28285,2113,4204,298883850,0,0,0
CY205,20220218,20220218,135351000,13:53:52,28285,2113,4204,298883850,0,0,0
CY205,20220218,20220218,135351500,13:53:53,28285,2113,4204,298883850,0,0,0
CY205,20220218,20220218,135353000,13:53:53,28285,2113,4204,298883850,0,0,0
CY205,20220218,20220218,135415500,13:54:15,28275,2115,4204,299166750,2,0,282900
CY205,20220218,20220218,135418000,13:54:18,28275,2115,4204,299166750,0,0,0
CY205,20220218,20220218,135423000,13:54:23,28275,2115,4204,299166750,0,0,0
CY205,20220218,20220218,135428000,13:54:30,28275,2115,4204,299166750,0,0,0
CY205,20220218,20220218,135428500,13:54:30,28275,2115,4204,299166750,0,0,0
CY205,20220218,20220218,135450000,13:54:50,28275,2115,4204,299166750,0,0,0
CY205,20220218,20220218,135450500,13:54:50,28275,2115,4204,299166750,0,0,0
CY205,20220218,20220218,135502000,13:55:03,28275,2115,4204,299166750,0,0,0
CY205,20220218,20220218,135506000,13:55:06,28275,2115,4204,299166750,0,0,0
CY205,20220218,20220218,135507500,13:55:11,28275,2115,4204,299166750,0,0,0
CY205,20220218,20220218,135516000,13:55:16,28295,2116,4205,299308200,1,1,141450
CY205,20220218,20220218,135532500,13:55:32,28295,2119,4205,299732550,3,0,424350
CY205,20220218,20220218,135533000,13:55:33,28295,2119,4205,299732550,0,0,0
CY205,20220218,20220218,135550000,13:55:50,28300,2127,4197,300864150,8,-8,1131600
CY205,20220218,20220218,135554000,13:55:54,28300,2128,4196,301005600,1,-1,141450
CY205,20220218,20220218,135618000,13:56:23,28300,2128,4196,301005600,0,0,0
CY205,20220218,20220218,135639500,13:56:39,28300,2129,4195,301147050,1,-1,141450
CY205,20220218,20220218,135657000,13:56:57,28300,2130,4195,301288500,1,0,141450
CY205,20220218,20220218,135700500,13:57:01,28300,2131,4195,301429950,1,0,141450
CY205,20220218,20220218,135702000,13:57:02,28300,2131,4195,301429950,0,0,0
CY205,20220218,20220218,135702500,13:57:02,28300,2131,4195,301429950,0,0,0
CY205,20220218,20220218,135706000,13:57:06,28300,2131,4195,301429950,0,0,0
