FG205,20220218,20220218,112003000,11:20:08,2081,357315,233199,14699939100,357315,-6873,14699939100
FG205,20220218,20220218,112004500,11:20:09,2081,357330,233192,14700556200,15,-7,617100
FG205,20220218,20220218,112005000,11:20:10,2081,357330,233192,14700556200,0,0,0
FG205,20220218,20220218,112006000,11:20:10,2081,357333,233193,14700679620,3,1,123420
FG205,20220218,20220218,112006500,11:20:10,2080,357335,233193,14700761900,2,0,82280
FG205,20220218,20220218,112007000,11:20:10,2081,357336,233194,14700803040,1,1,41140
FG205,20220218,20220218,112007500,11:20:10,2080,357342,233194,14701049880,6,0,246840
FG205,20220218,20220218,112008000,11:20:10,2080,357342,233194,14701049880,0,0,0
FG205,20220218,20220218,112008500,11:20:10,2080,357351,233195,14701420140,9,1,370260
FG205,20220218,20220218,112009000,11:20:10,2080,357353,233196,14701502420,2,1,82280
FG205,20220218,20220218,112009500,11:20:10,2080,357353,233196,14701502420,0,0,0
FG205,20220218,20220218,112010000,11:20:10,2080,357353,233196,14701502420,0,0,0
FG205,20220218,20220218,112010500,11:20:10,2081,357355,233196,14701584700,2,0,82280
FG205,20220218,20220218,112011000,11:20:11,2081,357355,233196,14701584700,0,0,0
FG205,20220218,20220218,112011500,11:20:12,2080,357360,233192,14701790400,5,-4,205700
FG205,20220218,20220218,112012000,11:20:12,2081,357371,233181,14702242940,11,-11,452540
FG205,20220218,20220218,112012500,11:20:12,2080,357372,233180,14702284080,1,-1,41140
FG205,20220218,20220218,112013000,11:20:13,2080,357373,233181,14702325220,1,1,41140
FG205,20220218,20220218,112013500,11:20:13,2081,357399,233171,14703394860,26,-10,1069640
FG205,20220218,20220218,112014000,11:20:14,2081,357421,233173,14704299940,22,2,905080
FG205,20220218,20220218,112014500,11:20:14,2081,357446,233172,14705328440,25,-1,1028500
FG205,20220218,20220218,112015000,11:20:15,2081,357491,233159,14707179740,45,-13,1851300
FG205,20220218,20220218,112015500,11:20:16,2081,357536,233155,14709031040,45,-4,1851300
FG205,20220218,20220218,112016000,11:20:16,2081,357540,233153,14709195600,4,-2,164560
FG205,20220218,20220218,112016500,11:20:16,2081,357541,233152,14709236740,1,-1,41140
FG205,20220218,20220218,112017000,11:20:17,2081,357541,233152,14709236740,0,0,0
FG205,20220218,20220218,112017500,11:20:17,2082,357548,233150,14709524720,7,-2,287980
FG205,20220218,20220218,112018000,11:20:18,2082,357549,233149,14709565860,1,-1,41140
FG205,20220218,20220218,112018500,11:20:18,2082,357550,233149,14709607000,1,0,41140
FG205,20220218,20220218,112019000,11:20:19,2082,357550,233149,14709607000,0,0,0
FG205,20220218,20220218,112019500,11:20:20,2081,357551,233149,14709648140,1,0,41140
FG205,20220218,20220218,112020000,11:20:20,2081,357567,233149,14710306380,16,0,658240
FG205,20220218,20220218,112020500,11:20:20,2081,357568,233148,14710347520,1,-1,41140
FG205,20220218,20220218,112021000,11:20:21,2081,357570,233146,14710429800,2,-2,82280
FG205,20220218,20220218,112021500,11:20:21,2082,357573,233149,14710553220,3,3,123420
FG205,20220218,20220218,112022000,11:20:22,2081,357575,233147,14710635500,2,-2,82280
FG205,20220218,20220218,112022500,11:20:23,2081,357577,233147,14710717780,2,0,82280
FG205,20220218,20220218,112023000,11:20:23,2081,357577,233147,14710717780,0,0,0
FG205,20220218,20220218,112023500,11:20:23,2081,357577,233147,14710717780,0,0,0
FG205,20220218,20220218,112024000,11:20:24,2081,357578,233147,14710758920,1,0,41140
FG205,20220218,20220218,112024500,11:20:24,2081,357578,233147,14710758920,0,0,0
FG205,20220218,20220218,112025000,11:20:25,2081,357579,233148,14710800060,1,1,41140
FG205,20220218,20220218,112025500,11:20:26,2081,357579,233148,14710800060,0,0,0
FG205,20220218,20220218,112026000,11:20:26,2082,357580,233149,14710841200,1,1,41140
FG205,20220218,20220218,112027000,11:20:27,2082,357580,233149,14710841200,0,0,0
FG205,20220218,20220218,112027500,11:20:28,2082,357580,233149,14710841200,0,0,0
FG205,20220218,20220218,112028000,11:20:28,2082,357580,233149,14710841200,0,0,0
FG205,20220218,20220218,112028500,11:20:28,2081,357620,233152,14712486800,40,3,1645600
FG205,20220218,20220218,112029000,11:20:29,2081,357741,233182,14717464740,121,30,4977940
FG205,20220218,20220218,112029500,11:20:30,2080,357761,233164,14718287540,20,-18,822800
FG205,20220218,20220218,112030000,11:20:31,2080,357792,233159,14719562880,31,-5,1275340
FG205,20220218,20220218,112030500,11:20:31,2080,357795,233162,14719686300,3,3,123420
FG205,20220218,20220218,112031000,11:20:32,2080,357795,233162,14719686300,0,0,0
FG205,20220218,20220218,112031500,11:20:32,2079,357797,233164,14719768580,2,2,82280
FG205,20220218,20220218,112032000,11:20:32,2079,357806,233170,14720138840,9,6,370260
FG205,20220218,20220218,112032500,11:20:32,2079,357807,233170,14720179980,1,0,41140
FG205,20220218,20220218,112033000,11:20:33,2080,357809,233170,14720262260,2,0,82280
FG205,20220218,20220218,112033500,11:20:33,2080,357820,233174,14720714800,11,4,452540
FG205,20220218,20220218,112034000,11:20:34,2080,357821,233174,14720755940,1,0,41140
FG205,20220218,20220218,112034500,11:20:34,2080,357821,233174,14720755940,0,0,0
FG205,20220218,20220218,112035000,11:20:35,2079,357822,233174,14720797080,1,0,41140
FG205,20220218,20220218,112035500,11:20:35,2080,357823,233174,14720838220,1,0,41140
FG205,20220218,20220218,112036500,11:20:37,2079,357824,233174,14720879360,1,0,41140
FG205,20220218,20220218,112037000,11:20:37,2079,357824,233174,14720879360,0,0,0
FG205,20220218,20220218,112037500,11:20:38,2079,357826,233172,14720961640,2,-2,82280
FG205,20220218,20220218,112038500,11:20:38,2079,357828,233172,14721043920,2,0,82280
FG205,20220218,20220218,112039500,11:20:40,2079,357828,233172,14721043920,0,0,0
FG205,20220218,20220218,112041000,11:20:41,2079,357828,233172,14721043920,0,0,0
FG205,20220218,20220218,112041500,11:20:41,2079,357828,233172,14721043920,0,0,0
FG205,20220218,20220218,112042000,11:20:42,2079,357828,233172,14721043920,0,0,0
FG205,20220218,20220218,112042500,11:20:42,2080,357831,233171,14721167340,3,-1,123420
FG205,20220218,20220218,112043000,11:20:43,2079,357832,233171,14721208480,1,0,41140
FG205,20220218,20220218,112043500,11:20:44,2079,357832,233171,14721208480,0,0,0
FG205,20220218,20220218,112044000,11:20:44,2079,357836,233173,14721373040,4,2,164560
FG205,20220218,20220218,112045000,11:20:45,2079,357842,233169,14721619880,6,-4,246840
FG205,20220218,20220218,112045500,11:20:46,2080,357844,233169,14721702160,2,0,82280
FG205,20220218,20220218,112046000,11:20:46,2079,357861,233168,14722401540,17,-1,699380
FG205,20220218,20220218,112046500,11:20:46,2079,357861,233168,14722401540,0,0,0
FG205,20220218,20220218,112047000,11:20:47,2079,357862,233168,14722442680,1,0,41140
FG205,20220218,20220218,112047500,11:20:48,2080,357907,233170,14724293980,45,2,1851300
FG205,20220218,20220218,112048000,11:20:48,2080,357933,233145,14725363620,26,-25,1069640
FG205,20220218,20220218,112048500,11:20:50,2080,357934,233144,14725404760,1,-1,41140
FG205,20220218,20220218,112049000,11:20:50,2080,357934,233144,14725404760,0,0,0
FG205,20220218,20220218,112049500,11:20:50,2081,357946,233135,14725898440,12,-9,493680
FG205,20220218,20220218,112050500,11:20:50,2080,357947,233136,14725939580,1,1,41140
FG205,20220218,20220218,112052000,11:20:53,2081,357950,233139,14726063000,3,3,123420
FG205,20220218,20220218,112052500,11:20:53,2081,357950,233139,14726063000,0,0,0
FG205,20220218,20220218,112053000,11:20:53,2079,357955,233138,14726268700,5,-1,205700
FG205,20220218,20220218,112054000,11:20:54,2079,357955,233138,14726268700,0,0,0
FG205,20220218,20220218,112054500,11:20:55,2080,357959,233134,14726433260,4,-4,164560
FG205,20220218,20220218,112055000,11:20:55,2080,357961,233132,14726515540,2,-2,82280
FG205,20220218,20220218,112056000,11:20:56,2080,357961,233132,14726515540,0,0,0
FG205,20220218,20220218,112056500,11:20:56,2080,357961,233132,14726515540,0,0,0
FG205,20220218,20220218,112057000,11:20:58,2080,357964,233132,14726638960,3,0,123420
FG205,20220218,20220218,112057500,11:20:58,2080,357968,233130,14726803520,4,-2,164560
FG205,20220218,20220218,112058000,11:20:58,2080,357980,233129,14727297200,12,-1,493680
FG205,20220218,20220218,112058500,11:20:59,2081,357997,233135,14727996580,17,6,699380
FG205,20220218,20220218,112059000,11:20:59,2080,358003,233138,14728243420,6,3,246840
FG205,20220218,20220218,112059500,11:21:00,2080,358003,233138,14728243420,0,0,0
FG205,20220218,20220218,112100000,11:21:00,2080,358003,233138,14728243420,0,0,0
FG205,20220218,20220218,112100500,11:21:01,2081,358004,233138,14728284560,1,0,41140
FG205,20220218,20220218,112101000,11:21:01,2081,358005,233139,14728325700,1,1,41140
FG205,20220218,20220218,112101500,11:21:02,2081,358005,233139,14728325700,0,0,0
FG205,20220218,20220218,112102000,11:21:02,2080,358006,233139,14728366840,1,0,41140
FG205,20220218,20220218,112102500,11:21:03,2080,358006,233139,14728366840,0,0,0
FG205,20220218,20220218,112103000,11:21:03,2081,358007,233140,14728407980,1,1,41140
FG205,20220218,20220218,112103500,11:21:04,2080,358012,233145,14728613680,5,5,205700
FG205,20220218,20220218,112104000,11:21:04,2081,358045,233140,14729971300,33,-5,1357620
FG205,20220218,20220218,112104500,11:21:05,2081,358121,233130,14733097940,76,-10,3126640
FG205,20220218,20220218,112105000,11:21:05,2081,358132,233126,14733550480,11,-4,452540
FG205,20220218,20220218,112105500,11:21:06,2081,358133,233126,14733591620,1,0,41140
FG205,20220218,20220218,112106000,11:21:07,2081,358134,233126,14733632760,1,0,41140
FG205,20220218,20220218,112106500,11:21:07,2082,358149,233118,14734249860,15,-8,617100
FG205,20220218,20220218,112107000,11:21:10,2082,358163,233119,14734825820,14,1,575960
FG205,20220218,20220218,112107500,11:21:10,2081,358218,233113,14737088520,55,-6,2262700
FG205,20220218,20220218,112108000,11:21:10,2082,358258,233115,14738734120,40,2,1645600
FG205,20220218,20220218,112108500,11:21:10,2083,358287,233093,14739927180,29,-22,1193060
FG205,20220218,20220218,112110000,11:21:10,2082,358303,233085,14740585420,16,-8,658240
FG205,20220218,20220218,112110500,11:21:11,2082,358305,233083,14740667700,2,-2,82280
FG205,20220218,20220218,112111000,11:21:11,2082,358318,233079,14741202520,13,-4,534820
FG205,20220218,20220218,112111500,11:21:12,2082,358328,233077,14741613920,10,-2,411400
FG205,20220218,20220218,112112000,11:21:12,2082,358333,233074,14741819620,5,-3,205700
FG205,20220218,20220218,112112500,11:21:13,2083,358334,233074,14741860760,1,0,41140
FG205,20220218,20220218,112113000,11:21:13,2083,358334,233074,14741860760,0,0,0
FG205,20220218,20220218,112113500,11:21:13,2082,358340,233070,14742107600,6,-4,246840
FG205,20220218,20220218,112114000,11:21:14,2082,358341,233071,14742148740,1,1,41140
FG205,20220218,20220218,112114500,11:21:14,2082,358345,233073,14742313300,4,2,164560
FG205,20220218,20220218,112115000,11:21:15,2083,358351,233076,14742560140,6,3,246840
FG205,20220218,20220218,112115500,11:21:15,2083,358367,233061,14743218380,16,-15,658240
FG205,20220218,20220218,112116000,11:21:16,2083,358383,233068,14743876620,16,7,658240
FG205,20220218,20220218,112116500,11:21:17,2083,358383,233068,14743876620,0,0,0
FG205,20220218,20220218,112117000,11:21:17,2083,358393,233061,14744288020,10,-7,411400
FG205,20220218,20220218,112117500,11:21:18,2083,358405,233064,14744781700,12,3,493680
FG205,20220218,20220218,112118000,11:21:18,2082,358411,233065,14745028540,6,1,246840
FG205,20220218,20220218,112118500,11:21:18,2083,358418,233063,14745316520,7,-2,287980
FG205,20220218,20220218,112119000,11:21:19,2083,358426,233061,14745645640,8,-2,329120
FG205,20220218,20220218,112119500,11:21:19,2083,358426,233061,14745645640,0,0,0
FG205,20220218,20220218,112120500,11:21:21,2082,358428,233061,14745727920,2,0,82280
FG205,20220218,20220218,112121000,11:21:22,2083,358436,233058,14746057040,8,-3,329120
FG205,20220218,20220218,112121500,11:21:22,2083,358451,233048,14746674140,15,-10,617100
FG205,20220218,20220218,112122000,11:21:22,2083,358451,233048,14746674140,0,0,0
FG205,20220218,20220218,112122500,11:21:22,2083,358452,233048,14746715280,1,0,41140
FG205,20220218,20220218,112123000,11:21:23,2083,358454,233049,14746797560,2,1,82280
FG205,20220218,20220218,112123500,11:21:23,2083,358462,233043,14747126680,8,-6,329120
FG205,20220218,20220218,112124000,11:21:24,2083,358467,233041,14747332380,5,-2,205700
FG205,20220218,20220218,112124500,11:21:25,2083,358468,233042,14747373520,1,1,41140
FG205,20220218,20220218,112125000,11:22:28,2083,358468,233042,14747373520,0,0,0
FG205,20220218,20220218,112125500,11:23:32,2083,358469,233043,14747414660,1,1,41140
FG205,20220218,20220218,112126000,11:23:33,2083,358469,233043,14747414660,0,0,0
FG205,20220218,20220218,112126500,11:23:33,2084,358472,233043,14747538080,3,0,123420
FG205,20220218,20220218,112332500,11:23:33,2084,358472,233043,14747538080,0,0,0
FG205,20220218,20220218,112333000,11:23:33,2082,360271,232850,14821548940,1799,-193,74010860
FG205,20220218,20220218,112333500,11:23:33,2082,360272,232850,14821590080,1,0,41140
FG205,20220218,20220218,112334000,11:23:34,2082,360272,232850,14821590080,0,0,0
FG205,20220218,20220218,112334500,11:23:34,2083,360279,232847,14821878060,7,-3,287980
FG205,20220218,20220218,112335000,11:23:35,2083,360282,232845,14822001480,3,-2,123420
FG205,20220218,20220218,112335500,11:23:35,2083,360283,232844,14822042620,1,-1,41140
FG205,20220218,20220218,112336000,11:23:36,2083,360283,232844,14822042620,0,0,0
FG205,20220218,20220218,112336500,11:23:38,2083,360286,232842,14822166040,3,-2,123420
FG205,20220218,20220218,112337000,11:23:38,2083,360286,232842,14822166040,0,0,0
FG205,20220218,20220218,112337500,11:23:38,2083,360332,232857,14824058480,46,15,1892440
FG205,20220218,20220218,112338000,11:23:38,2083,360339,232853,14824346460,7,-4,287980
FG205,20220218,20220218,112338500,11:23:38,2083,360340,232853,14824387600,1,0,41140
FG205,20220218,20220218,112339000,11:23:39,2083,360365,232844,14825416100,25,-9,1028500
FG205,20220218,20220218,112339500,11:23:39,2083,360385,232843,14826238900,20,-1,822800
FG205,20220218,20220218,112340000,11:23:40,2084,360412,232848,14827349680,27,5,1110780
FG205,20220218,20220218,112340500,11:23:40,2084,360538,232852,14832533320,126,4,5183640
FG205,20220218,20220218,112341000,11:23:41,2084,360543,232853,14832739020,5,1,205700
FG205,20220218,20220218,112341500,11:23:42,2084,360543,232853,14832739020,0,0,0
FG205,20220218,20220218,112342000,11:23:42,2085,360553,232848,14833150420,10,-5,411400
FG205,20220218,20220218,112342500,11:23:42,2085,360569,232850,14833808660,16,2,658240
FG205,20220218,20220218,112343000,11:23:43,2084,360585,232841,14834466900,16,-9,658240
FG205,20220218,20220218,112343500,11:23:43,2084,360589,232842,14834631460,4,1,164560
FG205,20220218,20220218,112344000,11:23:48,2085,360595,232845,14834878300,6,3,246840
FG205,20220218,20220218,112344500,11:23:48,2084,360598,232847,14835001720,3,2,123420
FG205,20220218,20220218,112345000,11:23:48,2084,360600,232845,14835084000,2,-2,82280
FG205,20220218,20220218,112345500,11:23:48,2084,360600,232845,14835084000,0,0,0
FG205,20220218,20220218,112347500,11:23:48,2085,360679,232814,14838334060,79,-31,3250060
FG205,20220218,20220218,112348500,11:23:49,2085,360893,232730,14847138020,214,-84,8803960
FG205,20220218,20220218,112349000,11:23:49,2085,360927,232711,14848536780,34,-19,1398760
FG205,20220218,20220218,112349500,11:23:50,2085,361019,232679,14852321660,92,-32,3784880
FG205,20220218,20220218,112350000,11:23:50,2084,361023,232681,14852486220,4,2,164560
FG205,20220218,20220218,112350500,11:23:50,2085,361031,232689,14852815340,8,8,329120
FG205,20220218,20220218,112351000,11:23:51,2085,361107,232712,14855941980,76,23,3126640
FG205,20220218,20220218,112351500,11:23:51,2085,361239,232686,14861372460,132,-26,5430480
FG205,20220218,20220218,112352500,11:23:52,2085,361348,232667,14865856720,109,-19,4484260
FG205,20220218,20220218,112353000,11:23:53,2086,361353,232668,14866062420,5,1,205700
FG205,20220218,20220218,112353500,11:23:53,2085,361361,232669,14866391540,8,1,329120
FG205,20220218,20220218,112354500,11:23:55,2085,361376,232664,14867008640,15,-5,617100
FG205,20220218,20220218,112355000,11:23:55,2086,361392,232663,14867666880,16,-1,658240
FG205,20220218,20220218,112356000,11:23:56,2086,361446,232668,14869888440,54,5,2221560
FG205,20220218,20220218,112356500,11:23:56,2086,361459,232657,14870423260,13,-11,534820
FG205,20220218,20220218,112357000,11:23:57,2085,361478,232656,14871204920,19,-1,781660
FG205,20220218,20220218,112358000,11:23:58,2086,361571,232645,14875030940,93,-11,3826020
FG205,20220218,20220218,112358500,11:23:58,2086,361602,232618,14876306280,31,-27,1275340
FG205,20220218,20220218,112359000,11:23:59,2086,361609,232613,14876594260,7,-5,287980
FG205,20220218,20220218,112359500,11:23:59,2087,361614,232611,14876799960,5,-2,205700
FG205,20220218,20220218,112400000,11:24:00,2086,361704,232602,14880502560,90,-9,3702600
FG205,20220218,20220218,112400500,11:24:00,2087,361707,232602,14880625980,3,0,123420
FG205,20220218,20220218,112401500,11:24:01,2086,361759,232611,14882765260,52,9,2139280
FG205,20220218,20220218,112402000,11:24:02,2086,361764,232611,14882970960,5,0,205700
FG205,20220218,20220218,112403000,11:24:03,2086,361777,232608,14883505780,13,-3,534820
FG205,20220218,20220218,112403500,11:24:04,2086,361779,232608,14883588060,2,0,82280
FG205,20220218,20220218,112404000,11:24:04,2086,361801,232614,14884493140,22,6,905080
FG205,20220218,20220218,112405000,11:24:05,2086,361824,232609,14885439360,23,-5,946220
FG205,20220218,20220218,112405500,11:24:05,2086,361846,232599,14886344440,22,-10,905080
FG205,20220218,20220218,112406500,11:24:06,2086,361912,232561,14889059680,66,-38,2715240
FG205,20220218,20220218,112407000,11:24:07,2085,361946,232555,14890458440,34,-6,1398760
FG205,20220218,20220218,112407500,11:24:08,2086,361952,232550,14890705280,6,-5,246840
FG205,20220218,20220218,112408000,11:24:08,2086,361954,232551,14890787560,2,1,82280
FG205,20220218,20220218,112409000,11:24:11,2086,361991,232540,14892309740,37,-11,1522180
FG205,20220218,20220218,112409500,11:24:11,2087,362005,232538,14892885700,14,-2,575960
FG205,20220218,20220218,112410000,11:24:12,2087,362010,232538,14893091400,5,0,205700
FG205,20220218,20220218,112410500,11:24:12,2087,362016,232536,14893338240,6,-2,246840
FG205,20220218,20220218,112411500,11:24:12,2086,362026,232533,14893749640,10,-3,411400
FG205,20220218,20220218,112412500,11:24:13,2087,362032,232527,14893996480,6,-6,246840
FG205,20220218,20220218,112413000,11:24:13,2086,362044,232522,14894490160,12,-5,493680
FG205,20220218,20220218,112413500,11:24:14,2087,362073,232505,14895683220,29,-17,1193060
FG205,20220218,20220218,112414500,11:24:14,2087,362084,232500,14896135760,11,-5,452540
FG205,20220218,20220218,112415000,11:24:15,2087,362092,232499,14896464880,8,-1,329120
FG205,20220218,20220218,112415500,11:24:15,2086,362096,232497,14896629440,4,-2,164560
FG205,20220218,20220218,112416500,11:24:17,2086,362179,232490,14900044060,83,-7,3414620
FG205,20220218,20220218,112417000,11:24:17,2086,362181,232491,14900126340,2,1,82280
FG205,20220218,20220218,112417500,11:24:18,2086,362218,232495,14901648520,37,4,1522180
FG205,20220218,20220218,112418000,11:24:18,2085,362302,232477,14905104280,84,-18,3455760
FG205,20220218,20220218,112418500,11:24:19,2086,362311,232476,14905474540,9,-1,370260
FG205,20220218,20220218,112419000,11:24:19,2086,362315,232475,14905639100,4,-1,164560
FG205,20220218,20220218,112419500,11:24:19,2086,362323,232472,14905968220,8,-3,329120
FG205,20220218,20220218,112420000,11:24:20,2085,362360,232436,14907490400,37,-36,1522180
FG205,20220218,20220218,112420500,11:24:20,2085,362361,232436,14907531540,1,0,41140
FG205,20220218,20220218,112421000,11:24:21,2086,362377,232423,14908189780,16,-13,658240
FG205,20220218,20220218,112422000,11:24:22,2085,362380,232421,14908313200,3,-2,123420
FG205,20220218,20220218,112422500,11:24:23,2086,362434,232452,14910534760,54,31,2221560
FG205,20220218,20220218,112423000,11:24:23,2085,362441,232449,14910822740,7,-3,287980
FG205,20220218,20220218,112423500,11:24:24,2086,362451,232445,14911234140,10,-4,411400
FG205,20220218,20220218,112424000,11:24:24,2086,362453,232446,14911316420,2,1,82280
FG205,20220218,20220218,112424500,11:24:24,2086,362467,232439,14911892380,14,-7,575960
FG205,20220218,20220218,112425000,11:24:25,2085,362500,232436,14913250000,33,-3,1357620
FG205,20220218,20220218,112425500,11:24:25,2085,362507,232442,14913537980,7,6,287980
FG205,20220218,20220218,112426000,11:24:26,2085,362509,232443,14913620260,2,1,82280
FG205,20220218,20220218,112426500,11:24:26,2085,362511,232444,14913702540,2,1,82280
FG205,20220218,20220218,112427000,11:24:27,2084,362515,232440,14913867100,4,-4,164560
FG205,20220218,20220218,112427500,11:24:28,2085,362518,232441,14913990520,3,1,123420
FG205,20220218,20220218,112428000,11:24:28,2085,362518,232441,14913990520,0,0,0
FG205,20220218,20220218,112428500,11:24:28,2085,362529,232432,14914443060,11,-9,452540
FG205,20220218,20220218,112429000,11:24:29,2084,362533,232431,14914607620,4,-1,164560
FG205,20220218,20220218,112429500,11:24:29,2085,362543,232427,14915019020,10,-4,411400
FG205,20220218,20220218,112430000,11:24:30,2085,362544,232428,14915060160,1,1,41140
FG205,20220218,20220218,112430500,11:24:30,2086,362575,232417,14916335500,31,-11,1275340
FG205,20220218,20220218,112431500,11:24:31,2086,362575,232417,14916335500,0,0,0
FG205,20220218,20220218,112432000,11:24:32,2085,362580,232418,14916541200,5,1,205700
FG205,20220218,20220218,112432500,11:24:32,2086,362629,232400,14918557060,49,-18,2015860
FG205,20220218,20220218,112433500,11:24:33,2086,362632,232398,14918680480,3,-2,123420
FG205,20220218,20220218,112434000,11:24:34,2086,362637,232395,14918886180,5,-3,205700
FG205,20220218,20220218,112434500,11:24:34,2086,362639,232394,14918968460,2,-1,82280
FG205,20220218,20220218,112435000,11:24:35,2086,362741,232301,14923164740,102,-93,4196280
FG205,20220218,20220218,112435500,11:24:35,2085,362745,232298,14923329300,4,-3,164560
FG205,20220218,20220218,112436000,11:24:36,2085,362771,232310,14924398940,26,12,1069640
FG205,20220218,20220218,112436500,11:24:36,2086,362779,232311,14924728060,8,1,329120
FG205,20220218,20220218,112437000,11:24:37,2087,362781,232310,14924810340,2,-1,82280
FG205,20220218,20220218,112437500,11:24:37,2086,362783,232308,14924892620,2,-2,82280
FG205,20220218,20220218,112438000,11:24:39,2087,362789,232306,14925139460,6,-2,246840
FG205,20220218,20220218,112438500,11:24:39,2086,362793,232303,14925304020,4,-3,164560
FG205,20220218,20220218,112439000,11:24:40,2086,362804,232297,14925756560,11,-6,452540
FG205,20220218,20220218,112439500,11:24:40,2087,362810,232294,14926003400,6,-3,246840
FG205,20220218,20220218,112440000,11:24:40,2086,362820,232290,14926414800,10,-4,411400
FG205,20220218,20220218,112440500,11:24:40,2086,362824,232288,14926579360,4,-2,164560
FG205,20220218,20220218,112441000,11:24:41,2086,362835,232289,14927031900,11,1,452540
FG205,20220218,20220218,112441500,11:24:41,2087,362877,232295,14928759780,42,6,1727880
FG205,20220218,20220218,112442000,11:24:42,2087,362887,232293,14929171180,10,-2,411400
FG205,20220218,20220218,112442500,11:24:42,2087,362904,232293,14929870560,17,0,699380
FG205,20220218,20220218,112443000,11:24:43,2086,362923,232302,14930652220,19,9,781660
FG205,20220218,20220218,112443500,11:24:43,2087,362979,232316,14932956060,56,14,2303840
FG205,20220218,20220218,112444000,11:24:44,2086,362983,232315,14933120620,4,-1,164560
FG205,20220218,20220218,112444500,11:24:44,2086,362994,232324,14933573160,11,9,452540
FG205,20220218,20220218,112445000,11:24:45,2086,362996,232324,14933655440,2,0,82280
FG205,20220218,20220218,112445500,11:24:45,2086,362999,232326,14933778860,3,2,123420
FG205,20220218,20220218,112446000,11:24:46,2086,363052,232344,14935959280,53,18,2180420
FG205,20220218,20220218,112446500,11:24:46,2086,363063,232345,14936411820,11,1,452540
FG205,20220218,20220218,112447000,11:24:47,2086,363090,232350,14937522600,27,5,1110780
FG205,20220218,20220218,112447500,11:24:47,2087,363095,232350,14937728300,5,0,205700
FG205,20220218,20220218,112448000,11:24:48,2087,363102,232345,14938016280,7,-5,287980
FG205,20220218,20220218,112448500,11:24:48,2086,363108,232345,14938263120,6,0,246840
FG205,20220218,20220218,112449000,11:24:49,2086,363110,232345,14938345400,2,0,82280
FG205,20220218,20220218,112449500,11:24:49,2087,363115,232345,14938551100,5,0,205700
FG205,20220218,20220218,112450000,11:24:50,2086,363116,232346,14938592240,1,1,41140
FG205,20220218,20220218,112450500,11:24:50,2086,363134,232355,14939332760,18,9,740520
FG205,20220218,20220218,112451000,11:24:51,2086,363136,232354,14939415040,2,-1,82280
FG205,20220218,20220218,112451500,11:24:51,2086,363137,232354,14939456180,1,0,41140
FG205,20220218,20220218,112452000,11:24:52,2086,363139,232354,14939538460,2,0,82280
FG205,20220218,20220218,112452500,11:24:52,2086,363141,232355,14939620740,2,1,82280
FG205,20220218,20220218,112453000,11:24:53,2086,363146,232360,14939826440,5,5,205700
FG205,20220218,20220218,112453500,11:24:53,2085,363147,232359,14939867580,1,-1,41140
FG205,20220218,20220218,112454000,11:24:54,2086,363152,232363,14940073280,5,4,205700
FG205,20220218,20220218,112454500,11:24:54,2086,363182,232358,14941307480,30,-5,1234200
FG205,20220218,20220218,112455000,11:24:55,2086,363214,232378,14942623960,32,20,1316480
FG205,20220218,20220218,112455500,11:24:56,2086,363224,232372,14943035360,10,-6,411400
FG205,20220218,20220218,112456000,11:24:56,2086,363228,232370,14943199920,4,-2,164560
FG205,20220218,20220218,112456500,11:24:56,2086,363233,232373,14943405620,5,3,205700
FG205,20220218,20220218,112457000,11:24:57,2086,363234,232374,14943446760,1,1,41140
FG205,20220218,20220218,112457500,11:24:57,2086,363237,232376,14943570180,3,2,123420
FG205,20220218,20220218,112458000,11:24:58,2086,363241,232377,14943734740,4,1,164560
FG205,20220218,20220218,112458500,11:24:58,2086,363244,232377,14943858160,3,0,123420
FG205,20220218,20220218,112459000,11:24:59,2085,363245,232377,14943899300,1,0,41140
FG205,20220218,20220218,112459500,11:24:59,2085,363251,232380,14944146140,6,3,246840
FG205,20220218,20220218,112500000,11:25:00,2086,363267,232378,14944804380,16,-2,658240
FG205,20220218,20220218,112500500,11:25:01,2086,363277,232379,14945215780,10,1,411400
FG205,20220218,20220218,112501000,11:25:01,2086,363278,232380,14945256920,1,1,41140
FG205,20220218,20220218,112501500,11:25:03,2086,363280,232380,14945339200,2,0,82280
FG205,20220218,20220218,112502000,11:25:05,2086,363281,232380,14945380340,1,0,41140
FG205,20220218,20220218,112502500,11:25:06,2086,363299,232379,14946120860,18,-1,740520
FG205,20220218,20220218,112504500,11:25:06,2086,363329,232377,14947355060,30,-2,1234200
FG205,20220218,20220218,112505500,11:25:06,2086,363339,232378,14947766460,10,1,411400
FG205,20220218,20220218,112506000,11:25:07,2086,363340,232378,14947807600,1,0,41140
FG205,20220218,20220218,112506500,11:25:07,2086,363350,232379,14948219000,10,1,411400
FG205,20220218,20220218,112507000,11:25:07,2086,363351,232378,14948260140,1,-1,41140
FG205,20220218,20220218,112507500,11:25:07,2086,363417,232387,14950975380,66,9,2715240
FG205,20220218,20220218,112508000,11:25:08,2085,363427,232384,14951386780,10,-3,411400
FG205,20220218,20220218,112508500,11:25:08,2086,363434,232378,14951674760,7,-6,287980
FG205,20220218,20220218,112509000,11:25:09,2085,363440,232378,14951921600,6,0,246840
FG205,20220218,20220218,112509500,11:25:09,2086,363450,232380,14952333000,10,2,411400
FG205,20220218,20220218,112510000,11:25:10,2086,363451,232380,14952374140,1,0,41140
FG205,20220218,20220218,112510500,11:25:10,2086,363483,232405,14953690620,32,25,1316480
FG205,20220218,20220218,112511000,11:25:11,2085,363497,232415,14954266580,14,10,575960
FG205,20220218,20220218,112511500,11:25:11,2086,363503,232413,14954513420,6,-2,246840
FG205,20220218,20220218,112512000,11:25:12,2085,363509,232408,14954760260,6,-5,246840
FG205,20220218,20220218,112512500,11:25:12,2085,363509,232408,14954760260,0,0,0
FG205,20220218,20220218,112513000,11:25:13,2085,363531,232417,14955665340,22,9,905080
FG205,20220218,20220218,112513500,11:25:15,2086,363570,232413,14957269800,39,-4,1604460
FG205,20220218,20220218,112514000,11:25:15,2085,363571,232414,14957310940,1,1,41140
FG205,20220218,20220218,112514500,11:25:15,2085,363577,232412,14957557780,6,-2,246840
FG205,20220218,20220218,112515000,11:25:16,2085,363580,232412,14957681200,3,0,123420
FG205,20220218,20220218,112515500,11:25:16,2085,363580,232412,14957681200,0,0,0
FG205,20220218,20220218,112516000,11:25:16,2086,363591,232410,14958133740,11,-2,452540
FG205,20220218,20220218,112516500,11:25:16,2085,363594,232412,14958257160,3,2,123420
FG205,20220218,20220218,112517000,11:25:17,2085,363596,232411,14958339440,2,-1,82280
FG205,20220218,20220218,112517500,11:25:18,2086,363599,232412,14958462860,3,1,123420
FG205,20220218,20220218,112518000,11:25:18,2086,363602,232411,14958586280,3,-1,123420
FG205,20220218,20220218,112518500,11:25:19,2086,363605,232409,14958709700,3,-2,123420
FG205,20220218,20220218,112519000,11:25:19,2085,363611,232407,14958956540,6,-2,246840
FG205,20220218,20220218,112519500,11:25:19,2086,363625,232409,14959532500,14,2,575960
FG205,20220218,20220218,112520000,11:25:20,2086,363626,232409,14959573640,1,0,41140
FG205,20220218,20220218,112520500,11:25:21,2086,363627,232409,14959614780,1,0,41140
FG205,20220218,20220218,112521000,11:25:21,2086,363633,232404,14959861620,6,-5,246840
FG205,20220218,20220218,112521500,11:25:22,2086,363633,232404,14959861620,0,0,0
FG205,20220218,20220218,112522000,11:25:22,2086,363639,232402,14960108460,6,-2,246840
FG205,20220218,20220218,112522500,11:25:22,2085,363641,232403,14960190740,2,1,82280
FG205,20220218,20220218,112523000,11:25:23,2085,363642,232403,14960231880,1,0,41140
FG205,20220218,20220218,112523500,11:25:24,2085,363642,232403,14960231880,0,0,0
FG205,20220218,20220218,112524000,11:25:25,2085,363645,232404,14960355300,3,1,123420
FG205,20220218,20220218,112524500,11:25:25,2086,363647,232405,14960437580,2,1,82280
FG205,20220218,20220218,112525000,11:25:25,2086,363649,232405,14960519860,2,0,82280
FG205,20220218,20220218,112525500,11:25:26,2086,363653,232403,14960684420,4,-2,164560
FG205,20220218,20220218,112526000,11:25:26,2086,363655,232403,14960766700,2,0,82280
FG205,20220218,20220218,112526500,11:25:27,2085,363718,232424,14963358520,63,21,2591820
FG205,20220218,20220218,112527000,11:25:27,2085,363720,232425,14963440800,2,1,82280
FG205,20220218,20220218,112527500,11:25:28,2085,363722,232427,14963523080,2,2,82280
FG205,20220218,20220218,112528000,11:25:28,2085,363726,232429,14963687640,4,2,164560
FG205,20220218,20220218,112528500,11:25:28,2085,363740,232432,14964263600,14,3,575960
FG205,20220218,20220218,112529000,11:25:29,2085,363742,232433,14964345880,2,1,82280
FG205,20220218,20220218,112529500,11:25:30,2084,363759,232439,14965045260,17,6,699380
FG205,20220218,20220218,112530000,11:25:30,2084,363801,232435,14966773140,42,-4,1727880
FG205,20220218,20220218,112530500,11:25:31,2084,363804,232432,14966896560,3,-3,123420
FG205,20220218,20220218,112531000,11:25:31,2083,363807,232433,14967019980,3,1,123420
FG205,20220218,20220218,112531500,11:25:32,2083,363810,232432,14967143400,3,-1,123420
FG205,20220218,20220218,112532000,11:25:32,2083,363819,232426,14967513660,9,-6,370260
FG205,20220218,20220218,112532500,11:25:33,2083,363835,232417,14968171900,16,-9,658240
FG205,20220218,20220218,112533000,11:25:33,2083,363840,232416,14968377600,5,-1,205700
FG205,20220218,20220218,112533500,11:25:33,2083,363844,232417,14968542160,4,1,164560
FG205,20220218,20220218,112534000,11:25:34,2083,363845,232418,14968583300,1,1,41140
FG205,20220218,20220218,112534500,11:25:35,2084,363848,232417,14968706720,3,-1,123420
FG205,20220218,20220218,112535000,11:25:36,2083,363856,232422,14969035840,8,5,329120
FG205,20220218,20220218,112535500,11:25:37,2084,363860,232419,14969200400,4,-3,164560
FG205,20220218,20220218,112536000,11:25:37,2084,363877,232405,14969899780,17,-14,699380
FG205,20220218,20220218,112536500,11:25:37,2083,363878,232404,14969940920,1,-1,41140
FG205,20220218,20220218,112537000,11:25:38,2084,363880,232404,14970023200,2,0,82280
FG205,20220218,20220218,112537500,11:25:38,2083,363883,232402,14970146620,3,-2,123420
FG205,20220218,20220218,112538000,11:25:38,2083,363884,232402,14970187760,1,0,41140
FG205,20220218,20220218,112538500,11:25:39,2084,363917,232376,14971545380,33,-26,1357620
FG205,20220218,20220218,112539000,11:25:39,2083,363922,232375,14971751080,5,-1,205700
FG205,20220218,20220218,112539500,11:25:40,2083,363924,232374,14971833360,2,-1,82280
FG205,20220218,20220218,112540000,11:25:40,2083,363928,232371,14971997920,4,-3,164560
FG205,20220218,20220218,112540500,11:25:40,2083,363951,232375,14972944140,23,4,946220
FG205,20220218,20220218,112541000,11:25:41,2083,363953,232375,14973026420,2,0,82280
FG205,20220218,20220218,112541500,11:25:41,2083,363953,232375,14973026420,0,0,0
FG205,20220218,20220218,112542000,11:25:42,2083,363954,232375,14973067560,1,0,41140
FG205,20220218,20220218,112542500,11:25:42,2083,363956,232375,14973149840,2,0,82280
FG205,20220218,20220218,112543000,11:25:43,2083,363959,232373,14973273260,3,-2,123420
FG205,20220218,20220218,112543500,11:25:43,2084,363960,232374,14973314400,1,1,41140
FG205,20220218,20220218,112544000,11:25:44,2084,363963,232373,14973437820,3,-1,123420
FG205,20220218,20220218,112544500,11:25:44,2083,363973,232363,14973849220,10,-10,411400
FG205,20220218,20220218,112545000,11:25:45,2083,363981,232356,14974178340,8,-7,329120
FG205,20220218,20220218,112545500,11:25:46,2083,363982,232355,14974219480,1,-1,41140
FG205,20220218,20220218,112546000,11:25:47,2083,363984,232354,14974301760,2,-1,82280
FG205,20220218,20220218,112546500,11:25:48,2083,363989,232356,14974507460,5,2,205700
FG205,20220218,20220218,112547000,11:25:48,2083,364001,232357,14975001140,12,1,493680
FG205,20220218,20220218,112547500,11:25:48,2083,364002,232356,14975042280,1,-1,41140
FG205,20220218,20220218,112548000,11:25:48,2084,364007,232357,14975247980,5,1,205700
FG205,20220218,20220218,112548500,11:25:48,2084,364007,232357,14975247980,0,0,0
FG205,20220218,20220218,112549000,11:25:49,2083,364014,232355,14975535960,7,-2,287980
FG205,20220218,20220218,112549500,11:25:49,2083,364015,232355,14975577100,1,0,41140
FG205,20220218,20220218,112550000,11:25:50,2083,364020,232360,14975782800,5,5,205700
FG205,20220218,20220218,112550500,11:25:51,2083,364022,232362,14975865080,2,2,82280
FG205,20220218,20220218,112551000,11:25:51,2083,364023,232361,14975906220,1,-1,41140
FG205,20220218,20220218,112551500,11:25:51,2083,364028,232364,14976111920,5,3,205700
FG205,20220218,20220218,112552000,11:25:52,2083,364034,232364,14976358760,6,0,246840
FG205,20220218,20220218,112552500,11:25:52,2083,364034,232364,14976358760,0,0,0
FG205,20220218,20220218,112553000,11:25:53,2083,364054,232364,14977181560,20,0,822800
FG205,20220218,20220218,112553500,11:25:54,2082,364076,232371,14978086640,22,7,905080
FG205,20220218,20220218,112554000,11:25:54,2082,364088,232365,14978580320,12,-6,493680
FG205,20220218,20220218,112554500,11:25:55,2083,364093,232369,14978786020,5,4,205700
FG205,20220218,20220218,112555000,11:25:55,2083,364093,232369,14978786020,0,0,0
FG205,20220218,20220218,112555500,11:25:56,2083,364095,232369,14978868300,2,0,82280
FG205,20220218,20220218,112556000,11:25:57,2082,364099,232369,14979032860,4,0,164560
FG205,20220218,20220218,112556500,11:25:57,2082,364101,232368,14979115140,2,-1,82280
FG205,20220218,20220218,112557000,11:25:57,2082,364101,232368,14979115140,0,0,0
FG205,20220218,20220218,112557500,11:25:57,2083,364105,232367,14979279700,4,-1,164560
FG205,20220218,20220218,112558000,11:25:59,2082,364136,232369,14980555040,31,2,1275340
FG205,20220218,20220218,112558500,11:25:59,2083,364150,232358,14981131000,14,-11,575960
FG205,20220218,20220218,112559000,11:26:00,2083,364164,232346,14981706960,14,-12,575960
FG205,20220218,20220218,112559500,11:26:00,2083,364167,232343,14981830380,3,-3,123420
FG205,20220218,20220218,112600000,11:26:00,2083,364169,232342,14981912660,2,-1,82280
FG205,20220218,20220218,112600500,11:26:01,2083,364178,232333,14982282920,9,-9,370260
FG205,20220218,20220218,112601000,11:26:01,2083,364182,232331,14982447480,4,-2,164560
FG205,20220218,20220218,112601500,11:26:01,2084,364232,232329,14984504480,50,-2,2057000
FG205,20220218,20220218,112602000,11:26:03,2084,364287,232331,14986767180,55,2,2262700
FG205,20220218,20220218,112602500,11:26:03,2084,364287,232331,14986767180,0,0,0
FG205,20220218,20220218,112603000,11:26:03,2084,364289,232330,14986849460,2,-1,82280
FG205,20220218,20220218,112603500,11:26:04,2084,364303,232343,14987425420,14,13,575960
FG205,20220218,20220218,112604000,11:26:05,2084,364303,232343,14987425420,0,0,0
FG205,20220218,20220218,112604500,11:26:05,2085,364346,232367,14989194440,43,24,1769020
FG205,20220218,20220218,112605000,11:26:05,2085,364355,232369,14989564700,9,2,370260
FG205,20220218,20220218,112605500,11:26:06,2085,364382,232367,14990675480,27,-2,1110780
FG205,20220218,20220218,112606000,11:26:06,2085,364383,232368,14990716620,1,1,41140
FG205,20220218,20220218,112606500,11:26:07,2085,364406,232364,14991662840,23,-4,946220
FG205,20220218,20220218,112607000,11:26:09,2085,364407,232364,14991703980,1,0,41140
FG205,20220218,20220218,112607500,11:26:09,2085,364417,232364,14992115380,10,0,411400
FG205,20220218,20220218,112608000,11:26:09,2086,364418,232364,14992156520,1,0,41140
FG205,20220218,20220218,112609000,11:26:09,2086,364440,232377,14993061600,22,13,905080
FG205,20220218,20220218,112609500,11:26:10,2086,364485,232393,14994912900,45,16,1851300
FG205,20220218,20220218,112610000,11:26:10,2086,364507,232386,14995817980,22,-7,905080
FG205,20220218,20220218,112610500,11:26:10,2085,364534,232403,14996928760,27,17,1110780
FG205,20220218,20220218,112611000,11:26:11,2086,364551,232404,14997628140,17,1,699380
FG205,20220218,20220218,112611500,11:26:13,2086,364554,232405,14997751560,3,1,123420
FG205,20220218,20220218,112612000,11:26:14,2087,364557,232405,14997874980,3,0,123420
FG205,20220218,20220218,112612500,11:26:14,2086,364559,232405,14997957260,2,0,82280
FG205,20220218,20220218,112613000,11:26:15,2086,364561,232404,14998039540,2,-1,82280
FG205,20220218,20220218,112614000,11:26:15,2086,364574,232405,14998574360,13,1,534820
FG205,20220218,20220218,112614500,11:26:15,2086,364577,232405,14998697780,3,0,123420
FG205,20220218,20220218,112615000,11:26:16,2086,364578,232405,14998738920,1,0,41140
FG205,20220218,20220218,112615500,11:26:16,2086,364578,232405,14998738920,0,0,0
FG205,20220218,20220218,112616000,11:26:16,2086,364583,232410,14998944620,5,5,205700
FG205,20220218,20220218,112616500,11:26:17,2086,364586,232413,14999068040,3,3,123420
FG205,20220218,20220218,112617000,11:26:17,2086,364597,232411,14999520580,11,-2,452540
FG205,20220218,20220218,112617500,11:26:17,2086,364601,232411,14999685140,4,0,164560
FG205,20220218,20220218,112618000,11:26:18,2086,364606,232410,14999890840,5,-1,205700
FG205,20220218,20220218,112618500,11:26:18,2086,364627,232419,15000754780,21,9,863940
FG205,20220218,20220218,112619000,11:26:19,2086,364630,232419,15000878200,3,0,123420
FG205,20220218,20220218,112619500,11:26:20,2085,364634,232422,15001042760,4,3,164560
FG205,20220218,20220218,112620000,11:26:20,2086,364637,232422,15001166180,3,0,123420
FG205,20220218,20220218,112620500,11:26:20,2086,364640,232422,15001289600,3,0,123420
FG205,20220218,20220218,112621000,11:26:21,2085,364642,232422,15001371880,2,0,82280
FG205,20220218,20220218,112621500,11:26:21,2085,364645,232422,15001495300,3,0,123420
FG205,20220218,20220218,112622000,11:26:22,2085,364649,232422,15001659860,4,0,164560
FG205,20220218,20220218,112622500,11:26:23,2086,364660,232425,15002112400,11,3,452540
FG205,20220218,20220218,112623000,11:26:23,2086,364661,232426,15002153540,1,1,41140
FG205,20220218,20220218,112623500,11:26:23,2085,364663,232428,15002235820,2,2,82280
FG205,20220218,20220218,112624000,11:26:24,2086,364665,232429,15002318100,2,1,82280
FG205,20220218,20220218,112624500,11:26:24,2086,364670,232428,15002523800,5,-1,205700
FG205,20220218,20220218,112625000,11:26:25,2085,364684,232416,15003099760,14,-12,575960
FG205,20220218,20220218,112625500,11:26:25,2086,364685,232417,15003140900,1,1,41140
FG205,20220218,20220218,112626000,11:26:26,2086,364697,232427,15003634580,12,10,493680
FG205,20220218,20220218,112626500,11:26:26,2086,364699,232429,15003716860,2,2,82280
FG205,20220218,20220218,112627000,11:26:27,2086,364700,232429,15003758000,1,0,41140
FG205,20220218,20220218,112627500,11:26:27,2086,364702,232429,15003840280,2,0,82280
FG205,20220218,20220218,112628000,11:26:28,2086,364705,232429,15003963700,3,0,123420
FG205,20220218,20220218,112628500,11:26:28,2086,364712,232429,15004251680,7,0,287980
FG205,20220218,20220218,112629000,11:26:29,2086,364716,232429,15004416240,4,0,164560
FG205,20220218,20220218,112629500,11:26:30,2086,364720,232427,15004580800,4,-2,164560
FG205,20220218,20220218,112630000,11:26:31,2086,364720,232427,15004580800,0,0,0
FG205,20220218,20220218,112630500,11:26:31,2086,364720,232427,15004580800,0,0,0
FG205,20220218,20220218,112631000,11:26:31,2086,364721,232427,15004621940,1,0,41140
FG205,20220218,20220218,112632000,11:26:32,2085,364723,232426,15004704220,2,-1,82280
FG205,20220218,20220218,112632500,11:26:32,2086,364724,232426,15004745360,1,0,41140
FG205,20220218,20220218,112633000,11:26:33,2085,364726,232424,15004827640,2,-2,82280
FG205,20220218,20220218,112633500,11:26:34,2085,364727,232424,15004868780,1,0,41140
FG205,20220218,20220218,112634000,11:26:34,2085,364727,232424,15004868780,0,0,0
FG205,20220218,20220218,112634500,11:26:37,2086,364728,232424,15004909920,1,0,41140
FG205,20220218,20220218,112635000,11:26:37,2086,364728,232424,15004909920,0,0,0
FG205,20220218,20220218,112635500,11:26:38,2086,364765,232405,15006432100,37,-19,1522180
FG205,20220218,20220218,112636000,11:26:38,2085,364766,232404,15006473240,1,-1,41140
FG205,20220218,20220218,112637000,11:26:38,2084,364882,232407,15011245480,116,3,4772240
FG205,20220218,20220218,112637500,11:27:10,2084,364886,232406,15011410040,4,-1,164560
FG205,20220218,20220218,112638000,11:27:10,2084,364888,232408,15011492320,2,2,82280
FG205,20220218,20220218,112638500,11:27:10,2084,364892,232408,15011656880,4,0,164560
FG205,20220218,20220218,112653500,11:27:10,2084,365015,232379,15016717100,123,-29,5060220
FG205,20220218,20220218,112654000,11:27:12,2084,365025,232377,15017128500,10,-2,411400
FG205,20220218,20220218,112710000,11:27:12,2087,365353,232396,15037929480,328,19,20800980
FG205,20220218,20220218,112710500,11:27:12,2087,365361,232393,15038258760,8,-3,329280
FG205,20220218,20220218,112712000,11:27:12,2087,365373,232397,15038752680,12,4,493920
FG205,20220218,20220218,112712500,11:27:13,2087,365421,232402,15040728360,48,5,1975680
FG205,20220218,20220218,112713000,11:27:13,2087,365425,232401,15040893000,4,-1,164640
FG205,20220218,20220218,112713500,11:27:14,2088,365452,232397,15042004320,27,-4,1111320
FG205,20220218,20220218,112714000,11:27:14,2089,366006,232217,15064806960,554,-180,22802640
FG205,20220218,20220218,112714500,11:27:15,2090,366220,232183,15073615200,214,-34,8808240
FG205,20220218,20220218,112715000,11:27:15,2090,366413,232123,15081559080,193,-60,7943880
FG205,20220218,20220218,112715500,11:27:16,2090,366419,232117,15081806040,6,-6,246960
FG205,20220218,20220218,112716000,11:27:17,2089,366432,232109,15082341120,13,-8,535080
FG205,20220218,20220218,112716500,11:27:17,2090,366482,232125,15084399120,50,16,2058000
FG205,20220218,20220218,112717000,11:27:17,2090,366489,232127,15084687240,7,2,288120
FG205,20220218,20220218,112717500,11:27:17,2091,366546,232115,15087033360,57,-12,2346120
FG205,20220218,20220218,112718000,11:27:18,2091,366602,232096,15089338320,56,-19,2304960
FG205,20220218,20220218,112718500,11:27:19,2090,366638,232106,15090820080,36,10,1481760
FG205,20220218,20220218,112719000,11:27:19,2091,366654,232096,15091478640,16,-10,658560
FG205,20220218,20220218,112719500,11:27:20,2090,366671,232093,15092178360,17,-3,699720
FG205,20220218,20220218,112720000,11:27:20,2091,366743,232073,15095141880,72,-20,2963520
FG205,20220218,20220218,112720500,11:27:21,2091,366754,232070,15095594640,11,-3,452760
FG205,20220218,20220218,112721000,11:27:21,2091,366768,232060,15096170880,14,-10,576240
FG205,20220218,20220218,112721500,11:27:22,2090,366784,232060,15096829440,16,0,658560
FG205,20220218,20220218,112722000,11:27:22,2090,366794,232052,15097241040,10,-8,411600
FG205,20220218,20220218,112722500,11:27:23,2090,366800,232047,15097488000,6,-5,246960
FG205,20220218,20220218,112723000,11:27:26,2090,366818,232032,15098228880,18,-15,740880
FG205,20220218,20220218,112723500,11:27:27,2090,366863,232023,15100081080,45,-9,1852200
FG205,20220218,20220218,112724000,11:27:27,2090,366867,232027,15100245720,4,4,164640
FG205,20220218,20220218,112726500,11:27:27,2090,366965,232020,15104279400,98,-7,4033680
FG205,20220218,20220218,112727000,11:27:27,2090,366972,232025,15104567520,7,5,288120
FG205,20220218,20220218,112727500,11:27:27,2089,366984,232015,15105061440,12,-10,493920
FG205,20220218,20220218,112728000,11:27:28,2090,367003,232015,15105843480,19,0,782040
FG205,20220218,20220218,112728500,11:27:28,2089,367061,231988,15108230760,58,-27,2387280
FG205,20220218,20220218,112729000,11:27:29,2089,367063,231987,15108313080,2,-1,82320
FG205,20220218,20220218,112729500,11:27:29,2089,367063,231987,15108313080,0,0,0
FG205,20220218,20220218,112730000,11:27:30,2089,367067,231983,15108477720,4,-4,164640
FG205,20220218,20220218,112730500,11:27:31,2089,367076,231982,15108848160,9,-1,370440
FG205,20220218,20220218,112731000,11:27:32,2088,367077,231983,15108889320,1,1,41160
FG205,20220218,20220218,112731500,11:27:35,2089,367082,231979,15109095120,5,-4,205800
FG205,20220218,20220218,112732000,11:27:35,2089,367102,231986,15109918320,20,7,823200
FG205,20220218,20220218,112732500,11:27:36,2089,367109,231980,15110206440,7,-6,288120
FG205,20220218,20220218,112735500,11:27:36,2088,367144,231965,15111647040,35,-15,1440600
FG205,20220218,20220218,112736000,11:27:36,2089,367154,231964,15112058640,10,-1,411600
FG205,20220218,20220218,112736500,11:27:38,2089,367158,231965,15112223280,4,1,164640
FG205,20220218,20220218,112737000,11:27:38,2089,367163,231968,15112429080,5,3,205800
FG205,20220218,20220218,112737500,11:27:38,2089,367172,231960,15112799520,9,-8,370440
FG205,20220218,20220218,112738000,11:27:38,2088,367179,231957,15113087640,7,-3,288120
FG205,20220218,20220218,112738500,11:27:39,2089,367188,231959,15113458080,9,2,370440
FG205,20220218,20220218,112739000,11:27:39,2089,367190,231959,15113540400,2,0,82320
FG205,20220218,20220218,112739500,11:27:39,2089,367200,231958,15113952000,10,-1,411600
FG205,20220218,20220218,112740000,11:27:40,2088,367205,231957,15114157800,5,-1,205800
FG205,20220218,20220218,112740500,11:27:40,2089,367212,231957,15114445920,7,0,288120
FG205,20220218,20220218,112741000,11:27:41,2088,367342,232059,15119796720,130,102,5350800
FG205,20220218,20220218,112741500,11:27:41,2088,367363,232050,15120661080,21,-9,864360
FG205,20220218,20220218,112742000,11:27:42,2088,367371,232057,15120990360,8,7,329280
FG205,20220218,20220218,112742500,11:27:43,2088,367383,232057,15121484280,12,0,493920
FG205,20220218,20220218,112743000,11:27:43,2088,367392,232049,15121854720,9,-8,370440
FG205,20220218,20220218,112743500,11:27:43,2088,367394,232051,15121937040,2,2,82320
FG205,20220218,20220218,112744000,11:27:44,2088,367394,232051,15121937040,0,0,0
FG205,20220218,20220218,112744500,11:27:45,2087,367404,232047,15122348640,10,-4,411600
FG205,20220218,20220218,112745000,11:27:46,2087,367413,232048,15122719080,9,1,370440
FG205,20220218,20220218,112745500,11:27:46,2087,367414,232049,15122760240,1,1,41160
FG205,20220218,20220218,112746000,11:27:46,2088,367416,232050,15122842560,2,1,82320
FG205,20220218,20220218,112746500,11:27:47,2088,367416,232050,15122842560,0,0,0
FG205,20220218,20220218,112747000,11:27:47,2087,367417,232051,15122883720,1,1,41160
FG205,20220218,20220218,112747500,11:27:47,2087,367418,232052,15122924880,1,1,41160
FG205,20220218,20220218,112748000,11:27:53,2087,367422,232053,15123089520,4,1,164640
FG205,20220218,20220218,112748500,11:27:54,2087,367423,232054,15123130680,1,1,41160
FG205,20220218,20220218,112749000,11:27:54,2087,367423,232054,15123130680,0,0,0
FG205,20220218,20220218,112749500,11:27:54,2087,367423,232054,15123130680,0,0,0
FG205,20220218,20220218,112754000,11:27:54,2088,367492,232067,15125970720,69,13,2840040
FG205,20220218,20220218,112754500,11:27:55,2089,367494,232066,15126053040,2,-1,82320
FG205,20220218,20220218,112755000,11:27:55,2089,367499,232065,15126258840,5,-1,205800
FG205,20220218,20220218,112755500,11:27:55,2088,367503,232065,15126423480,4,0,164640
FG205,20220218,20220218,112756000,11:27:56,2088,367506,232065,15126546960,3,0,123480
FG205,20220218,20220218,112756500,11:27:56,2088,367525,232066,15127329000,19,1,782040
FG205,20220218,20220218,112757000,11:27:57,2088,367538,232071,15127864080,13,5,535080
FG205,20220218,20220218,112757500,11:27:57,2088,367545,232066,15128152200,7,-5,288120
FG205,20220218,20220218,112758000,11:27:58,2088,367549,232066,15128316840,4,0,164640
FG205,20220218,20220218,112758500,11:27:59,2088,367551,232064,15128399160,2,-2,82320
FG205,20220218,20220218,112759000,11:27:59,2087,367560,232066,15128769600,9,2,370440
FG205,20220218,20220218,112759500,11:27:59,2088,367566,232067,15129016560,6,1,246960
FG205,20220218,20220218,112800000,11:28:01,2088,367571,232065,15129222360,5,-2,205800
FG205,20220218,20220218,112800500,11:28:01,2088,367577,232065,15129469320,6,0,246960
FG205,20220218,20220218,112801000,11:28:01,2088,367579,232066,15129551640,2,1,82320
FG205,20220218,20220218,112801500,11:28:02,2088,367594,232071,15130169040,15,5,617400
FG205,20220218,20220218,112802000,11:28:03,2089,367596,232071,15130251360,2,0,82320
FG205,20220218,20220218,112802500,11:28:03,2088,367597,232070,15130292520,1,-1,41160
FG205,20220218,20220218,112803000,11:28:04,2089,367599,232068,15130374840,2,-2,82320
FG205,20220218,20220218,112803500,11:28:04,2089,367599,232068,15130374840,0,0,0
FG205,20220218,20220218,112804000,11:28:04,2089,367612,232061,15130909920,13,-7,535080
FG205,20220218,20220218,112804500,11:28:05,2089,367613,232061,15130951080,1,0,41160
FG205,20220218,20220218,112805000,11:28:06,2089,367648,232045,15132391680,35,-16,1440600
FG205,20220218,20220218,112805500,11:28:06,2089,367661,232047,15132926760,13,2,535080
FG205,20220218,20220218,112806000,11:28:10,2090,367670,232046,15133297200,9,-1,370440
FG205,20220218,20220218,112806500,11:28:10,2090,367674,232046,15133461840,4,0,164640
FG205,20220218,20220218,112807000,11:28:10,2090,367676,232044,15133544160,2,-2,82320
FG205,20220218,20220218,112807500,11:28:11,2090,367678,232043,15133626480,2,-1,82320
FG205,20220218,20220218,112810000,11:28:11,2089,367707,232037,15134820120,29,-6,1193640
FG205,20220218,20220218,112810500,11:28:11,2090,367738,232029,15136096080,31,-8,1275960
FG205,20220218,20220218,112811000,11:28:12,2090,367834,232045,15140047440,96,16,3951360
FG205,20220218,20220218,112811500,11:28:12,2090,367847,232048,15140582520,13,3,535080
FG205,20220218,20220218,112812000,11:28:12,2090,367856,232043,15140952960,9,-5,370440
FG205,20220218,20220218,112812500,11:28:13,2091,367861,232041,15141158760,5,-2,205800
FG205,20220218,20220218,112813000,11:28:13,2090,367876,232027,15141776160,15,-14,617400
FG205,20220218,20220218,112813500,11:28:14,2091,367888,232017,15142270080,12,-10,493920
FG205,20220218,20220218,112814000,11:28:14,2091,367914,232022,15143340240,26,5,1070160
FG205,20220218,20220218,112814500,11:28:14,2090,367955,232002,15145027800,41,-20,1687560
FG205,20220218,20220218,112815000,11:28:15,2091,367967,231997,15145521720,12,-5,493920
FG205,20220218,20220218,112815500,11:28:15,2091,367968,231997,15145562880,1,0,41160
FG205,20220218,20220218,112816000,11:28:16,2091,367976,231995,15145892160,8,-2,329280
FG205,20220218,20220218,112816500,11:28:16,2090,368006,231969,15147126960,30,-26,1234800
FG205,20220218,20220218,112817000,11:28:17,2090,368009,231970,15147250440,3,1,123480
FG205,20220218,20220218,112817500,11:28:17,2091,368033,231953,15148238280,24,-17,987840
FG205,20220218,20220218,112818000,11:28:18,2091,368041,231954,15148567560,8,1,329280
FG205,20220218,20220218,112818500,11:28:18,2091,368183,232006,15154412280,142,52,5844720
FG205,20220218,20220218,112819000,11:28:19,2092,368295,231975,15159022200,112,-31,4609920
FG205,20220218,20220218,112819500,11:28:19,2092,368343,231947,15160997880,48,-28,1975680
FG205,20220218,20220218,112820000,11:28:20,2093,368355,231944,15161491800,12,-3,493920
FG205,20220218,20220218,112820500,11:28:20,2092,368445,231941,15165196200,90,-3,3704400
FG205,20220218,20220218,112821000,11:28:21,2093,368459,231942,15165772440,14,1,576240
FG205,20220218,20220218,112821500,11:28:22,2093,368492,231924,15167130720,33,-18,1358280
FG205,20220218,20220218,112822000,11:28:22,2092,368496,231920,15167295360,4,-4,164640
FG205,20220218,20220218,112822500,11:28:22,2093,368521,231909,15168324360,25,-11,1029000
FG205,20220218,20220218,112823000,11:28:23,2093,368531,231907,15168735960,10,-2,411600
FG205,20220218,20220218,112823500,11:28:23,2092,368545,231904,15169312200,14,-3,576240
FG205,20220218,20220218,112824000,11:28:24,2093,368646,231940,15173469360,101,36,4157160
FG205,20220218,20220218,112824500,11:28:24,2094,368765,231898,15178367400,119,-42,4898040
FG205,20220218,20220218,112825000,11:28:25,2094,368835,231834,15181248600,70,-64,2881200
FG205,20220218,20220218,112825500,11:28:25,2093,368888,231828,15183430080,53,-6,2181480
FG205,20220218,20220218,112826000,11:28:26,2093,368908,231818,15184253280,20,-10,823200
FG205,20220218,20220218,112826500,11:28:27,2092,368918,231814,15184664880,10,-4,411600
FG205,20220218,20220218,112827000,11:28:27,2093,368936,231809,15185405760,18,-5,740880
FG205,20220218,20220218,112827500,11:28:27,2092,368939,231808,15185529240,3,-1,123480
FG205,20220218,20220218,112828000,11:28:28,2093,368948,231806,15185899680,9,-2,370440
FG205,20220218,20220218,112828500,11:28:28,2093,368969,231799,15186764040,21,-7,864360
FG205,20220218,20220218,112829000,11:28:29,2092,369047,231792,15189974520,78,-7,3210480
FG205,20220218,20220218,112829500,11:28:29,2092,369056,231801,15190344960,9,9,370440
FG205,20220218,20220218,112830000,11:28:30,2092,369166,231868,15194872560,110,67,4527600
FG205,20220218,20220218,112830500,11:28:31,2092,369176,231865,15195284160,10,-3,411600
FG205,20220218,20220218,112831000,11:28:31,2091,369188,231860,15195778080,12,-5,493920
FG205,20220218,20220218,112831500,11:28:31,2092,369192,231861,15195942720,4,1,164640
FG205,20220218,20220218,112832000,11:28:32,2093,369241,231852,15197959560,49,-9,2016840
FG205,20220218,20220218,112832500,11:28:33,2093,369255,231849,15198535800,14,-3,576240
FG205,20220218,20220218,112833000,11:28:33,2093,369313,231810,15200923080,58,-39,2387280
FG205,20220218,20220218,112833500,11:28:34,2093,369349,231806,15202404840,36,-4,1481760
FG205,20220218,20220218,112834000,11:28:34,2092,369354,231806,15202610640,5,0,205800
FG205,20220218,20220218,112834500,11:28:34,2093,369361,231807,15202898760,7,1,288120
FG205,20220218,20220218,112835000,11:28:35,2093,369386,231811,15203927760,25,4,1029000
FG205,20220218,20220218,112835500,11:28:36,2092,369415,231804,15205121400,29,-7,1193640
FG205,20220218,20220218,112836000,11:28:37,2092,369431,231796,15205779960,16,-8,658560
FG205,20220218,20220218,112836500,11:28:37,2092,369440,231788,15206150400,9,-8,370440
FG205,20220218,20220218,112837000,11:28:37,2093,369449,231787,15206520840,9,-1,370440
FG205,20220218,20220218,112837500,11:28:38,2092,369468,231769,15207302880,19,-18,782040
FG205,20220218,20220218,112838000,11:28:38,2093,369516,231740,15209278560,48,-29,1975680
FG205,20220218,20220218,112838500,11:28:38,2093,369523,231741,15209566680,7,1,288120
FG205,20220218,20220218,112839000,11:28:40,2093,369535,231746,15210060600,12,5,493920
FG205,20220218,20220218,112839500,11:28:40,2093,369540,231746,15210266400,5,0,205800
FG205,20220218,20220218,112840000,11:28:40,2093,369564,231747,15211254240,24,1,987840
FG205,20220218,20220218,112840500,11:28:40,2093,369581,231761,15211953960,17,14,699720
FG205,20220218,20220218,112841000,11:28:41,2092,369584,231759,15212077440,3,-2,123480
FG205,20220218,20220218,112841500,11:28:41,2092,369647,231773,15214670520,63,14,2593080
FG205,20220218,20220218,112842000,11:28:42,2092,369650,231776,15214794000,3,3,123480
FG205,20220218,20220218,112842500,11:28:42,2092,369654,231776,15214958640,4,0,164640
FG205,20220218,20220218,112843000,11:28:43,2092,369670,231772,15215617200,16,-4,658560
FG205,20220218,20220218,112843500,11:28:44,2092,369694,231782,15216605040,24,10,987840
FG205,20220218,20220218,112844000,11:28:44,2092,369753,231769,15219033480,59,-13,2428440
FG205,20220218,20220218,112844500,11:28:44,2092,369762,231766,15219403920,9,-3,370440
FG205,20220218,20220218,112845000,11:28:45,2092,369769,231760,15219692040,7,-6,288120
FG205,20220218,20220218,112845500,11:28:45,2093,369777,231759,15220021320,8,-1,329280
FG205,20220218,20220218,112846000,11:28:46,2092,369783,231756,15220268280,6,-3,246960
FG205,20220218,20220218,112846500,11:28:46,2092,369811,231730,15221420760,28,-26,1152480
FG205,20220218,20220218,112847000,11:28:47,2092,369829,231725,15222161640,18,-5,740880
FG205,20220218,20220218,112847500,11:28:47,2092,369840,231731,15222614400,11,6,452760
FG205,20220218,20220218,112848000,11:28:48,2092,369843,231731,15222737880,3,0,123480
FG205,20220218,20220218,112848500,11:28:48,2092,369850,231731,15223026000,7,0,288120
FG205,20220218,20220218,112849000,11:28:49,2091,369852,231731,15223108320,2,0,82320
FG205,20220218,20220218,112849500,11:28:50,2091,369857,231728,15223314120,5,-3,205800
FG205,20220218,20220218,112850000,11:28:50,2091,369859,231729,15223396440,2,1,82320
FG205,20220218,20220218,112850500,11:28:50,2092,369862,231728,15223519920,3,-1,123480
FG205,20220218,20220218,112851000,11:28:51,2091,369871,231722,15223890360,9,-6,370440
FG205,20220218,20220218,112851500,11:28:51,2091,369871,231722,15223890360,0,0,0
FG205,20220218,20220218,112852000,11:28:52,2091,369871,231722,15223890360,0,0,0
FG205,20220218,20220218,112852500,11:28:53,2091,369878,231728,15224178480,7,6,288120
FG205,20220218,20220218,112853000,11:28:54,2092,369887,231728,15224548920,9,0,370440
FG205,20220218,20220218,112853500,11:28:54,2091,369894,231724,15224837040,7,-4,288120
FG205,20220218,20220218,112854000,11:28:54,2092,369959,231770,15227512440,65,46,2675400
FG205,20220218,20220218,112854500,11:28:54,2092,369966,231771,15227800560,7,1,288120
FG205,20220218,20220218,112855000,11:28:55,2092,369966,231771,15227800560,0,0,0
FG205,20220218,20220218,112855500,11:28:56,2092,369967,231772,15227841720,1,1,41160
FG205,20220218,20220218,112856000,11:28:56,2092,369977,231774,15228253320,10,2,411600
FG205,20220218,20220218,112856500,11:28:56,2093,369986,231775,15228623760,9,1,370440
FG205,20220218,20220218,112857000,11:28:57,2092,369997,231773,15229076520,11,-2,452760
FG205,20220218,20220218,112857500,11:28:58,2092,370003,231774,15229323480,6,1,246960
FG205,20220218,20220218,112858000,11:28:58,2092,370006,231774,15229446960,3,0,123480
FG205,20220218,20220218,112858500,11:28:59,2092,370015,231775,15229817400,9,1,370440
FG205,20220218,20220218,112859000,11:28:59,2092,370023,231775,15230146680,8,0,329280
FG205,20220218,20220218,112859500,11:29:00,2092,370031,231774,15230475960,8,-1,329280
FG205,20220218,20220218,112900000,11:29:00,2092,370042,231767,15230928720,11,-7,452760
FG205,20220218,20220218,112900500,11:29:01,2092,370060,231757,15231669600,18,-10,740880
FG205,20220218,20220218,112901000,11:29:01,2093,370106,231738,15233562960,46,-19,1893360
FG205,20220218,20220218,112901500,11:29:02,2093,370113,231739,15233851080,7,1,288120
FG205,20220218,20220218,112902000,11:29:02,2093,370122,231741,15234221520,9,2,370440
FG205,20220218,20220218,112902500,11:29:03,2091,370130,231741,15234550800,8,0,329280
FG205,20220218,20220218,112903000,11:29:03,2092,370134,231741,15234715440,4,0,164640
FG205,20220218,20220218,112903500,11:29:04,2091,370143,231743,15235085880,9,2,370440
FG205,20220218,20220218,112904000,11:29:04,2092,370149,231747,15235332840,6,4,246960
FG205,20220218,20220218,112904500,11:29:04,2092,370151,231747,15235415160,2,0,82320
FG205,20220218,20220218,112905000,11:29:05,2091,370172,231757,15236279520,21,10,864360
FG205,20220218,20220218,112905500,11:29:06,2092,370180,231750,15236608800,8,-7,329280
FG205,20220218,20220218,112906000,11:29:06,2092,370207,231739,15237720120,27,-11,1111320
FG205,20220218,20220218,112906500,11:29:06,2091,370294,231762,15241301040,87,23,3580920
FG205,20220218,20220218,112907000,11:29:07,2092,370341,231749,15243235560,47,-13,1934520
FG205,20220218,20220218,112907500,11:29:08,2091,370350,231747,15243606000,9,-2,370440
FG205,20220218,20220218,112908000,11:29:08,2092,370383,231735,15244964280,33,-12,1358280
FG205,20220218,20220218,112908500,11:29:08,2091,370388,231734,15245170080,5,-1,205800
FG205,20220218,20220218,112909000,11:29:09,2092,370427,231737,15246775320,39,3,1605240
FG205,20220218,20220218,112909500,11:29:09,2092,370457,231748,15248010120,30,11,1234800
FG205,20220218,20220218,112910000,11:29:10,2092,370461,231746,15248174760,4,-2,164640
FG205,20220218,20220218,112910500,11:29:10,2092,370465,231747,15248339400,4,1,164640
FG205,20220218,20220218,112911000,11:29:11,2092,370489,231739,15249327240,24,-8,987840
FG205,20220218,20220218,112911500,11:29:12,2093,370595,231759,15253690200,106,20,4362960
FG205,20220218,20220218,112912000,11:29:12,2093,370617,231742,15254595720,22,-17,905520
FG205,20220218,20220218,112912500,11:29:12,2092,370646,231728,15255789360,29,-14,1193640
FG205,20220218,20220218,112913000,11:29:13,2092,370651,231728,15255995160,5,0,205800
FG205,20220218,20220218,112913500,11:29:14,2092,370691,231742,15257641560,40,14,1646400
FG205,20220218,20220218,112914000,11:29:14,2092,370717,231732,15258711720,26,-10,1070160
FG205,20220218,20220218,112914500,11:29:14,2091,370726,231729,15259082160,9,-3,370440
FG205,20220218,20220218,112915000,11:29:15,2092,370757,231731,15260358120,31,2,1275960
FG205,20220218,20220218,112915500,11:29:16,2092,370763,231733,15260605080,6,2,246960
FG205,20220218,20220218,112916000,11:29:16,2092,370771,231735,15260934360,8,2,329280
FG205,20220218,20220218,112916500,11:29:17,2092,370776,231736,15261140160,5,1,205800
FG205,20220218,20220218,112917000,11:29:20,2092,370782,231736,15261387120,6,0,246960
FG205,20220218,20220218,112917500,11:29:21,2092,370786,231735,15261551760,4,-1,164640
FG205,20220218,20220218,112918000,11:29:21,2093,370791,231733,15261757560,5,-2,205800
FG205,20220218,20220218,112920500,11:29:21,2091,370958,231802,15268631280,167,69,6873720
FG205,20220218,20220218,112921000,11:29:22,2092,370964,231800,15268878240,6,-2,246960
FG205,20220218,20220218,112921500,11:29:24,2092,370968,231804,15269042880,4,4,164640
FG205,20220218,20220218,112922000,11:29:24,2092,370988,231795,15269866080,20,-9,823200
FG205,20220218,20220218,112922500,11:29:24,2092,371020,231802,15271183200,32,7,1317120
FG205,20220218,20220218,112923000,11:29:24,2091,371029,231795,15271553640,9,-7,370440
FG205,20220218,20220218,112924000,11:29:24,2092,371083,231813,15273776280,54,18,2222640
FG205,20220218,20220218,112924500,11:29:24,2092,371100,231800,15274476000,17,-13,699720
FG205,20220218,20220218,112925000,11:29:25,2092,371106,231800,15274722960,6,0,246960
FG205,20220218,20220218,112925500,11:29:25,2092,371117,231802,15275175720,11,2,452760
FG205,20220218,20220218,112926000,11:29:26,2091,371129,231796,15275669640,12,-6,493920
FG205,20220218,20220218,112926500,11:29:26,2092,371143,231798,15276245880,14,2,576240
FG205,20220218,20220218,112927000,11:29:27,2091,371151,231795,15276575160,8,-3,329280
FG205,20220218,20220218,112927500,11:29:27,2092,371173,231788,15277480680,22,-7,905520
FG205,20220218,20220218,112928000,11:29:28,2091,371193,231783,15278303880,20,-5,823200
FG205,20220218,20220218,112928500,11:29:28,2091,371207,231786,15278880120,14,3,576240
FG205,20220218,20220218,112929000,11:29:29,2091,371213,231783,15279127080,6,-3,246960
FG205,20220218,20220218,112929500,11:29:29,2091,371220,231782,15279415200,7,-1,288120
FG205,20220218,20220218,112930000,11:29:30,2091,371253,231784,15280773480,33,2,1358280
FG205,20220218,20220218,112930500,11:29:30,2092,371264,231778,15281226240,11,-6,452760
FG205,20220218,20220218,112931000,11:29:32,2092,371304,231757,15282872640,40,-21,1646400
FG205,20220218,20220218,112931500,11:29:32,2091,371365,231763,15285383400,61,6,2510760
FG205,20220218,20220218,112932000,11:29:36,2091,371378,231769,15285918480,13,6,535080
FG205,20220218,20220218,112932500,11:29:36,2091,371382,231766,15286083120,4,-3,164640
FG205,20220218,20220218,112933000,11:29:37,2091,371387,231762,15286288920,5,-4,205800
FG205,20220218,20220218,112933500,11:29:38,2092,371390,231763,15286412400,3,1,123480
FG205,20220218,20220218,112936500,11:29:38,2092,371443,231774,15288593880,53,11,2181480
FG205,20220218,20220218,112937000,11:29:38,2092,371448,231777,15288799680,5,3,205800
FG205,20220218,20220218,112937500,11:29:38,2091,371464,231775,15289458240,16,-2,658560
FG205,20220218,20220218,112938000,11:29:38,2091,371584,231850,15294397440,120,75,4939200
FG205,20220218,20220218,112938500,11:29:39,2092,371605,231841,15295261800,21,-9,864360
FG205,20220218,20220218,112939000,11:29:39,2091,371615,231841,15295673400,10,0,411600
FG205,20220218,20220218,112939500,11:29:40,2091,371630,231842,15296290800,15,1,617400
FG205,20220218,20220218,112940000,11:29:40,2092,371642,231835,15296784720,12,-7,493920
FG205,20220218,20220218,112940500,11:29:40,2092,371693,231793,15298883880,51,-42,2099160
FG205,20220218,20220218,112941000,11:29:41,2091,371704,231789,15299336640,11,-4,452760
FG205,20220218,20220218,112941500,11:29:42,2091,371708,231788,15299501280,4,-1,164640
FG205,20220218,20220218,112942000,11:29:42,2092,371718,231795,15299912880,10,7,411600
FG205,20220218,20220218,112942500,11:29:44,2092,371722,231796,15300077520,4,1,164640
FG205,20220218,20220218,112943000,11:29:45,2091,371751,231816,15301271160,29,20,1193640
FG205,20220218,20220218,112943500,11:29:45,2092,371756,231817,15301476960,5,1,205800
FG205,20220218,20220218,112944000,11:29:45,2092,371756,231817,15301476960,0,0,0
FG205,20220218,20220218,112944500,11:29:45,2092,371827,231822,15304399320,71,5,2922360
FG205,20220218,20220218,112945000,11:29:46,2092,371829,231822,15304481640,2,0,82320
FG205,20220218,20220218,112945500,11:29:46,2092,371841,231823,15304975560,12,1,493920
FG205,20220218,20220218,112946000,11:29:46,2092,371864,231826,15305922240,23,3,946680
FG205,20220218,20220218,112946500,11:29:47,2092,371871,231819,15306210360,7,-7,288120
FG205,20220218,20220218,112947000,11:29:47,2092,371875,231815,15306375000,4,-4,164640
FG205,20220218,20220218,112947500,11:29:48,2092,371880,231812,15306580800,5,-3,205800
FG205,20220218,20220218,112948000,11:29:48,2092,371885,231811,15306786600,5,-1,205800
FG205,20220218,20220218,112948500,11:29:49,2092,371893,231809,15307115880,8,-2,329280
FG205,20220218,20220218,112949000,11:29:50,2092,371903,231812,15307527480,10,3,411600
FG205,20220218,20220218,112949500,11:29:50,2092,371908,231810,15307733280,5,-2,205800
FG205,20220218,20220218,112950000,11:29:51,2092,371922,231804,15308309520,14,-6,576240
FG205,20220218,20220218,112950500,11:29:51,2093,371963,231780,15309997080,41,-24,1687560
FG205,20220218,20220218,112951500,11:29:52,2092,372009,231753,15311890440,46,-27,1893360
FG205,20220218,20220218,112952000,11:29:52,2092,372026,231739,15312590160,17,-14,699720
FG205,20220218,20220218,112952500,11:29:53,2092,372059,231744,15313948440,33,5,1358280
FG205,20220218,20220218,112953000,11:29:54,2092,372063,231741,15314113080,4,-3,164640
FG205,20220218,20220218,112953500,11:29:54,2091,372067,231738,15314277720,4,-3,164640
FG205,20220218,20220218,112954000,11:29:54,2092,372096,231725,15315471360,29,-13,1193640
FG205,20220218,20220218,112954500,11:29:54,2092,372111,231716,15316088760,15,-9,617400
FG205,20220218,20220218,112955000,11:29:55,2091,372207,231750,15320040120,96,34,3951360
FG205,20220218,20220218,112955500,11:29:56,2091,372214,231752,15320328240,7,2,288120
FG205,20220218,20220218,112956000,11:29:56,2091,372237,231762,15321274920,23,10,946680
FG205,20220218,20220218,112956500,11:30:00,2091,372285,231730,15323250600,48,-32,1975680
FG205,20220218,20220218,112957000,11:30:00,2091,372297,231726,15323744520,12,-4,493920
FG205,20220218,20220218,112957500,11:30:02,2091,372311,231720,15324320760,14,-6,576240
FG205,20220218,20220218,112959500,11:30:02,2091,372352,231699,15326008320,41,-21,1687560
FG205,20220218,20220218,113000000,11:30:03,2091,372365,231699,15326543400,13,0,535080
FG205,20220218,20220218,113000500,11:30:03,2091,372369,231697,15326708040,4,-2,164640
FG205,20220218,20220218,133000500,13:30:00,2091,372460,231771,15330453600,91,74,3745560
FG205,20220218,20220218,133001000,13:30:01,2092,372616,231731,15336874560,156,-40,6420960
FG205,20220218,20220218,133001500,13:30:02,2092,372653,231711,15338397480,37,-20,1522920
FG205,20220218,20220218,133002000,13:30:08,2093,372693,231696,15340043880,40,-15,1646400
FG205,20220218,20220218,133002500,13:30:10,2094,372708,231690,15340661280,15,-6,617400
FG205,20220218,20220218,133008000,13:30:10,2093,373351,231640,15367127160,643,-50,26465880
FG205,20220218,20220218,133009500,13:30:10,2093,373478,231582,15372354480,127,-58,5227320
FG205,20220218,20220218,133010000,13:30:11,2094,373494,231584,15373013040,16,2,658560
FG205,20220218,20220218,133010500,13:30:12,2094,373506,231591,15373506960,12,7,493920
FG205,20220218,20220218,133011000,13:30:12,2094,373509,231592,15373630440,3,1,123480
FG205,20220218,20220218,133011500,13:30:13,2094,373573,231545,15376264680,64,-47,2634240
FG205,20220218,20220218,133012500,13:30:13,2095,373724,231443,15382479840,151,-102,6215160
FG205,20220218,20220218,133013000,13:30:13,2095,373826,231435,15386678160,102,-8,4198320
FG205,20220218,20220218,133013500,13:30:14,2095,373881,231446,15388941960,55,11,2263800
FG205,20220218,20220218,133014000,13:30:15,2095,373907,231437,15390012120,26,-9,1070160
FG205,20220218,20220218,133014500,13:30:16,2096,373930,231425,15390958800,23,-12,946680
FG205,20220218,20220218,133015000,13:30:17,2096,373993,231395,15393551880,63,-30,2593080
FG205,20220218,20220218,133016500,13:30:18,2096,374030,231392,15395074800,37,-3,1522920
FG205,20220218,20220218,133017000,13:30:18,2096,374062,231401,15396391920,32,9,1317120
FG205,20220218,20220218,133017500,13:30:18,2095,374091,231403,15397585560,29,2,1193640
FG205,20220218,20220218,133018000,13:30:19,2096,374109,231412,15398326440,18,9,740880
FG205,20220218,20220218,133018500,13:30:20,2096,374113,231414,15398491080,4,2,164640
FG205,20220218,20220218,133019000,13:30:20,2095,374116,231414,15398614560,3,0,123480
FG205,20220218,20220218,133019500,13:30:20,2095,374132,231416,15399273120,16,2,658560
FG205,20220218,20220218,133020000,13:30:21,2095,374166,231419,15400672560,34,3,1399440
FG205,20220218,20220218,133020500,13:30:21,2095,374184,231426,15401413440,18,7,740880
FG205,20220218,20220218,133021000,13:30:21,2095,374191,231428,15401701560,7,2,288120
FG205,20220218,20220218,133021500,13:30:22,2096,374202,231436,15402154320,11,8,452760
FG205,20220218,20220218,133022000,13:30:38,2095,374210,231437,15402483600,8,1,329280
FG205,20220218,20220218,133022500,13:30:38,2095,374247,231468,15404006520,37,31,1522920
FG205,20220218,20220218,133023000,13:30:39,2096,374267,231473,15404829720,20,5,823200
FG205,20220218,20220218,133038000,13:30:40,2093,374927,231435,15431995320,660,-38,27165600
FG205,20220218,20220218,133038500,13:30:42,2093,374930,231435,15432118800,3,0,123480
FG205,20220218,20220218,133040500,13:30:42,2093,374950,231429,15432942000,20,-6,823200
FG205,20220218,20220218,133041000,13:30:43,2093,374954,231430,15433106640,4,1,164640
FG205,20220218,20220218,133042500,13:30:44,2094,374981,231436,15434217960,27,6,1111320
FG205,20220218,20220218,133043000,13:30:44,2094,375010,231439,15435411600,29,3,1193640
FG205,20220218,20220218,133043500,13:30:44,2093,375020,231435,15435823200,10,-4,411600
FG205,20220218,20220218,133044500,13:30:45,2093,375034,231427,15436399440,14,-8,576240
FG205,20220218,20220218,133045000,13:30:46,2093,375037,231425,15436522920,3,-2,123480
FG205,20220218,20220218,133045500,13:30:47,2093,375063,231411,15437593080,26,-14,1070160
FG205,20220218,20220218,133046000,13:30:47,2093,375067,231411,15437757720,4,0,164640
FG205,20220218,20220218,133046500,13:30:47,2093,375090,231411,15438704400,23,0,946680
FG205,20220218,20220218,133047000,13:30:48,2093,375101,231411,15439157160,11,0,452760
FG205,20220218,20220218,133047500,13:30:48,2093,375101,231411,15439157160,0,0,0
FG205,20220218,20220218,133048000,13:30:48,2094,375152,231433,15441256320,51,22,2099160
FG205,20220218,20220218,133048500,13:30:49,2094,375153,231433,15441297480,1,0,41160
FG205,20220218,20220218,133049000,13:30:50,2094,375165,231435,15441791400,12,2,493920
FG205,20220218,20220218,133049500,13:30:50,2093,375176,231445,15442244160,11,10,452760
FG205,20220218,20220218,133050000,13:30:51,2093,375196,231444,15443067360,20,-1,823200
FG205,20220218,20220218,133050500,13:30:51,2093,375249,231474,15445248840,53,30,2181480
FG205,20220218,20220218,133051000,13:30:52,2094,375255,231477,15445495800,6,3,246960
FG205,20220218,20220218,133051500,13:30:52,2093,375262,231475,15445783920,7,-2,288120
FG205,20220218,20220218,133052000,13:30:53,2094,375264,231476,15445866240,2,1,82320
FG205,20220218,20220218,133052500,13:30:53,2093,375266,231477,15445948560,2,1,82320
FG205,20220218,20220218,133053000,13:30:54,2094,375311,231453,15447800760,45,-24,1852200
FG205,20220218,20220218,133053500,13:30:54,2094,375318,231451,15448088880,7,-2,288120
FG205,20220218,20220218,133054000,13:30:54,2094,375320,231452,15448171200,2,1,82320
FG205,20220218,20220218,133054500,13:30:55,2094,375323,231450,15448294680,3,-2,123480
FG205,20220218,20220218,133055000,13:30:56,2094,375324,231449,15448335840,1,-1,41160
FG205,20220218,20220218,133055500,13:30:56,2094,375326,231449,15448418160,2,0,82320
FG205,20220218,20220218,133056000,13:30:57,2095,375352,231438,15449488320,26,-11,1070160
FG205,20220218,20220218,133056500,13:30:57,2094,375375,231442,15450435000,23,4,946680
FG205,20220218,20220218,133057000,13:30:58,2094,375376,231443,15450476160,1,1,41160
FG205,20220218,20220218,133057500,13:30:58,2094,375380,231443,15450640800,4,0,164640
FG205,20220218,20220218,133058000,13:30:58,2094,375386,231447,15450887760,6,4,246960
FG205,20220218,20220218,133058500,13:30:59,2094,375403,231448,15451587480,17,1,699720
FG205,20220218,20220218,133059000,13:30:59,2094,375411,231452,15451916760,8,4,329280
FG205,20220218,20220218,133059500,13:30:59,2093,375427,231452,15452575320,16,0,658560
FG205,20220218,20220218,133100000,13:31:00,2094,375462,231440,15454015920,35,-12,1440600
FG205,20220218,20220218,133100500,13:31:01,2094,375487,231438,15455044920,25,-2,1029000
FG205,20220218,20220218,133101000,13:31:01,2095,375499,231450,15455538840,12,12,493920
FG205,20220218,20220218,133101500,13:31:01,2094,375507,231458,15455868120,8,8,329280
FG205,20220218,20220218,133102000,13:31:02,2095,375516,231467,15456238560,9,9,370440
FG205,20220218,20220218,133102500,13:31:02,2095,375517,231468,15456279720,1,1,41160
FG205,20220218,20220218,133103000,13:31:03,2093,375573,231441,15458584680,56,-27,2304960
FG205,20220218,20220218,133103500,13:31:04,2095,375582,231443,15458955120,9,2,370440
FG205,20220218,20220218,133104000,13:31:06,2095,375595,231454,15459490200,13,11,535080
FG205,20220218,20220218,133104500,13:31:06,2095,375599,231456,15459654840,4,2,164640
FG205,20220218,20220218,133105500,13:31:07,2095,375677,231494,15462865320,78,38,3210480
FG205,20220218,20220218,133106000,13:31:08,2094,375681,231493,15463029960,4,-1,164640
FG205,20220218,20220218,133107500,13:31:08,2094,375763,231544,15466405080,82,51,3375120
FG205,20220218,20220218,133108500,13:31:09,2093,375783,231544,15467228280,20,0,823200
FG205,20220218,20220218,133109000,13:31:09,2093,375802,231540,15468010320,19,-4,782040
FG205,20220218,20220218,133109500,13:31:10,2094,375815,231535,15468545400,13,-5,535080
FG205,20220218,20220218,133110000,13:31:11,2094,375820,231540,15468751200,5,5,205800
FG205,20220218,20220218,133110500,13:31:11,2093,375825,231545,15468957000,5,5,205800
FG205,20220218,20220218,133111000,13:31:11,2094,375876,231566,15471056160,51,21,2099160
FG205,20220218,20220218,133111500,13:31:12,2093,375912,231570,15472537920,36,4,1481760
FG205,20220218,20220218,133112000,13:31:13,2093,375925,231578,15473073000,13,8,535080
FG205,20220218,20220218,133112500,13:31:13,2093,375944,231580,15473855040,19,2,782040
FG205,20220218,20220218,133113000,13:31:13,2092,375946,231582,15473937360,2,2,82320
FG205,20220218,20220218,133113500,13:31:14,2092,375948,231584,15474019680,2,2,82320
FG205,20220218,20220218,133114000,13:31:15,2093,375952,231588,15474184320,4,4,164640
FG205,20220218,20220218,133114500,13:31:15,2092,375964,231582,15474678240,12,-6,493920
FG205,20220218,20220218,133115000,13:31:15,2093,375969,231585,15474884040,5,3,205800
FG205,20220218,20220218,133115500,13:31:15,2093,376001,231579,15476201160,32,-6,1317120
FG205,20220218,20220218,133116000,13:31:16,2093,376010,231572,15476571600,9,-7,370440
FG205,20220218,20220218,133116500,13:31:17,2092,376011,231572,15476612760,1,0,41160
FG205,20220218,20220218,133117000,13:31:17,2093,376078,231570,15479370480,67,-2,2757720
FG205,20220218,20220218,133117500,13:31:18,2093,376103,231571,15480399480,25,1,1029000
FG205,20220218,20220218,133118000,13:31:19,2093,376111,231565,15480728760,8,-6,329280
FG205,20220218,20220218,133118500,13:31:19,2094,376114,231563,15480852240,3,-2,123480
FG205,20220218,20220218,133119000,13:31:19,2093,376122,231562,15481181520,8,-1,329280
FG205,20220218,20220218,133119500,13:31:20,2093,376126,231559,15481346160,4,-3,164640
FG205,20220218,20220218,133120000,13:31:20,2093,376134,231553,15481675440,8,-6,329280
FG205,20220218,20220218,133120500,13:31:21,2093,376138,231552,15481840080,4,-1,164640
FG205,20220218,20220218,133121000,13:31:21,2093,376140,231552,15481922400,2,0,82320
FG205,20220218,20220218,133121500,13:31:22,2093,376142,231551,15482004720,2,-1,82320
FG205,20220218,20220218,133122000,13:31:22,2094,376153,231543,15482457480,11,-8,452760
FG205,20220218,20220218,133122500,13:31:25,2094,376155,231544,15482539800,2,1,82320
FG205,20220218,20220218,133123000,13:31:25,2094,376155,231544,15482539800,0,0,0
FG205,20220218,20220218,133123500,13:31:25,2093,376159,231542,15482704440,4,-2,164640
FG205,20220218,20220218,133124000,13:31:25,2094,376164,231540,15482910240,5,-2,205800
FG205,20220218,20220218,133124500,13:31:25,2093,376165,231541,15482951400,1,1,41160
FG205,20220218,20220218,133156000,13:31:56,2094,376167,231542,15483033720,2,1,82320
FG205,20220218,20220218,133158000,13:31:58,2093,376172,231539,15483239520,5,-3,205800
FG205,20220218,20220218,133158500,13:31:58,2094,376181,231537,15483609960,9,-2,370440
FG205,20220218,20220218,133159500,13:32:00,2091,377221,231553,15533960780,1040,16,50350820
FG205,20220218,20220218,133200000,13:32:00,2090,377234,231554,15534496120,13,1,535340
FG205,20220218,20220218,133200500,13:32:01,2090,377239,231553,15534702020,5,-1,205900
FG205,20220218,20220218,133201000,13:32:01,2091,377259,231557,15535525620,20,4,823600
FG205,20220218,20220218,133201500,13:32:01,2090,377269,231557,15535937420,10,0,411800
FG205,20220218,20220218,133202000,13:32:03,2091,377281,231552,15536431580,12,-5,494160
FG205,20220218,20220218,133202500,13:32:04,2091,377296,231562,15537049280,15,10,617700
FG205,20220218,20220218,133203000,13:32:05,2093,377394,231517,15541084920,98,-45,4035640
FG205,20220218,20220218,133203500,13:32:05,2092,377422,231511,15542237960,28,-6,1153040
FG205,20220218,20220218,133204000,13:32:05,2093,377430,231507,15542567400,8,-4,329440
FG205,20220218,20220218,133205000,13:32:05,2092,377447,231507,15543267460,17,0,700060
FG205,20220218,20220218,133205500,13:32:06,2092,377451,231508,15543432180,4,1,164720
FG205,20220218,20220218,133206000,13:32:07,2092,377455,231508,15543596900,4,0,164720
FG205,20220218,20220218,133206500,13:32:07,2092,377457,231507,15543679260,2,-1,82360
FG205,20220218,20220218,133207000,13:32:07,2092,377461,231508,15543843980,4,1,164720
FG205,20220218,20220218,133207500,13:32:07,2091,377469,231500,15544173420,8,-8,329440
FG205,20220218,20220218,133208000,13:32:09,2091,377469,231500,15544173420,0,0,0
FG205,20220218,20220218,133208500,13:32:10,2092,377476,231495,15544461680,7,-5,288260
FG205,20220218,20220218,133209000,13:32:10,2091,377477,231495,15544502860,1,0,41180
FG205,20220218,20220218,133209500,13:32:10,2092,377479,231496,15544585220,2,1,82360
FG205,20220218,20220218,133210000,13:32:10,2092,377480,231496,15544626400,1,0,41180
FG205,20220218,20220218,133210500,13:32:13,2091,377530,231505,15546685400,50,9,2059000
FG205,20220218,20220218,133211000,13:32:14,2092,377532,231503,15546767760,2,-2,82360
FG205,20220218,20220218,133213000,13:32:15,2091,377578,231492,15548662040,46,-11,1894280
FG205,20220218,20220218,133214000,13:32:15,2091,377632,231466,15550885760,54,-26,2223720
FG205,20220218,20220218,133214500,13:32:16,2091,377644,231457,15551379920,12,-9,494160
FG205,20220218,20220218,133215000,13:32:16,2091,377649,231457,15551585820,5,0,205900
FG205,20220218,20220218,133215500,13:32:16,2090,377694,231423,15553438920,45,-34,1853100
FG205,20220218,20220218,133216000,13:32:17,2091,377702,231424,15553768360,8,1,329440
FG205,20220218,20220218,133216500,13:32:17,2092,377707,231427,15553974260,5,3,205900
FG205,20220218,20220218,133217000,13:32:17,2092,377717,231430,15554386060,10,3,411800
FG205,20220218,20220218,133217500,13:32:18,2091,377718,231430,15554427240,1,0,41180
FG205,20220218,20220218,133218000,13:32:18,2091,377721,231430,15554550780,3,0,123540
FG205,20220218,20220218,133218500,13:32:19,2091,377725,231426,15554715500,4,-4,164720
FG205,20220218,20220218,133219000,13:32:20,2091,377776,231417,15556815680,51,-9,2100180
FG205,20220218,20220218,133219500,13:32:20,2091,377783,231414,15557103940,7,-3,288260
FG205,20220218,20220218,133220000,13:32:20,2092,377788,231413,15557309840,5,-1,205900
FG205,20220218,20220218,133220500,13:32:21,2091,377799,231407,15557762820,11,-6,452980
FG205,20220218,20220218,133221000,13:32:21,2092,377803,231406,15557927540,4,-1,164720
FG205,20220218,20220218,133221500,13:32:22,2091,377806,231405,15558051080,3,-1,123540
FG205,20220218,20220218,133222000,13:32:22,2091,377812,231399,15558298160,6,-6,247080
FG205,20220218,20220218,133222500,13:32:23,2092,377834,231378,15559204120,22,-21,905960
FG205,20220218,20220218,133223000,13:32:24,2091,377837,231379,15559327660,3,1,123540
FG205,20220218,20220218,133223500,13:32:24,2092,377842,231378,15559533560,5,-1,205900
FG205,20220218,20220218,133224000,13:32:24,2092,377843,231379,15559574740,1,1,41180
FG205,20220218,20220218,133224500,13:32:25,2092,377847,231379,15559739460,4,0,164720
FG205,20220218,20220218,133225000,13:32:25,2092,377851,231377,15559904180,4,-2,164720
FG205,20220218,20220218,133225500,13:32:26,2091,377853,231376,15559986540,2,-1,82360
FG205,20220218,20220218,133226000,13:32:27,2091,377871,231360,15560727780,18,-16,741240
FG205,20220218,20220218,133226500,13:32:27,2092,377873,231360,15560810140,2,0,82360
FG205,20220218,20220218,133227000,13:32:27,2092,377873,231360,15560810140,0,0,0
FG205,20220218,20220218,133227500,13:32:28,2092,377893,231343,15561633740,20,-17,823600
FG205,20220218,20220218,133228000,13:32:32,2091,377896,231343,15561757280,3,0,123540
FG205,20220218,20220218,133228500,13:32:32,2092,377918,231352,15562663240,22,9,905960
FG205,20220218,20220218,133229000,13:32:33,2091,377922,231354,15562827960,4,2,164720
FG205,20220218,20220218,133232000,13:32:34,2091,378002,231361,15566122360,80,7,3294400
FG205,20220218,20220218,133232500,13:32:35,2091,378057,231381,15568387260,55,20,2264900
FG205,20220218,20220218,133234500,13:32:35,2091,378102,231411,15570240360,45,30,1853100
FG205,20220218,20220218,133235000,13:32:36,2090,378125,231417,15571187500,23,6,947140
FG205,20220218,20220218,133235500,13:32:36,2091,378127,231418,15571269860,2,1,82360
FG205,20220218,20220218,133236000,13:32:37,2090,378128,231419,15571311040,1,1,41180
FG205,20220218,20220218,133236500,13:32:37,2090,378131,231421,15571434580,3,2,123540
FG205,20220218,20220218,133237000,13:32:37,2090,378160,231415,15572628800,29,-6,1194220
FG205,20220218,20220218,133237500,13:32:37,2090,378167,231410,15572917060,7,-5,288260
FG205,20220218,20220218,133238000,13:32:38,2090,378170,231409,15573040600,3,-1,123540
FG205,20220218,20220218,133238500,13:32:39,2091,378175,231412,15573246500,5,3,205900
FG205,20220218,20220218,133239000,13:32:39,2090,378181,231413,15573493580,6,1,247080
FG205,20220218,20220218,133239500,13:32:40,2090,378216,231436,15574934880,35,23,1441300
FG205,20220218,20220218,133240000,13:32:40,2090,378217,231436,15574976060,1,0,41180
FG205,20220218,20220218,133240500,13:32:40,2089,378238,231431,15575840840,21,-5,864780
FG205,20220218,20220218,133241000,13:32:41,2089,378260,231430,15576746800,22,-1,905960
FG205,20220218,20220218,133241500,13:32:42,2089,378262,231429,15576829160,2,-1,82360
FG205,20220218,20220218,133242000,13:32:42,2089,378265,231427,15576952700,3,-2,123540
FG205,20220218,20220218,133242500,13:32:42,2089,378289,231409,15577941020,24,-18,988320
FG205,20220218,20220218,133243000,13:32:43,2089,378319,231392,15579176420,30,-17,1235400
FG205,20220218,20220218,133243500,13:32:43,2089,378328,231394,15579547040,9,2,370620
FG205,20220218,20220218,133244000,13:32:44,2089,378331,231391,15579670580,3,-3,123540
FG205,20220218,20220218,133244500,13:32:45,2089,378349,231402,15580411820,18,11,741240
FG205,20220218,20220218,133245000,13:32:45,2089,378354,231407,15580617720,5,5,205900
FG205,20220218,20220218,133245500,13:32:45,2089,378371,231400,15581317780,17,-7,700060
FG205,20220218,20220218,133246000,13:32:47,2089,378378,231394,15581606040,7,-6,288260
FG205,20220218,20220218,133246500,13:32:47,2090,378489,231471,15586177020,111,77,4570980
FG205,20220218,20220218,133247000,13:32:47,2090,378502,231474,15586712360,13,3,535340
FG205,20220218,20220218,133247500,13:32:48,2089,378513,231468,15587165340,11,-6,452980
FG205,20220218,20220218,133248000,13:32:48,2089,378518,231471,15587371240,5,3,205900
FG205,20220218,20220218,133248500,13:32:49,2089,378521,231473,15587494780,3,2,123540
FG205,20220218,20220218,133249000,13:32:49,2089,378532,231481,15587947760,11,8,452980
FG205,20220218,20220218,133249500,13:32:49,2089,378547,231484,15588565460,15,3,617700
FG205,20220218,20220218,133250000,13:32:51,2089,378552,231481,15588771360,5,-3,205900
FG205,20220218,20220218,133250500,13:32:52,2089,378555,231481,15588894900,3,0,123540
FG205,20220218,20220218,133251000,13:32:52,2089,378559,231479,15589059620,4,-2,164720
FG205,20220218,20220218,133251500,13:32:53,2089,378567,231472,15589389060,8,-7,329440
FG205,20220218,20220218,133252500,13:32:53,2089,378616,231477,15591406880,49,5,2017820
FG205,20220218,20220218,133253000,13:32:53,2089,378617,231477,15591448060,1,0,41180
FG205,20220218,20220218,133253500,13:32:54,2089,378647,231463,15592683460,30,-14,1235400
FG205,20220218,20220218,133254000,13:32:54,2089,378657,231462,15593095260,10,-1,411800
FG205,20220218,20220218,133254500,13:32:55,2089,378662,231463,15593301160,5,1,205900
FG205,20220218,20220218,133255000,13:32:55,2089,378714,231436,15595442520,52,-27,2141360
FG205,20220218,20220218,133255500,13:32:55,2088,378738,231435,15596430840,24,-1,988320
FG205,20220218,20220218,133256000,13:32:56,2089,378777,231456,15598036860,39,21,1606020
FG205,20220218,20220218,133256500,13:32:56,2089,378781,231455,15598201580,4,-1,164720
FG205,20220218,20220218,133257000,13:32:59,2090,378786,231453,15598407480,5,-2,205900
FG205,20220218,20220218,133257500,13:33:00,2089,378798,231442,15598901640,12,-11,494160
FG205,20220218,20220218,133258000,13:33:00,2089,378864,231385,15601619520,66,-57,2717880
FG205,20220218,20220218,133259500,13:33:00,2088,378971,231305,15606025780,107,-80,4406260
FG205,20220218,20220218,133300000,13:33:01,2088,379012,231274,15607714160,41,-31,1688380
FG205,20220218,20220218,133300500,13:33:01,2089,379023,231274,15608167140,11,0,452980
FG205,20220218,20220218,133301000,13:33:02,2089,379025,231275,15608249500,2,1,82360
FG205,20220218,20220218,133301500,13:33:02,2089,379026,231275,15608290680,1,0,41180
FG205,20220218,20220218,133302000,13:33:03,2089,379038,231271,15608784840,12,-4,494160
FG205,20220218,20220218,133302500,13:33:03,2090,379039,231270,15608826020,1,-1,41180
FG205,20220218,20220218,133303000,13:33:03,2089,379046,231270,15609114280,7,0,288260
FG205,20220218,20220218,133303500,13:33:04,2089,379120,231237,15612161600,74,-33,3047320
FG205,20220218,20220218,133304000,13:33:04,2090,379238,231250,15617020840,118,13,4859240
FG205,20220218,20220218,133304500,13:33:05,2091,379256,231243,15617762080,18,-7,741240
FG205,20220218,20220218,133305000,13:33:05,2091,379262,231244,15618009160,6,1,247080
FG205,20220218,20220218,133305500,13:33:05,2091,379282,231248,15618832760,20,4,823600
FG205,20220218,20220218,133306000,13:33:06,2090,379293,231245,15619285740,11,-3,452980
FG205,20220218,20220218,133306500,13:33:06,2090,379294,231245,15619326920,1,0,41180
FG205,20220218,20220218,133307000,13:33:07,2091,379299,231249,15619532820,5,4,205900
FG205,20220218,20220218,133307500,13:33:08,2091,379332,231228,15620891760,33,-21,1358940
FG205,20220218,20220218,133308000,13:33:08,2091,379337,231232,15621097660,5,4,205900
FG205,20220218,20220218,133308500,13:33:09,2091,379367,231221,15622333060,30,-11,1235400
FG205,20220218,20220218,133309000,13:33:09,2091,379391,231219,15623321380,24,-2,988320
FG205,20220218,20220218,133309500,13:33:11,2090,379416,231226,15624350880,25,7,1029500
FG205,20220218,20220218,133310000,13:33:11,2091,379423,231223,15624639140,7,-3,288260
FG205,20220218,20220218,133310500,13:33:12,2091,379427,231221,15624803860,4,-2,164720
FG205,20220218,20220218,133311000,13:33:12,2091,379440,231211,15625339200,13,-10,535340
FG205,20220218,20220218,133311500,13:33:14,2090,379454,231200,15625915720,14,-11,576520
FG205,20220218,20220218,133312000,13:33:14,2091,379471,231188,15626615780,17,-12,700060
FG205,20220218,20220218,133312500,13:33:14,2090,379478,231187,15626904040,7,-1,288260
FG205,20220218,20220218,133313500,13:33:14,2091,379504,231173,15627974720,26,-14,1070680
FG205,20220218,20220218,133314000,13:33:17,2090,379511,231168,15628262980,7,-5,288260
FG205,20220218,20220218,133314500,13:33:17,2091,379543,231137,15629580740,32,-31,1317760
FG205,20220218,20220218,133315000,13:33:18,2090,379544,231137,15629621920,1,0,41180
FG205,20220218,20220218,133315500,13:33:18,2090,379546,231137,15629704280,2,0,82360
FG205,20220218,20220218,133317000,13:33:18,2091,379635,231100,15633369300,89,-37,3665020
FG205,20220218,20220218,133317500,13:33:19,2091,379657,231112,15634275260,22,12,905960
FG205,20220218,20220218,133318000,13:33:19,2091,379659,231114,15634357620,2,2,82360
FG205,20220218,20220218,133318500,13:33:19,2091,379659,231114,15634357620,0,0,0
FG205,20220218,20220218,133319000,13:33:20,2092,379668,231122,15634728240,9,8,370620
FG205,20220218,20220218,133319500,13:33:20,2091,379673,231121,15634934140,5,-1,205900
FG205,20220218,20220218,133320000,13:33:21,2091,379678,231122,15635140040,5,1,205900
FG205,20220218,20220218,133320500,13:33:21,2091,379678,231122,15635140040,0,0,0
FG205,20220218,20220218,133321000,13:33:22,2092,379704,231126,15636210720,26,4,1070680
FG205,20220218,20220218,133321500,13:33:22,2092,379706,231127,15636293080,2,1,82360
FG205,20220218,20220218,133322000,13:33:22,2092,379707,231128,15636334260,1,1,41180
FG205,20220218,20220218,133323000,13:33:23,2091,379709,231128,15636416620,2,0,82360
FG205,20220218,20220218,133323500,13:33:24,2091,379737,231129,15637569660,28,1,1153040
FG205,20220218,20220218,133324000,13:33:24,2091,379749,231124,15638063820,12,-5,494160
FG205,20220218,20220218,133324500,13:33:25,2092,379786,231112,15639587480,37,-12,1523660
FG205,20220218,20220218,133325000,13:33:26,2092,379787,231113,15639628660,1,1,41180
FG205,20220218,20220218,133325500,13:33:27,2091,379817,231096,15640864060,30,-17,1235400
FG205,20220218,20220218,133326000,13:33:27,2092,379821,231092,15641028780,4,-4,164720
FG205,20220218,20220218,133327000,13:33:29,2092,379822,231092,15641069960,1,0,41180
FG205,20220218,20220218,133327500,13:33:29,2092,379831,231088,15641440580,9,-4,370620
FG205,20220218,20220218,133328500,13:33:30,2092,379835,231089,15641605300,4,1,164720
FG205,20220218,20220218,133329500,13:33:30,2092,379839,231091,15641770020,4,2,164720
FG205,20220218,20220218,133330000,13:33:30,2091,379840,231091,15641811200,1,0,41180
FG205,20220218,20220218,133330500,13:33:31,2092,379841,231091,15641852380,1,0,41180
FG205,20220218,20220218,133331000,13:33:32,2092,379882,231073,15643540760,41,-18,1688380
FG205,20220218,20220218,133331500,13:33:32,2092,379912,231049,15644776160,30,-24,1235400
FG205,20220218,20220218,133332000,13:33:32,2091,379916,231048,15644940880,4,-1,164720
FG205,20220218,20220218,133332500,13:33:33,2091,379918,231048,15645023240,2,0,82360
FG205,20220218,20220218,133333000,13:33:33,2092,379944,231034,15646093920,26,-14,1070680
FG205,20220218,20220218,133333500,13:33:33,2091,379946,231036,15646176280,2,2,82360
FG205,20220218,20220218,133334000,13:33:34,2091,379946,231036,15646176280,0,0,0
FG205,20220218,20220218,133334500,13:33:35,2091,379950,231037,15646341000,4,1,164720
FG205,20220218,20220218,133335000,13:33:35,2092,379964,231036,15646917520,14,-1,576520
FG205,20220218,20220218,133335500,13:33:35,2093,380026,231008,15649470680,62,-28,2553160
FG205,20220218,20220218,133336000,13:33:36,2092,380031,231009,15649676580,5,1,205900
FG205,20220218,20220218,133336500,13:33:36,2093,380032,231008,15649717760,1,-1,41180
FG205,20220218,20220218,133337000,13:33:37,2092,380037,231005,15649923660,5,-3,205900
FG205,20220218,20220218,133337500,13:33:37,2093,380044,231003,15650211920,7,-2,288260
FG205,20220218,20220218,133338000,13:33:38,2092,380046,231004,15650294280,2,1,82360
FG205,20220218,20220218,133338500,13:33:39,2092,380061,230994,15650911980,15,-10,617700
FG205,20220218,20220218,133339000,13:33:39,2092,380061,230994,15650911980,0,0,0
FG205,20220218,20220218,133339500,13:33:40,2092,380061,230994,15650911980,0,0,0
FG205,20220218,20220218,133340000,13:33:40,2092,380066,230989,15651117880,5,-5,205900
FG205,20220218,20220218,133340500,13:33:41,2092,380069,230990,15651241420,3,1,123540
FG205,20220218,20220218,133341000,13:33:41,2091,380071,230991,15651323780,2,1,82360
FG205,20220218,20220218,133341500,13:33:42,2092,380076,230994,15651529680,5,3,205900
FG205,20220218,20220218,133342000,13:33:42,2091,380135,230985,15653959300,59,-9,2429620
FG205,20220218,20220218,133342500,13:33:42,2091,380135,230985,15653959300,0,0,0
FG205,20220218,20220218,133343000,13:33:43,2091,380136,230985,15654000480,1,0,41180
FG205,20220218,20220218,133343500,13:33:44,2091,380136,230985,15654000480,0,0,0
FG205,20220218,20220218,133344000,13:33:45,2090,380138,230986,15654082840,2,1,82360
FG205,20220218,20220218,133344500,13:33:45,2091,380142,230987,15654247560,4,1,164720
FG205,20220218,20220218,133345000,13:33:45,2090,380146,230989,15654412280,4,2,164720
FG205,20220218,20220218,133345500,13:33:47,2091,380158,230986,15654906440,12,-3,494160
FG205,20220218,20220218,133346000,13:33:48,2091,380165,230986,15655194700,7,0,288260
FG205,20220218,20220218,133346500,13:33:48,2091,380165,230986,15655194700,0,0,0
FG205,20220218,20220218,133347000,13:33:48,2091,380166,230986,15655235880,1,0,41180
FG205,20220218,20220218,133347500,13:33:49,2091,380167,230986,15655277060,1,0,41180
FG205,20220218,20220218,133348000,13:33:49,2091,380167,230986,15655277060,0,0,0
FG205,20220218,20220218,133348500,13:33:49,2091,380190,230989,15656224200,23,3,947140
FG205,20220218,20220218,133349000,13:33:50,2091,380190,230989,15656224200,0,0,0
FG205,20220218,20220218,133349500,13:33:50,2091,380190,230989,15656224200,0,0,0
FG205,20220218,20220218,133350000,13:33:50,2091,380202,230989,15656718360,12,0,494160
FG205,20220218,20220218,133350500,13:33:50,2090,380231,230997,15657912580,29,8,1194220
FG205,20220218,20220218,133351000,13:33:51,2090,380232,230996,15657953760,1,-1,41180
FG205,20220218,20220218,133351500,13:33:52,2091,380235,230994,15658077300,3,-2,123540
FG205,20220218,20220218,133352000,13:33:52,2091,380235,230994,15658077300,0,0,0
FG205,20220218,20220218,133352500,13:33:52,2090,380253,230995,15658818540,18,1,741240
FG205,20220218,20220218,133353000,13:33:53,2090,380270,231004,15659518600,17,9,700060
FG205,20220218,20220218,133353500,13:33:53,2090,380438,231065,15666436840,168,61,6918240
FG205,20220218,20220218,133354000,13:33:54,2089,380450,231058,15666931000,12,-7,494160
FG205,20220218,20220218,133354500,13:33:55,2089,380462,231069,15667425160,12,11,494160
FG205,20220218,20220218,133355000,13:33:56,2088,380520,231081,15669813600,58,12,2388440
FG205,20220218,20220218,133355500,13:33:56,2088,380524,231079,15669978320,4,-2,164720
FG205,20220218,20220218,133356000,13:33:56,2089,380526,231078,15670060680,2,-1,82360
FG205,20220218,20220218,133356500,13:33:57,2089,380532,231073,15670307760,6,-5,247080
FG205,20220218,20220218,133357000,13:33:58,2089,380532,231073,15670307760,0,0,0
FG205,20220218,20220218,133357500,13:33:58,2088,380535,231075,15670431300,3,2,123540
FG205,20220218,20220218,133358000,13:33:58,2089,380539,231074,15670596020,4,-1,164720
FG205,20220218,20220218,133358500,13:33:58,2088,380540,231074,15670637200,1,0,41180
FG205,20220218,20220218,133359000,13:33:59,2088,380541,231074,15670678380,1,0,41180
FG205,20220218,20220218,133359500,13:33:59,2088,380563,231070,15671584340,22,-4,905960
FG205,20220218,20220218,133400000,13:34:00,2089,380566,231069,15671707880,3,-1,123540
FG205,20220218,20220218,133400500,13:34:00,2088,380601,231096,15673149180,35,27,1441300
FG205,20220218,20220218,133401000,13:34:01,2089,380617,231108,15673808060,16,12,658880
FG205,20220218,20220218,133401500,13:34:02,2089,380622,231110,15674013960,5,2,205900
FG205,20220218,20220218,133402000,13:34:10,2089,380649,231108,15675125820,27,-2,1111860
FG205,20220218,20220218,133402500,13:34:10,2088,380655,231106,15675372900,6,-2,247080
FG205,20220218,20220218,133403000,13:34:10,2088,380657,231107,15675455260,2,1,82360
FG205,20220218,20220218,133410000,13:34:11,2089,380759,231085,15679655620,102,-22,4200360
FG205,20220218,20220218,133410500,13:34:12,2090,380763,231081,15679820340,4,-4,164720
FG205,20220218,20220218,133411000,13:34:12,2090,380763,231081,15679820340,0,0,0
FG205,20220218,20220218,133411500,13:34:12,2089,380784,231069,15680685120,21,-12,864780
FG205,20220218,20220218,133412000,13:34:12,2089,380784,231069,15680685120,0,0,0
FG205,20220218,20220218,133412500,13:34:13,2089,380784,231069,15680685120,0,0,0
FG205,20220218,20220218,133413000,13:34:13,2089,380784,231069,15680685120,0,0,0
FG205,20220218,20220218,133413500,13:34:14,2089,380784,231069,15680685120,0,0,0
FG205,20220218,20220218,133414000,13:34:14,2088,380786,231070,15680767480,2,1,82360
FG205,20220218,20220218,133414500,13:34:15,2089,380791,231068,15680973380,5,-2,205900
FG205,20220218,20220218,133415000,13:34:15,2089,380792,231067,15681014560,1,-1,41180
FG205,20220218,20220218,133415500,13:34:16,2089,380795,231067,15681138100,3,0,123540
FG205,20220218,20220218,133416000,13:34:16,2089,380805,231068,15681549900,10,1,411800
FG205,20220218,20220218,133416500,13:34:16,2088,380809,231070,15681714620,4,2,164720
FG205,20220218,20220218,133417000,13:34:17,2088,380812,231071,15681838160,3,1,123540
FG205,20220218,20220218,133417500,13:34:17,2088,380817,231075,15682044060,5,4,205900
FG205,20220218,20220218,133418000,13:34:18,2088,380818,231075,15682085240,1,0,41180
FG205,20220218,20220218,133418500,13:34:19,2089,380821,231076,15682208780,3,1,123540
FG205,20220218,20220218,133419000,13:34:19,2089,380826,231080,15682414680,5,4,205900
FG205,20220218,20220218,133419500,13:34:20,2088,380827,231080,15682455860,1,0,41180
FG205,20220218,20220218,133420000,13:34:20,2088,380828,231081,15682497040,1,1,41180
FG205,20220218,20220218,133420500,13:34:21,2089,380837,231086,15682867660,9,5,370620
