FG207,20220218,20220218,112002000,11:20:04,2079,86,12145,3556960,86,19,3556960
FG207,20220218,20220218,112003500,11:20:09,2079,86,12145,3556960,0,0,0
FG207,20220218,20220218,112015500,11:20:16,2079,86,12145,3556960,0,0,0
FG207,20220218,20220218,112029000,11:20:29,2079,86,12145,3556960,0,0,0
FG207,20220218,20220218,112029500,11:20:31,2079,86,12145,3556960,0,0,0
FG207,20220218,20220218,112030000,11:20:31,2079,86,12145,3556960,0,0,0
FG207,20220218,20220218,112047500,11:20:48,2079,86,12145,3556960,0,0,0
FG207,20220218,20220218,112048000,11:20:48,2079,86,12145,3556960,0,0,0
FG207,20220218,20220218,112048500,11:20:50,2079,86,12145,3556960,0,0,0
FG207,20220218,20220218,112049500,11:20:50,2079,86,12145,3556960,0,0,0
FG207,20220218,20220218,112050000,11:20:50,2079,86,12145,3556960,0,0,0
FG207,20220218,20220218,112052000,11:20:53,2079,86,12145,3556960,0,0,0
FG207,20220218,20220218,112052500,11:20:53,2079,86,12145,3556960,0,0,0
FG207,20220218,20220218,112053000,11:20:53,2079,86,12145,3556960,0,0,0
FG207,20220218,20220218,112054500,11:20:55,2079,86,12145,3556960,0,0,0
FG207,20220218,20220218,112055000,11:20:55,2079,86,12145,3556960,0,0,0
FG207,20220218,20220218,112059000,11:20:59,2079,86,12145,3556960,0,0,0
FG207,20220218,20220218,112100500,11:21:01,2079,86,12145,3556960,0,0,0
FG207,20220218,20220218,112104500,11:21:05,2079,86,12145,3556960,0,0,0
FG207,20220218,20220218,112105000,11:21:06,2079,86,12145,3556960,0,0,0
FG207,20220218,20220218,112108000,11:21:10,2079,86,12145,3556960,0,0,0
FG207,20220218,20220218,112118500,11:21:18,2079,86,12145,3556960,0,0,0
FG207,20220218,20220218,112119000,11:21:19,2079,86,12145,3556960,0,0,0
FG207,20220218,20220218,112123500,11:21:24,2079,86,12145,3556960,0,0,0
FG207,20220218,20220218,112124000,11:21:24,2079,86,12145,3556960,0,0,0
FG207,20220218,20220218,112331500,11:23:33,2079,86,12145,3556960,0,0,0
FG207,20220218,20220218,112334500,11:23:34,2079,86,12145,3556960,0,0,0
FG207,20220218,20220218,112337000,11:23:38,2079,86,12145,3556960,0,0,0
FG207,20220218,20220218,112337500,11:23:38,2079,86,12145,3556960,0,0,0
FG207,20220218,20220218,112340500,11:23:40,2079,86,12145,3556960,0,0,0
FG207,20220218,20220218,112348500,11:23:49,2079,86,12145,3556960,0,0,0
FG207,20220218,20220218,112351000,11:23:51,2079,86,12145,3556960,0,0,0
FG207,20220218,20220218,112351500,11:23:51,2079,86,12145,3556960,0,0,0
FG207,20220218,20220218,112352500,11:23:52,2079,86,12145,3556960,0,0,0
FG207,20220218,20220218,112358000,11:23:58,2079,86,12145,3556960,0,0,0
FG207,20220218,20220218,112401500,11:24:01,2079,86,12145,3556960,0,0,0
FG207,20220218,20220218,112403000,11:24:03,2079,86,12145,3556960,0,0,0
FG207,20220218,20220218,112404000,11:24:04,2079,86,12145,3556960,0,0,0
FG207,20220218,20220218,112405500,11:24:05,2079,86,12145,3556960,0,0,0
FG207,20220218,20220218,112406500,11:24:06,2079,86,12145,3556960,0,0,0
FG207,20220218,20220218,112407500,11:24:08,2079,86,12145,3556960,0,0,0
FG207,20220218,20220218,112410000,11:24:12,2079,86,12145,3556960,0,0,0
FG207,20220218,20220218,112410500,11:24:12,2079,86,12145,3556960,0,0,0
FG207,20220218,20220218,112413500,11:24:14,2079,86,12145,3556960,0,0,0
FG207,20220218,20220218,112416500,11:24:17,2079,86,12145,3556960,0,0,0
FG207,20220218,20220218,112417000,11:24:17,2079,86,12145,3556960,0,0,0
FG207,20220218,20220218,112418000,11:24:18,2079,86,12145,3556960,0,0,0
FG207,20220218,20220218,112419500,11:24:20,2079,86,12145,3556960,0,0,0
FG207,20220218,20220218,112424500,11:24:24,2079,86,12145,3556960,0,0,0
FG207,20220218,20220218,112425000,11:24:25,2079,86,12145,3556960,0,0,0
FG207,20220218,20220218,112431000,11:24:31,2079,86,12145,3556960,0,0,0
FG207,20220218,20220218,112431500,11:24:31,2079,86,12145,3556960,0,0,0
FG207,20220218,20220218,112432000,11:24:32,2079,86,12145,3556960,0,0,0
FG207,20220218,20220218,112432500,11:24:33,2079,86,12145,3556960,0,0,0
FG207,20220218,20220218,112435500,11:24:35,2079,86,12145,3556960,0,0,0
FG207,20220218,20220218,112436000,11:24:36,2079,86,12145,3556960,0,0,0
FG207,20220218,20220218,112436500,11:24:36,2079,86,12145,3556960,0,0,0
FG207,20220218,20220218,112441500,11:24:41,2079,86,12145,3556960,0,0,0
FG207,20220218,20220218,112442000,11:24:42,2079,86,12145,3556960,0,0,0
FG207,20220218,20220218,112443000,11:24:43,2079,86,12145,3556960,0,0,0
FG207,20220218,20220218,112443500,11:24:43,2079,86,12145,3556960,0,0,0
FG207,20220218,20220218,112444000,11:24:44,2079,86,12145,3556960,0,0,0
FG207,20220218,20220218,112446500,11:24:46,2079,86,12145,3556960,0,0,0
FG207,20220218,20220218,112447000,11:24:47,2079,86,12145,3556960,0,0,0
FG207,20220218,20220218,112450500,11:24:50,2079,86,12145,3556960,0,0,0
FG207,20220218,20220218,112454500,11:24:54,2079,86,12145,3556960,0,0,0
FG207,20220218,20220218,112455500,11:24:56,2079,86,12145,3556960,0,0,0
FG207,20220218,20220218,112500500,11:25:01,2079,86,12145,3556960,0,0,0
FG207,20220218,20220218,112501000,11:25:02,2079,86,12145,3556960,0,0,0
FG207,20220218,20220218,112508000,11:25:08,2079,86,12145,3556960,0,0,0
FG207,20220218,20220218,112509000,11:25:09,2079,86,12145,3556960,0,0,0
FG207,20220218,20220218,112510000,11:25:10,2079,86,12145,3556960,0,0,0
FG207,20220218,20220218,112526500,11:25:27,2079,86,12145,3556960,0,0,0
FG207,20220218,20220218,112530000,11:25:31,2079,86,12145,3556960,0,0,0
FG207,20220218,20220218,112553000,11:25:53,2079,86,12145,3556960,0,0,0
FG207,20220218,20220218,112558500,11:25:59,2079,86,12145,3556960,0,0,0
FG207,20220218,20220218,112559000,11:26:00,2079,86,12145,3556960,0,0,0
FG207,20220218,20220218,112601500,11:26:02,2079,86,12145,3556960,0,0,0
FG207,20220218,20220218,112602000,11:26:03,2079,86,12145,3556960,0,0,0
FG207,20220218,20220218,112605000,11:26:05,2079,86,12145,3556960,0,0,0
FG207,20220218,20220218,112605500,11:26:06,2079,86,12145,3556960,0,0,0
FG207,20220218,20220218,112607000,11:26:09,2079,86,12145,3556960,0,0,0
FG207,20220218,20220218,112607500,11:26:09,2079,86,12145,3556960,0,0,0
FG207,20220218,20220218,112610500,11:26:11,2079,86,12145,3556960,0,0,0
FG207,20220218,20220218,112611000,11:26:11,2079,86,12145,3556960,0,0,0
FG207,20220218,20220218,112611500,11:26:13,2079,86,12145,3556960,0,0,0
FG207,20220218,20220218,112614000,11:26:15,2079,86,12145,3556960,0,0,0
FG207,20220218,20220218,112633500,11:26:34,2079,86,12145,3556960,0,0,0
FG207,20220218,20220218,112635500,11:26:38,2079,86,12145,3556960,0,0,0
FG207,20220218,20220218,112637000,11:26:38,2079,86,12145,3556960,0,0,0
FG207,20220218,20220218,112653000,11:27:10,2079,86,12145,3556960,0,0,0
FG207,20220218,20220218,112704500,11:27:12,2079,86,12145,3556960,0,0,0
FG207,20220218,20220218,112712500,11:27:13,2079,86,12145,3556960,0,0,0
FG207,20220218,20220218,112714000,11:27:15,2079,86,12145,3556960,0,0,0
FG207,20220218,20220218,112714500,11:27:15,2079,86,12145,3556960,0,0,0
FG207,20220218,20220218,112715000,11:27:16,2079,86,12145,3556960,0,0,0
FG207,20220218,20220218,112716500,11:27:17,2079,86,12145,3556960,0,0,0
FG207,20220218,20220218,112720000,11:27:20,2079,86,12145,3556960,0,0,0
FG207,20220218,20220218,112721000,11:27:21,2079,86,12145,3556960,0,0,0
FG207,20220218,20220218,112723000,11:27:27,2079,86,12145,3556960,0,0,0
FG207,20220218,20220218,112726500,11:27:27,2079,86,12145,3556960,0,0,0
FG207,20220218,20220218,112727000,11:27:27,2079,86,12145,3556960,0,0,0
FG207,20220218,20220218,112728500,11:27:28,2079,86,12145,3556960,0,0,0
FG207,20220218,20220218,112729000,11:27:29,2079,86,12145,3556960,0,0,0
FG207,20220218,20220218,112738500,11:27:39,2079,86,12145,3556960,0,0,0
FG207,20220218,20220218,112741000,11:27:41,2079,86,12145,3556960,0,0,0
FG207,20220218,20220218,112741500,11:27:42,2079,86,12145,3556960,0,0,0
FG207,20220218,20220218,112743500,11:27:44,2079,86,12145,3556960,0,0,0
FG207,20220218,20220218,112752000,11:27:54,2079,86,12145,3556960,0,0,0
FG207,20220218,20220218,112754500,11:27:55,2079,86,12145,3556960,0,0,0
FG207,20220218,20220218,112755000,11:27:55,2079,86,12145,3556960,0,0,0
FG207,20220218,20220218,112757500,11:27:57,2079,86,12145,3556960,0,0,0
FG207,20220218,20220218,112800000,11:28:01,2079,86,12145,3556960,0,0,0
FG207,20220218,20220218,112805500,11:28:07,2079,86,12145,3556960,0,0,0
FG207,20220218,20220218,112806000,11:28:10,2079,86,12145,3556960,0,0,0
FG207,20220218,20220218,112808000,11:28:11,2079,86,12145,3556960,0,0,0
FG207,20220218,20220218,112811000,11:28:12,2079,86,12145,3556960,0,0,0
FG207,20220218,20220218,112814000,11:28:14,2079,86,12145,3556960,0,0,0
FG207,20220218,20220218,112814500,11:28:15,2079,86,12145,3556960,0,0,0
FG207,20220218,20220218,112815500,11:28:15,2079,86,12145,3556960,0,0,0
FG207,20220218,20220218,112818500,11:28:18,2079,86,12145,3556960,0,0,0
FG207,20220218,20220218,112819000,11:28:19,2079,86,12145,3556960,0,0,0
FG207,20220218,20220218,112820500,11:28:21,2079,86,12145,3556960,0,0,0
FG207,20220218,20220218,112821500,11:28:22,2079,86,12145,3556960,0,0,0
FG207,20220218,20220218,112823000,11:28:23,2105,87,12146,3598320,1,1,41360
FG207,20220218,20220218,112823500,11:28:24,2105,87,12146,3598320,0,0,0
FG207,20220218,20220218,112824000,11:28:24,2105,87,12146,3598320,0,0,0
FG207,20220218,20220218,112824500,11:28:24,2105,87,12146,3598320,0,0,0
FG207,20220218,20220218,112825000,11:28:25,2105,87,12146,3598320,0,0,0
FG207,20220218,20220218,112825500,11:28:25,2105,87,12146,3598320,0,0,0
FG207,20220218,20220218,112826000,11:28:26,2103,88,12145,3641440,1,-1,43120
FG207,20220218,20220218,112829000,11:28:29,2103,88,12145,3641440,0,0,0
FG207,20220218,20220218,112830000,11:28:30,2103,88,12145,3641440,0,0,0
FG207,20220218,20220218,112830500,11:28:31,2103,88,12145,3641440,0,0,0
FG207,20220218,20220218,112831000,11:28:31,2103,88,12145,3641440,0,0,0
FG207,20220218,20220218,112831500,11:28:32,2103,88,12145,3641440,0,0,0
FG207,20220218,20220218,112832000,11:28:33,2103,88,12145,3641440,0,0,0
FG207,20220218,20220218,112833000,11:28:33,2103,88,12145,3641440,0,0,0
FG207,20220218,20220218,112833500,11:28:34,2103,88,12145,3641440,0,0,0
FG207,20220218,20220218,112834000,11:28:34,2103,88,12145,3641440,0,0,0
FG207,20220218,20220218,112837000,11:28:37,2103,88,12145,3641440,0,0,0
FG207,20220218,20220218,112837500,11:28:38,2103,88,12145,3641440,0,0,0
FG207,20220218,20220218,112838500,11:28:38,2103,88,12145,3641440,0,0,0
FG207,20220218,20220218,112839000,11:28:40,2103,88,12145,3641440,0,0,0
FG207,20220218,20220218,112841500,11:28:42,2103,88,12145,3641440,0,0,0
FG207,20220218,20220218,112842000,11:28:42,2103,88,12145,3641440,0,0,0
FG207,20220218,20220218,112844000,11:28:44,2103,88,12145,3641440,0,0,0
FG207,20220218,20220218,112846000,11:28:46,2103,88,12145,3641440,0,0,0
FG207,20220218,20220218,112846500,11:28:46,2103,88,12145,3641440,0,0,0
FG207,20220218,20220218,112847000,11:28:47,2103,88,12145,3641440,0,0,0
FG207,20220218,20220218,112847500,11:28:48,2103,88,12145,3641440,0,0,0
FG207,20220218,20220218,112851500,11:28:52,2103,88,12145,3641440,0,0,0
FG207,20220218,20220218,112854000,11:28:54,2103,88,12145,3641440,0,0,0
FG207,20220218,20220218,112901500,11:29:02,2103,88,12145,3641440,0,0,0
FG207,20220218,20220218,112902500,11:29:03,2103,88,12145,3641440,0,0,0
FG207,20220218,20220218,112903000,11:29:03,2103,88,12145,3641440,0,0,0
FG207,20220218,20220218,112906500,11:29:06,2103,88,12145,3641440,0,0,0
FG207,20220218,20220218,112907000,11:29:08,2103,88,12145,3641440,0,0,0
FG207,20220218,20220218,112908500,11:29:08,2103,88,12145,3641440,0,0,0
FG207,20220218,20220218,112909000,11:29:09,2103,88,12145,3641440,0,0,0
FG207,20220218,20220218,112909500,11:29:09,2103,88,12145,3641440,0,0,0
FG207,20220218,20220218,112910500,11:29:11,2103,88,12145,3641440,0,0,0
FG207,20220218,20220218,112911500,11:29:12,2103,88,12145,3641440,0,0,0
FG207,20220218,20220218,112912500,11:29:12,2103,88,12145,3641440,0,0,0
FG207,20220218,20220218,112913000,11:29:13,2103,88,12145,3641440,0,0,0
FG207,20220218,20220218,112913500,11:29:14,2103,88,12145,3641440,0,0,0
FG207,20220218,20220218,112914000,11:29:14,2103,88,12145,3641440,0,0,0
FG207,20220218,20220218,112915000,11:29:15,2103,88,12145,3641440,0,0,0
FG207,20220218,20220218,112915500,11:29:16,2103,88,12145,3641440,0,0,0
FG207,20220218,20220218,112916500,11:29:20,2103,88,12145,3641440,0,0,0
FG207,20220218,20220218,112920000,11:29:21,2103,88,12145,3641440,0,0,0
FG207,20220218,20220218,112921000,11:29:22,2103,88,12145,3641440,0,0,0
FG207,20220218,20220218,112921500,11:29:24,2103,88,12145,3641440,0,0,0
FG207,20220218,20220218,112922000,11:29:24,2103,88,12145,3641440,0,0,0
FG207,20220218,20220218,112922500,11:29:24,2103,88,12145,3641440,0,0,0
FG207,20220218,20220218,112923000,11:29:24,2103,88,12145,3641440,0,0,0
FG207,20220218,20220218,112927500,11:29:28,2103,88,12145,3641440,0,0,0
FG207,20220218,20220218,112930500,11:29:31,2103,88,12145,3641440,0,0,0
FG207,20220218,20220218,112931000,11:29:32,2103,88,12145,3641440,0,0,0
FG207,20220218,20220218,112932000,11:29:36,2103,88,12145,3641440,0,0,0
FG207,20220218,20220218,112932500,11:29:37,2103,88,12145,3641440,0,0,0
FG207,20220218,20220218,112938000,11:29:38,2103,88,12145,3641440,0,0,0
FG207,20220218,20220218,112938500,11:29:39,2103,88,12145,3641440,0,0,0
FG207,20220218,20220218,112939000,11:29:39,2103,88,12145,3641440,0,0,0
FG207,20220218,20220218,112939500,11:29:40,2103,88,12145,3641440,0,0,0
FG207,20220218,20220218,112940000,11:29:40,2103,88,12145,3641440,0,0,0
FG207,20220218,20220218,112940500,11:29:40,2103,88,12145,3641440,0,0,0
FG207,20220218,20220218,112941500,11:29:42,2103,88,12145,3641440,0,0,0
FG207,20220218,20220218,112944500,11:29:45,2103,88,12145,3641440,0,0,0
FG207,20220218,20220218,112946000,11:29:47,2103,88,12145,3641440,0,0,0
FG207,20220218,20220218,112946500,11:29:47,2103,88,12145,3641440,0,0,0
FG207,20220218,20220218,112950000,11:29:51,2103,88,12145,3641440,0,0,0
FG207,20220218,20220218,112952500,11:29:53,2103,88,12145,3641440,0,0,0
FG207,20220218,20220218,112953000,11:29:54,2103,88,12145,3641440,0,0,0
FG207,20220218,20220218,112955000,11:29:55,2103,88,12145,3641440,0,0,0
FG207,20220218,20220218,112956000,11:30:00,2103,88,12145,3641440,0,0,0
FG207,20220218,20220218,112959500,11:30:02,2103,88,12145,3641440,0,0,0
FG207,20220218,20220218,113000000,11:30:03,2103,88,12145,3641440,0,0,0
FG207,20220218,20220218,133000500,13:30:00,2103,88,12145,3641440,0,0,0
FG207,20220218,20220218,133001000,13:30:01,2103,88,12145,3641440,0,0,0
FG207,20220218,20220218,133002000,13:30:08,2103,88,12145,3641440,0,0,0
FG207,20220218,20220218,133008000,13:30:10,2103,88,12145,3641440,0,0,0
FG207,20220218,20220218,133009500,13:30:10,2103,88,12145,3641440,0,0,0
FG207,20220218,20220218,133010000,13:30:11,2103,88,12145,3641440,0,0,0
FG207,20220218,20220218,133011000,13:30:13,2103,88,12145,3641440,0,0,0
FG207,20220218,20220218,133012000,13:30:13,2103,88,12145,3641440,0,0,0
FG207,20220218,20220218,133013000,13:30:14,2103,88,12145,3641440,0,0,0
FG207,20220218,20220218,133020000,13:30:21,2103,88,12145,3641440,0,0,0
FG207,20220218,20220218,133020500,13:30:21,2103,88,12145,3641440,0,0,0
FG207,20220218,20220218,133022500,13:30:38,2103,88,12145,3641440,0,0,0
FG207,20220218,20220218,133023000,13:30:40,2103,88,12145,3641440,0,0,0
FG207,20220218,20220218,133037000,13:30:40,2103,88,12145,3641440,0,0,0
FG207,20220218,20220218,133040000,13:30:42,2103,88,12145,3641440,0,0,0
FG207,20220218,20220218,133043500,13:30:45,2103,88,12145,3641440,0,0,0
FG207,20220218,20220218,133047000,13:30:48,2103,88,12145,3641440,0,0,0
FG207,20220218,20220218,133048500,13:30:49,2103,88,12145,3641440,0,0,0
FG207,20220218,20220218,133050500,13:30:52,2103,88,12145,3641440,0,0,0
FG207,20220218,20220218,133052000,13:30:53,2103,88,12145,3641440,0,0,0
FG207,20220218,20220218,133053000,13:30:54,2103,88,12145,3641440,0,0,0
FG207,20220218,20220218,133056500,13:30:57,2103,88,12145,3641440,0,0,0
FG207,20220218,20220218,133100500,13:31:01,2103,88,12145,3641440,0,0,0
FG207,20220218,20220218,133103000,13:31:03,2103,88,12145,3641440,0,0,0
FG207,20220218,20220218,133105500,13:31:07,2103,88,12145,3641440,0,0,0
FG207,20220218,20220218,133106500,13:31:08,2103,88,12145,3641440,0,0,0
FG207,20220218,20220218,133110500,13:31:11,2103,88,12145,3641440,0,0,0
FG207,20220218,20220218,133111000,13:31:12,2103,88,12145,3641440,0,0,0
FG207,20220218,20220218,133111500,13:31:12,2103,88,12145,3641440,0,0,0
FG207,20220218,20220218,133112000,13:31:13,2103,88,12145,3641440,0,0,0
FG207,20220218,20220218,133117500,13:31:18,2103,88,12145,3641440,0,0,0
FG207,20220218,20220218,133121500,13:31:22,2103,88,12145,3641440,0,0,0
FG207,20220218,20220218,133122500,13:31:25,2103,88,12145,3641440,0,0,0
FG207,20220218,20220218,133123500,13:31:25,2103,88,12145,3641440,0,0,0
FG207,20220218,20220218,133159500,13:32:00,2103,88,12145,3641440,0,0,0
FG207,20220218,20220218,133202000,13:32:03,2103,88,12145,3641440,0,0,0
FG207,20220218,20220218,133203000,13:32:05,2103,88,12145,3641440,0,0,0
FG207,20220218,20220218,133203500,13:32:05,2103,88,12145,3641440,0,0,0
FG207,20220218,20220218,133205000,13:32:05,2103,88,12145,3641440,0,0,0
FG207,20220218,20220218,133206500,13:32:07,2103,88,12145,3641440,0,0,0
FG207,20220218,20220218,133210500,13:32:14,2103,88,12145,3641440,0,0,0
FG207,20220218,20220218,133214000,13:32:15,2103,88,12145,3641440,0,0,0
FG207,20220218,20220218,133214500,13:32:16,2103,88,12145,3641440,0,0,0
FG207,20220218,20220218,133215500,13:32:16,2103,88,12145,3641440,0,0,0
FG207,20220218,20220218,133216000,13:32:17,2103,88,12145,3641440,0,0,0
FG207,20220218,20220218,133217000,13:32:18,2103,88,12145,3641440,0,0,0
FG207,20220218,20220218,133219500,13:32:20,2103,88,12145,3641440,0,0,0
FG207,20220218,20220218,133220500,13:32:21,2103,88,12145,3641440,0,0,0
FG207,20220218,20220218,133221000,13:32:21,2103,88,12145,3641440,0,0,0
FG207,20220218,20220218,133226000,13:32:27,2103,88,12145,3641440,0,0,0
FG207,20220218,20220218,133228000,13:32:32,2103,88,12145,3641440,0,0,0
FG207,20220218,20220218,133228500,13:32:32,2103,88,12145,3641440,0,0,0
FG207,20220218,20220218,133232000,13:32:34,2103,88,12145,3641440,0,0,0
FG207,20220218,20220218,133232500,13:32:35,2103,88,12145,3641440,0,0,0
FG207,20220218,20220218,133235500,13:32:36,2103,88,12145,3641440,0,0,0
FG207,20220218,20220218,133236000,13:32:37,2103,88,12145,3641440,0,0,0
FG207,20220218,20220218,133237000,13:32:37,2103,88,12145,3641440,0,0,0
FG207,20220218,20220218,133237500,13:32:38,2103,88,12145,3641440,0,0,0
FG207,20220218,20220218,133239500,13:32:40,2103,88,12145,3641440,0,0,0
FG207,20220218,20220218,133240000,13:32:40,2103,88,12145,3641440,0,0,0
FG207,20220218,20220218,133242500,13:32:42,2103,88,12145,3641440,0,0,0
FG207,20220218,20220218,133243000,13:32:43,2103,88,12145,3641440,0,0,0
FG207,20220218,20220218,133245500,13:32:45,2103,88,12145,3641440,0,0,0
FG207,20220218,20220218,133246500,13:32:47,2103,88,12145,3641440,0,0,0
FG207,20220218,20220218,133252500,13:32:53,2103,88,12145,3641440,0,0,0
FG207,20220218,20220218,133253000,13:32:53,2103,88,12145,3641440,0,0,0
FG207,20220218,20220218,133255000,13:32:55,2103,88,12145,3641440,0,0,0
FG207,20220218,20220218,133255500,13:32:56,2103,88,12145,3641440,0,0,0
FG207,20220218,20220218,133256000,13:32:56,2103,88,12145,3641440,0,0,0
FG207,20220218,20220218,133258000,13:33:00,2103,88,12145,3641440,0,0,0
FG207,20220218,20220218,133258500,13:33:00,2103,88,12145,3641440,0,0,0
FG207,20220218,20220218,133300500,13:33:02,2103,88,12145,3641440,0,0,0
FG207,20220218,20220218,133301000,13:33:02,2103,88,12145,3641440,0,0,0
FG207,20220218,20220218,133302000,13:33:03,2103,88,12145,3641440,0,0,0
FG207,20220218,20220218,133304000,13:33:04,2103,88,12145,3641440,0,0,0
FG207,20220218,20220218,133304500,13:33:05,2103,88,12145,3641440,0,0,0
FG207,20220218,20220218,133306000,13:33:06,2103,88,12145,3641440,0,0,0
FG207,20220218,20220218,133307000,13:33:07,2103,88,12145,3641440,0,0,0
FG207,20220218,20220218,133307500,13:33:08,2103,88,12145,3641440,0,0,0
FG207,20220218,20220218,133308500,13:33:09,2103,88,12145,3641440,0,0,0
FG207,20220218,20220218,133309000,13:33:10,2103,88,12145,3641440,0,0,0
FG207,20220218,20220218,133309500,13:33:11,2103,88,12145,3641440,0,0,0
FG207,20220218,20220218,133310000,13:33:11,2103,88,12145,3641440,0,0,0
FG207,20220218,20220218,133317000,13:33:18,2103,88,12145,3641440,0,0,0
FG207,20220218,20220218,133317500,13:33:19,2103,88,12145,3641440,0,0,0
FG207,20220218,20220218,133329000,13:33:30,2103,88,12145,3641440,0,0,0
FG207,20220218,20220218,133331000,13:33:32,2103,88,12145,3641440,0,0,0
FG207,20220218,20220218,133331500,13:33:32,2103,88,12145,3641440,0,0,0
FG207,20220218,20220218,133333000,13:33:33,2103,88,12145,3641440,0,0,0
FG207,20220218,20220218,133335000,13:33:35,2103,88,12145,3641440,0,0,0
FG207,20220218,20220218,133335500,13:33:35,2103,88,12145,3641440,0,0,0
FG207,20220218,20220218,133336000,13:33:36,2103,88,12145,3641440,0,0,0
FG207,20220218,20220218,133338500,13:33:39,2103,88,12145,3641440,0,0,0
FG207,20220218,20220218,133341500,13:33:42,2103,88,12145,3641440,0,0,0
FG207,20220218,20220218,133342000,13:33:42,2103,88,12145,3641440,0,0,0
FG207,20220218,20220218,133342500,13:33:42,2103,88,12145,3641440,0,0,0
FG207,20220218,20220218,133346000,13:33:48,2103,88,12145,3641440,0,0,0
FG207,20220218,20220218,133348500,13:33:49,2103,88,12145,3641440,0,0,0
FG207,20220218,20220218,133350000,13:33:50,2103,88,12145,3641440,0,0,0
FG207,20220218,20220218,133350500,13:33:50,2103,88,12145,3641440,0,0,0
FG207,20220218,20220218,133351000,13:33:51,2103,88,12145,3641440,0,0,0
FG207,20220218,20220218,133351500,13:33:52,2103,88,12145,3641440,0,0,0
FG207,20220218,20220218,133352000,13:33:52,2103,88,12145,3641440,0,0,0
FG207,20220218,20220218,133352500,13:33:53,2103,88,12145,3641440,0,0,0
FG207,20220218,20220218,133353500,13:33:53,2103,88,12145,3641440,0,0,0
FG207,20220218,20220218,133354000,13:33:54,2103,88,12145,3641440,0,0,0
FG207,20220218,20220218,133355000,13:33:56,2103,88,12145,3641440,0,0,0
FG207,20220218,20220218,133407000,13:34:11,2103,88,12145,3641440,0,0,0
FG207,20220218,20220218,133411500,13:34:12,2103,88,12145,3641440,0,0,0
FG207,20220218,20220218,133429500,13:34:29,2103,88,12145,3641440,0,0,0
FG207,20220218,20220218,133430000,13:34:30,2103,88,12145,3641440,0,0,0
FG207,20220218,20220218,133437000,13:34:37,2103,88,12145,3641440,0,0,0
FG207,20220218,20220218,133437500,13:34:38,2103,88,12145,3641440,0,0,0
FG207,20220218,20220218,133438500,13:34:39,2103,88,12145,3641440,0,0,0
FG207,20220218,20220218,133439000,13:34:39,2103,88,12145,3641440,0,0,0
FG207,20220218,20220218,133442000,13:34:44,2103,88,12145,3641440,0,0,0
FG207,20220218,20220218,133443000,13:34:45,2103,88,12145,3641440,0,0,0
FG207,20220218,20220218,133447000,13:34:47,2103,88,12145,3641440,0,0,0
FG207,20220218,20220218,133448000,13:34:48,2103,88,12145,3641440,0,0,0
FG207,20220218,20220218,133448500,13:34:49,2103,88,12145,3641440,0,0,0
FG207,20220218,20220218,133452000,13:34:52,2103,88,12145,3641440,0,0,0
FG207,20220218,20220218,133454500,13:34:56,2103,88,12145,3641440,0,0,0
FG207,20220218,20220218,133456000,13:34:57,2103,88,12145,3641440,0,0,0
FG207,20220218,20220218,133458000,13:34:58,2103,88,12145,3641440,0,0,0
FG207,20220218,20220218,133501500,13:35:06,2103,88,12145,3641440,0,0,0
FG207,20220218,20220218,133502000,13:35:10,2103,88,12145,3641440,0,0,0
FG207,20220218,20220218,133504500,13:35:10,2103,88,12145,3641440,0,0,0
FG207,20220218,20220218,133509500,13:35:10,2103,88,12145,3641440,0,0,0
FG207,20220218,20220218,133510500,13:35:11,2103,88,12145,3641440,0,0,0
FG207,20220218,20220218,133511000,13:35:11,2103,88,12145,3641440,0,0,0
FG207,20220218,20220218,133512000,13:35:13,2103,88,12145,3641440,0,0,0
FG207,20220218,20220218,133512500,13:35:13,2103,88,12145,3641440,0,0,0
FG207,20220218,20220218,133513000,13:35:13,2103,88,12145,3641440,0,0,0
FG207,20220218,20220218,133515500,13:35:16,2103,88,12145,3641440,0,0,0
FG207,20220218,20220218,133516000,13:35:16,2103,88,12145,3641440,0,0,0
FG207,20220218,20220218,133517500,13:35:18,2103,88,12145,3641440,0,0,0
FG207,20220218,20220218,133518000,13:35:19,2103,88,12145,3641440,0,0,0
FG207,20220218,20220218,133518500,13:35:19,2103,88,12145,3641440,0,0,0
FG207,20220218,20220218,133523000,13:35:23,2103,88,12145,3641440,0,0,0
FG207,20220218,20220218,133525500,13:35:26,2103,88,12145,3641440,0,0,0
FG207,20220218,20220218,133526000,13:35:26,2103,88,12145,3641440,0,0,0
FG207,20220218,20220218,133526500,13:35:27,2103,88,12145,3641440,0,0,0
FG207,20220218,20220218,133527000,13:35:31,2103,88,12145,3641440,0,0,0
FG207,20220218,20220218,133528000,13:35:32,2103,88,12145,3641440,0,0,0
FG207,20220218,20220218,133529000,13:35:32,2103,88,12145,3641440,0,0,0
FG207,20220218,20220218,133540000,13:35:43,2103,88,12145,3641440,0,0,0
FG207,20220218,20220218,133549000,13:35:49,2103,88,12145,3641440,0,0,0
FG207,20220218,20220218,133552500,13:35:53,2103,88,12145,3641440,0,0,0
FG207,20220218,20220218,133556500,13:35:57,2103,88,12145,3641440,0,0,0
FG207,20220218,20220218,133601000,13:36:03,2103,88,12145,3641440,0,0,0
FG207,20220218,20220218,133604000,13:36:06,2103,88,12145,3641440,0,0,0
FG207,20220218,20220218,133605000,13:36:06,2103,88,12145,3641440,0,0,0
FG207,20220218,20220218,133605500,13:36:07,2103,88,12145,3641440,0,0,0
FG207,20220218,20220218,133610000,13:36:11,2103,88,12145,3641440,0,0,0
FG207,20220218,20220218,133619500,13:36:20,2103,88,12145,3641440,0,0,0
FG207,20220218,20220218,133620000,13:36:20,2103,88,12145,3641440,0,0,0
FG207,20220218,20220218,133633000,13:36:33,2103,88,12145,3641440,0,0,0
FG207,20220218,20220218,133633500,13:36:34,2103,88,12145,3641440,0,0,0
FG207,20220218,20220218,133634500,13:36:35,2103,88,12145,3641440,0,0,0
FG207,20220218,20220218,133638000,13:36:39,2103,88,12145,3641440,0,0,0
FG207,20220218,20220218,133703000,13:37:03,2103,88,12145,3641440,0,0,0
FG207,20220218,20220218,133703500,13:37:03,2103,88,12145,3641440,0,0,0
FG207,20220218,20220218,133704500,13:37:05,2103,88,12145,3641440,0,0,0
FG207,20220218,20220218,133711000,13:37:11,2103,88,12145,3641440,0,0,0
FG207,20220218,20220218,133713500,13:37:14,2103,88,12145,3641440,0,0,0
FG207,20220218,20220218,133718000,13:37:18,2103,88,12145,3641440,0,0,0
FG207,20220218,20220218,133720000,13:37:21,2103,88,12145,3641440,0,0,0
FG207,20220218,20220218,133725500,13:37:26,2103,88,12145,3641440,0,0,0
FG207,20220218,20220218,133733500,13:37:33,2103,88,12145,3641440,0,0,0
FG207,20220218,20220218,133735500,13:37:36,2103,88,12145,3641440,0,0,0
FG207,20220218,20220218,133736000,13:37:36,2103,88,12145,3641440,0,0,0
FG207,20220218,20220218,133737000,13:37:37,2103,88,12145,3641440,0,0,0
FG207,20220218,20220218,133749000,13:37:49,2103,88,12145,3641440,0,0,0
FG207,20220218,20220218,133749500,13:37:49,2103,88,12145,3641440,0,0,0
FG207,20220218,20220218,133801000,13:38:03,2103,88,12145,3641440,0,0,0
FG207,20220218,20220218,133801500,13:38:03,2103,88,12145,3641440,0,0,0
FG207,20220218,20220218,133806000,13:38:07,2103,88,12145,3641440,0,0,0
FG207,20220218,20220218,133806500,13:38:09,2103,88,12145,3641440,0,0,0
FG207,20220218,20220218,133810000,13:38:10,2103,88,12145,3641440,0,0,0
FG207,20220218,20220218,133815000,13:38:17,2103,88,12145,3641440,0,0,0
FG207,20220218,20220218,133817000,13:38:18,2103,88,12145,3641440,0,0,0
FG207,20220218,20220218,133818500,13:38:19,2103,88,12145,3641440,0,0,0
FG207,20220218,20220218,133822500,13:38:23,2103,88,12145,3641440,0,0,0
FG207,20220218,20220218,133823500,13:38:24,2103,88,12145,3641440,0,0,0
FG207,20220218,20220218,133824500,13:38:41,2103,88,12145,3641440,0,0,0
FG207,20220218,20220218,133836500,13:38:42,2103,88,12145,3641440,0,0,0
FG207,20220218,20220218,133841000,13:38:43,2103,88,12145,3641440,0,0,0
FG207,20220218,20220218,133841500,13:38:43,2103,88,12145,3641440,0,0,0
FG207,20220218,20220218,133842000,13:38:43,2103,88,12145,3641440,0,0,0
FG207,20220218,20220218,133842500,13:38:43,2103,88,12145,3641440,0,0,0
FG207,20220218,20220218,133857000,13:38:57,2103,88,12145,3641440,0,0,0
FG207,20220218,20220218,133909500,13:39:09,2103,88,12145,3641440,0,0,0
FG207,20220218,20220218,133914000,13:39:15,2103,88,12145,3641440,0,0,0
FG207,20220218,20220218,133914500,13:39:18,2103,88,12145,3641440,0,0,0
FG207,20220218,20220218,133917000,13:39:19,2103,88,12145,3641440,0,0,0
FG207,20220218,20220218,133933500,13:39:33,2103,88,12145,3641440,0,0,0
FG207,20220218,20220218,133939500,13:39:40,2103,88,12145,3641440,0,0,0
FG207,20220218,20220218,133945000,13:39:45,2103,88,12145,3641440,0,0,0
FG207,20220218,20220218,133945500,13:39:46,2103,88,12145,3641440,0,0,0
FG207,20220218,20220218,133946000,13:39:47,2103,88,12145,3641440,0,0,0
FG207,20220218,20220218,133947500,13:39:47,2103,88,12145,3641440,0,0,0
FG207,20220218,20220218,133948000,13:39:48,2103,88,12145,3641440,0,0,0
FG207,20220218,20220218,133948500,13:39:48,2103,88,12145,3641440,0,0,0
FG207,20220218,20220218,133949000,13:39:49,2103,88,12145,3641440,0,0,0
FG207,20220218,20220218,133949500,13:39:50,2103,88,12145,3641440,0,0,0
FG207,20220218,20220218,133951000,13:39:51,2103,88,12145,3641440,0,0,0
FG207,20220218,20220218,133956000,13:39:56,2103,88,12145,3641440,0,0,0
FG207,20220218,20220218,133956500,13:39:57,2103,88,12145,3641440,0,0,0
FG207,20220218,20220218,133957000,13:39:58,2103,88,12145,3641440,0,0,0
FG207,20220218,20220218,134012500,13:40:13,2103,88,12145,3641440,0,0,0
FG207,20220218,20220218,134013500,13:40:14,2103,88,12145,3641440,0,0,0
FG207,20220218,20220218,134014500,13:40:16,2103,88,12145,3641440,0,0,0
FG207,20220218,20220218,134018000,13:40:19,2103,88,12145,3641440,0,0,0
FG207,20220218,20220218,134018500,13:40:19,2103,88,12145,3641440,0,0,0
FG207,20220218,20220218,134019000,13:40:19,2108,89,12145,3682820,1,0,41380
FG207,20220218,20220218,134021500,13:40:22,2108,90,12144,3724200,1,-1,41380
FG207,20220218,20220218,134022000,13:40:22,2108,90,12144,3724200,0,0,0
FG207,20220218,20220218,134026000,13:40:26,2108,90,12144,3724200,0,0,0
FG207,20220218,20220218,134029000,13:40:30,2108,90,12144,3724200,0,0,0
FG207,20220218,20220218,134029500,13:40:30,2108,90,12144,3724200,0,0,0
FG207,20220218,20220218,134030000,13:40:30,2108,90,12144,3724200,0,0,0
FG207,20220218,20220218,134031000,13:40:31,2108,90,12144,3724200,0,0,0
FG207,20220218,20220218,134049000,13:40:49,2108,90,12144,3724200,0,0,0
FG207,20220218,20220218,134052000,13:40:55,2108,90,12144,3724200,0,0,0
FG207,20220218,20220218,134106500,13:41:07,2108,90,12144,3724200,0,0,0
FG207,20220218,20220218,134108000,13:41:09,2108,90,12144,3724200,0,0,0
FG207,20220218,20220218,134108500,13:41:10,2108,90,12144,3724200,0,0,0
FG207,20220218,20220218,134110000,13:41:10,2108,90,12144,3724200,0,0,0
FG207,20220218,20220218,134125000,13:41:27,2108,90,12144,3724200,0,0,0
FG207,20220218,20220218,134128500,13:41:29,2108,90,12144,3724200,0,0,0
FG207,20220218,20220218,134130500,13:41:31,2108,90,12144,3724200,0,0,0
FG207,20220218,20220218,134131000,13:41:31,2108,91,12144,3767400,1,0,43200
FG207,20220218,20220218,134131500,13:41:32,2108,91,12144,3767400,0,0,0
FG207,20220218,20220218,134133500,13:41:34,2108,91,12144,3767400,0,0,0
FG207,20220218,20220218,134140000,13:41:42,2108,91,12144,3767400,0,0,0
FG207,20220218,20220218,134201500,13:42:06,2108,91,12144,3767400,0,0,0
FG207,20220218,20220218,134209500,13:42:11,2108,91,12144,3767400,0,0,0
FG207,20220218,20220218,134211000,13:42:12,2108,91,12144,3767400,0,0,0
FG207,20220218,20220218,134211500,13:42:12,2108,91,12144,3767400,0,0,0
FG207,20220218,20220218,134212000,13:42:13,2108,91,12144,3767400,0,0,0
FG207,20220218,20220218,134212500,13:42:13,2108,91,12144,3767400,0,0,0
FG207,20220218,20220218,134220000,13:42:21,2108,91,12144,3767400,0,0,0
FG207,20220218,20220218,134220500,13:42:21,2108,91,12144,3767400,0,0,0
FG207,20220218,20220218,134221000,13:42:21,2108,91,12144,3767400,0,0,0
FG207,20220218,20220218,134221500,13:42:22,2108,91,12144,3767400,0,0,0
FG207,20220218,20220218,134224000,13:42:25,2108,91,12144,3767400,0,0,0
FG207,20220218,20220218,134224500,13:42:25,2108,91,12144,3767400,0,0,0
FG207,20220218,20220218,134225000,13:42:25,2108,91,12144,3767400,0,0,0
FG207,20220218,20220218,134225500,13:42:26,2108,91,12144,3767400,0,0,0
FG207,20220218,20220218,134226500,13:42:28,2108,91,12144,3767400,0,0,0
FG207,20220218,20220218,134227000,13:42:28,2108,91,12144,3767400,0,0,0
FG207,20220218,20220218,134227500,13:42:29,2108,91,12144,3767400,0,0,0
FG207,20220218,20220218,134229000,13:42:29,2108,91,12144,3767400,0,0,0
FG207,20220218,20220218,134240500,13:42:40,2108,91,12144,3767400,0,0,0
FG207,20220218,20220218,134244500,13:42:44,2108,91,12144,3767400,0,0,0
FG207,20220218,20220218,134248500,13:42:48,2108,91,12144,3767400,0,0,0
FG207,20220218,20220218,134254500,13:42:54,2108,91,12144,3767400,0,0,0
FG207,20220218,20220218,134255500,13:42:55,2108,91,12144,3767400,0,0,0
FG207,20220218,20220218,134256500,13:42:57,2108,91,12144,3767400,0,0,0
FG207,20220218,20220218,134257000,13:42:59,2108,91,12144,3767400,0,0,0
FG207,20220218,20220218,134259500,13:43:01,2108,91,12144,3767400,0,0,0
FG207,20220218,20220218,134310500,13:43:12,2108,91,12144,3767400,0,0,0
FG207,20220218,20220218,134318000,13:43:18,2108,91,12144,3767400,0,0,0
FG207,20220218,20220218,134323500,13:43:24,2108,91,12144,3767400,0,0,0
FG207,20220218,20220218,134324000,13:43:24,2108,91,12144,3767400,0,0,0
FG207,20220218,20220218,134324500,13:43:25,2108,91,12144,3767400,0,0,0
FG207,20220218,20220218,134325500,13:43:26,2108,91,12144,3767400,0,0,0
FG207,20220218,20220218,134327000,13:43:27,2108,91,12144,3767400,0,0,0
FG207,20220218,20220218,134328000,13:43:29,2108,91,12144,3767400,0,0,0
FG207,20220218,20220218,134328500,13:43:29,2108,91,12144,3767400,0,0,0
FG207,20220218,20220218,134329000,13:43:29,2108,91,12144,3767400,0,0,0
FG207,20220218,20220218,134329500,13:43:30,2108,91,12144,3767400,0,0,0
FG207,20220218,20220218,134330000,13:43:30,2108,91,12144,3767400,0,0,0
FG207,20220218,20220218,134331000,13:43:31,2108,91,12144,3767400,0,0,0
FG207,20220218,20220218,134340000,13:43:57,2108,91,12144,3767400,0,0,0
FG207,20220218,20220218,134356000,13:44:04,2108,91,12144,3767400,0,0,0
FG207,20220218,20220218,134401000,13:44:04,2108,91,12144,3767400,0,0,0
FG207,20220218,20220218,134410500,13:44:17,2108,91,12144,3767400,0,0,0
FG207,20220218,20220218,134414500,13:44:17,2108,91,12144,3767400,0,0,0
FG207,20220218,20220218,134421500,13:44:23,2108,91,12144,3767400,0,0,0
FG207,20220218,20220218,134438500,13:44:39,2108,91,12144,3767400,0,0,0
FG207,20220218,20220218,134441500,13:44:42,2108,91,12144,3767400,0,0,0
FG207,20220218,20220218,134450000,13:44:50,2108,91,12144,3767400,0,0,0
FG207,20220218,20220218,134500000,13:45:00,2108,91,12144,3767400,0,0,0
FG207,20220218,20220218,134501000,13:45:01,2108,91,12144,3767400,0,0,0
FG207,20220218,20220218,134501500,13:45:02,2108,91,12144,3767400,0,0,0
FG207,20220218,20220218,134503000,13:45:03,2108,91,12144,3767400,0,0,0
FG207,20220218,20220218,134507000,13:45:09,2108,91,12144,3767400,0,0,0
FG207,20220218,20220218,134508500,13:45:09,2108,91,12144,3767400,0,0,0
FG207,20220218,20220218,134509000,13:45:10,2108,91,12144,3767400,0,0,0
FG207,20220218,20220218,134513000,13:45:14,2108,91,12144,3767400,0,0,0
FG207,20220218,20220218,134513500,13:45:15,2108,91,12144,3767400,0,0,0
FG207,20220218,20220218,134514500,13:45:16,2108,91,12144,3767400,0,0,0
FG207,20220218,20220218,134515000,13:45:17,2108,91,12144,3767400,0,0,0
FG207,20220218,20220218,134516000,13:45:17,2108,91,12144,3767400,0,0,0
FG207,20220218,20220218,134520000,13:45:22,2108,91,12144,3767400,0,0,0
FG207,20220218,20220218,134525500,13:45:27,2108,91,12144,3767400,0,0,0
FG207,20220218,20220218,134526500,13:45:28,2108,91,12144,3767400,0,0,0
FG207,20220218,20220218,134529500,13:45:30,2108,91,12144,3767400,0,0,0
FG207,20220218,20220218,134531000,13:45:31,2108,91,12144,3767400,0,0,0
FG207,20220218,20220218,134531500,13:45:32,2108,91,12144,3767400,0,0,0
FG207,20220218,20220218,134532500,13:45:33,2108,91,12144,3767400,0,0,0
FG207,20220218,20220218,134538000,13:45:38,2108,91,12144,3767400,0,0,0
FG207,20220218,20220218,134546000,13:45:47,2108,91,12144,3767400,0,0,0
FG207,20220218,20220218,134547500,13:45:47,2108,91,12144,3767400,0,0,0
FG207,20220218,20220218,134557000,13:46:01,2108,91,12144,3767400,0,0,0
FG207,20220218,20220218,134558500,13:46:01,2108,91,12144,3767400,0,0,0
FG207,20220218,20220218,134602000,13:46:03,2108,91,12144,3767400,0,0,0
FG207,20220218,20220218,134603500,13:46:04,2108,91,12144,3767400,0,0,0
FG207,20220218,20220218,134605500,13:46:06,2108,91,12144,3767400,0,0,0
FG207,20220218,20220218,134606500,13:46:07,2108,91,12144,3767400,0,0,0
FG207,20220218,20220218,134613000,13:46:13,2108,91,12144,3767400,0,0,0
FG207,20220218,20220218,134616500,13:46:18,2108,91,12144,3767400,0,0,0
FG207,20220218,20220218,134622500,13:46:30,2108,91,12144,3767400,0,0,0
FG207,20220218,20220218,134636500,13:46:37,2108,91,12144,3767400,0,0,0
FG207,20220218,20220218,134640000,13:46:42,2108,91,12144,3767400,0,0,0
FG207,20220218,20220218,134640500,13:46:42,2108,91,12144,3767400,0,0,0
FG207,20220218,20220218,134701500,13:47:02,2108,91,12144,3767400,0,0,0
FG207,20220218,20220218,134702000,13:47:02,2108,91,12144,3767400,0,0,0
FG207,20220218,20220218,134702500,13:47:03,2108,91,12144,3767400,0,0,0
FG207,20220218,20220218,134703500,13:47:04,2108,91,12144,3767400,0,0,0
FG207,20220218,20220218,134704500,13:47:05,2108,91,12144,3767400,0,0,0
FG207,20220218,20220218,134705500,13:47:06,2108,91,12144,3767400,0,0,0
FG207,20220218,20220218,134706000,13:47:10,2108,91,12144,3767400,0,0,0
FG207,20220218,20220218,134707000,13:47:10,2108,91,12144,3767400,0,0,0
FG207,20220218,20220218,134708500,13:47:11,2108,91,12144,3767400,0,0,0
FG207,20220218,20220218,134716500,13:47:16,2108,91,12144,3767400,0,0,0
FG207,20220218,20220218,134717000,13:47:17,2108,91,12144,3767400,0,0,0
FG207,20220218,20220218,134717500,13:47:19,2108,91,12144,3767400,0,0,0
FG207,20220218,20220218,134718000,13:47:19,2108,91,12144,3767400,0,0,0
FG207,20220218,20220218,134720500,13:47:21,2108,91,12144,3767400,0,0,0
FG207,20220218,20220218,134723000,13:47:26,2108,91,12144,3767400,0,0,0
FG207,20220218,20220218,134726500,13:47:27,2108,91,12144,3767400,0,0,0
FG207,20220218,20220218,134728500,13:47:28,2108,91,12144,3767400,0,0,0
FG207,20220218,20220218,134729000,13:47:29,2108,91,12144,3767400,0,0,0
FG207,20220218,20220218,134729500,13:47:29,2108,91,12144,3767400,0,0,0
FG207,20220218,20220218,134735000,13:47:36,2108,91,12144,3767400,0,0,0
FG207,20220218,20220218,134735500,13:47:36,2108,91,12144,3767400,0,0,0
FG207,20220218,20220218,134745500,13:47:46,2108,91,12144,3767400,0,0,0
FG207,20220218,20220218,134747000,13:47:47,2108,91,12144,3767400,0,0,0
FG207,20220218,20220218,134747500,13:47:47,2108,91,12144,3767400,0,0,0
FG207,20220218,20220218,134748000,13:47:48,2105,92,12143,3808800,1,-1,41400
FG207,20220218,20220218,134749000,13:47:50,2105,92,12143,3808800,0,0,0
FG207,20220218,20220218,134749500,13:47:50,2105,92,12143,3808800,0,0,0
FG207,20220218,20220218,134755000,13:47:55,2105,92,12143,3808800,0,0,0
FG207,20220218,20220218,134757000,13:47:57,2105,92,12143,3808800,0,0,0
FG207,20220218,20220218,134758500,13:47:58,2105,92,12143,3808800,0,0,0
FG207,20220218,20220218,134759500,13:48:00,2105,92,12143,3808800,0,0,0
FG207,20220218,20220218,134800500,13:48:00,2105,92,12143,3808800,0,0,0
FG207,20220218,20220218,134817000,13:48:18,2105,92,12143,3808800,0,0,0
FG207,20220218,20220218,134818000,13:48:19,2105,92,12143,3808800,0,0,0
FG207,20220218,20220218,134819000,13:48:20,2105,92,12143,3808800,0,0,0
FG207,20220218,20220218,134820000,13:48:21,2105,92,12143,3808800,0,0,0
FG207,20220218,20220218,134823500,13:48:24,2105,92,12143,3808800,0,0,0
FG207,20220218,20220218,134824000,13:48:24,2105,92,12143,3808800,0,0,0
FG207,20220218,20220218,134826500,13:48:27,2105,92,12143,3808800,0,0,0
FG207,20220218,20220218,134830000,13:48:31,2103,93,12143,3852060,1,0,43260
FG207,20220218,20220218,134832500,13:48:32,2103,93,12143,3852060,0,0,0
FG207,20220218,20220218,134840000,13:48:40,2103,93,12143,3852060,0,0,0
FG207,20220218,20220218,134849000,13:48:49,2103,93,12143,3852060,0,0,0
FG207,20220218,20220218,134850000,13:48:50,2103,93,12143,3852060,0,0,0
FG207,20220218,20220218,134851000,13:48:51,2103,93,12143,3852060,0,0,0
FG207,20220218,20220218,134900000,13:49:00,2103,93,12143,3852060,0,0,0
FG207,20220218,20220218,134901000,13:49:02,2103,93,12143,3852060,0,0,0
FG207,20220218,20220218,134909000,13:49:09,2103,93,12143,3852060,0,0,0
FG207,20220218,20220218,134909500,13:49:10,2103,93,12143,3852060,0,0,0
FG207,20220218,20220218,134916500,13:49:17,2103,93,12143,3852060,0,0,0
FG207,20220218,20220218,134917000,13:49:17,2103,93,12143,3852060,0,0,0
FG207,20220218,20220218,134922500,13:49:23,2103,93,12143,3852060,0,0,0
FG207,20220218,20220218,134923500,13:49:24,2103,93,12143,3852060,0,0,0
FG207,20220218,20220218,134924500,13:49:25,2103,93,12143,3852060,0,0,0
FG207,20220218,20220218,134925000,13:49:25,2103,93,12143,3852060,0,0,0
FG207,20220218,20220218,134927000,13:49:28,2103,93,12143,3852060,0,0,0
FG207,20220218,20220218,134928000,13:49:28,2103,93,12143,3852060,0,0,0
FG207,20220218,20220218,134928500,13:49:29,2103,93,12143,3852060,0,0,0
FG207,20220218,20220218,134930000,13:49:31,2103,93,12143,3852060,0,0,0
FG207,20220218,20220218,134932500,13:49:32,2103,93,12143,3852060,0,0,0
FG207,20220218,20220218,134933500,13:49:34,2103,93,12143,3852060,0,0,0
FG207,20220218,20220218,134937000,13:49:37,2103,93,12143,3852060,0,0,0
FG207,20220218,20220218,134937500,13:49:37,2103,93,12143,3852060,0,0,0
FG207,20220218,20220218,134943000,13:49:43,2103,93,12143,3852060,0,0,0
FG207,20220218,20220218,134945000,13:49:45,2103,93,12143,3852060,0,0,0
FG207,20220218,20220218,134946500,13:49:46,2103,93,12143,3852060,0,0,0
FG207,20220218,20220218,134951000,13:49:51,2103,93,12143,3852060,0,0,0
FG207,20220218,20220218,134955500,13:49:56,2103,93,12143,3852060,0,0,0
FG207,20220218,20220218,134956000,13:49:56,2103,93,12143,3852060,0,0,0
FG207,20220218,20220218,135005000,13:50:05,2103,93,12143,3852060,0,0,0
FG207,20220218,20220218,135010500,13:50:26,2103,93,12143,3852060,0,0,0
FG207,20220218,20220218,135027500,13:50:35,2103,93,12143,3852060,0,0,0
FG207,20220218,20220218,135035000,13:50:37,2103,93,12143,3852060,0,0,0
FG207,20220218,20220218,135036000,13:50:38,2103,93,12143,3852060,0,0,0
FG207,20220218,20220218,135037500,13:50:38,2103,93,12143,3852060,0,0,0
FG207,20220218,20220218,135038000,13:50:39,2103,93,12143,3852060,0,0,0
FG207,20220218,20220218,135039500,13:50:39,2103,93,12143,3852060,0,0,0
FG207,20220218,20220218,135042000,13:50:43,2103,93,12143,3852060,0,0,0
FG207,20220218,20220218,135042500,13:50:43,2103,93,12143,3852060,0,0,0
FG207,20220218,20220218,135045000,13:50:45,2103,93,12143,3852060,0,0,0
FG207,20220218,20220218,135045500,13:50:46,2103,93,12143,3852060,0,0,0
FG207,20220218,20220218,135048500,13:50:49,2103,93,12143,3852060,0,0,0
FG207,20220218,20220218,135054000,13:50:54,2103,93,12143,3852060,0,0,0
FG207,20220218,20220218,135120000,13:51:21,2103,93,12143,3852060,0,0,0
FG207,20220218,20220218,135125000,13:51:25,2103,93,12143,3852060,0,0,0
FG207,20220218,20220218,135125500,13:51:26,2103,93,12143,3852060,0,0,0
FG207,20220218,20220218,135129000,13:51:29,2103,93,12143,3852060,0,0,0
FG207,20220218,20220218,135132000,13:51:32,2103,93,12143,3852060,0,0,0
FG207,20220218,20220218,135142500,13:51:42,2103,93,12143,3852060,0,0,0
FG207,20220218,20220218,135146000,13:51:46,2103,93,12143,3852060,0,0,0
FG207,20220218,20220218,135147500,13:51:48,2103,93,12143,3852060,0,0,0
FG207,20220218,20220218,135156000,13:51:56,2103,93,12143,3852060,0,0,0
FG207,20220218,20220218,135201000,13:52:01,2103,93,12143,3852060,0,0,0
FG207,20220218,20220218,135201500,13:52:03,2103,93,12143,3852060,0,0,0
FG207,20220218,20220218,135202000,13:52:03,2103,93,12143,3852060,0,0,0
FG207,20220218,20220218,135202500,13:52:03,2103,93,12143,3852060,0,0,0
FG207,20220218,20220218,135203000,13:52:04,2103,93,12143,3852060,0,0,0
FG207,20220218,20220218,135205000,13:52:05,2103,93,12143,3852060,0,0,0
FG207,20220218,20220218,135207000,13:52:09,2103,93,12143,3852060,0,0,0
FG207,20220218,20220218,135207500,13:52:10,2103,93,12143,3852060,0,0,0
FG207,20220218,20220218,135209000,13:52:10,2103,93,12143,3852060,0,0,0
FG207,20220218,20220218,135209500,13:52:11,2103,93,12143,3852060,0,0,0
FG207,20220218,20220218,135210000,13:52:11,2103,93,12143,3852060,0,0,0
FG207,20220218,20220218,135210500,13:52:12,2103,93,12143,3852060,0,0,0
FG207,20220218,20220218,135211000,13:52:12,2103,93,12143,3852060,0,0,0
FG207,20220218,20220218,135211500,13:52:12,2103,93,12143,3852060,0,0,0
FG207,20220218,20220218,135213500,13:52:14,2103,93,12143,3852060,0,0,0
FG207,20220218,20220218,135221000,13:52:24,2103,93,12143,3852060,0,0,0
FG207,20220218,20220218,135221500,13:52:24,2103,93,12143,3852060,0,0,0
FG207,20220218,20220218,135224000,13:52:24,2103,93,12143,3852060,0,0,0
FG207,20220218,20220218,135225500,13:52:25,2103,93,12143,3852060,0,0,0
FG207,20220218,20220218,135227000,13:52:27,2103,93,12143,3852060,0,0,0
FG207,20220218,20220218,135227500,13:52:27,2103,93,12143,3852060,0,0,0
FG207,20220218,20220218,135228000,13:52:28,2103,93,12143,3852060,0,0,0
FG207,20220218,20220218,135229500,13:52:31,2103,93,12143,3852060,0,0,0
FG207,20220218,20220218,135233000,13:52:33,2103,93,12143,3852060,0,0,0
FG207,20220218,20220218,135233500,13:52:33,2103,93,12143,3852060,0,0,0
FG207,20220218,20220218,135234500,13:52:35,2103,93,12143,3852060,0,0,0
FG207,20220218,20220218,135235000,13:52:36,2103,93,12143,3852060,0,0,0
FG207,20220218,20220218,135237500,13:52:44,2103,93,12143,3852060,0,0,0
FG207,20220218,20220218,135238000,13:52:45,2103,93,12143,3852060,0,0,0
FG207,20220218,20220218,135242000,13:52:45,2103,93,12143,3852060,0,0,0
FG207,20220218,20220218,135245000,13:52:47,2103,93,12143,3852060,0,0,0
FG207,20220218,20220218,135247000,13:52:48,2103,93,12143,3852060,0,0,0
FG207,20220218,20220218,135247500,13:52:48,2103,93,12143,3852060,0,0,0
FG207,20220218,20220218,135248000,13:52:48,2103,93,12143,3852060,0,0,0
FG207,20220218,20220218,135248500,13:52:49,2103,93,12143,3852060,0,0,0
FG207,20220218,20220218,135251000,13:52:51,2103,93,12143,3852060,0,0,0
FG207,20220218,20220218,135301500,13:53:02,2103,93,12143,3852060,0,0,0
FG207,20220218,20220218,135302000,13:53:02,2103,93,12143,3852060,0,0,0
FG207,20220218,20220218,135304500,13:53:06,2103,93,12143,3852060,0,0,0
FG207,20220218,20220218,135309500,13:53:09,2103,93,12143,3852060,0,0,0
FG207,20220218,20220218,135314500,13:53:15,2103,93,12143,3852060,0,0,0
FG207,20220218,20220218,135316000,13:53:16,2103,93,12143,3852060,0,0,0
FG207,20220218,20220218,135322500,13:53:23,2103,93,12143,3852060,0,0,0
FG207,20220218,20220218,135324500,13:53:26,2103,93,12143,3852060,0,0,0
FG207,20220218,20220218,135325000,13:53:26,2103,93,12143,3852060,0,0,0
FG207,20220218,20220218,135332000,13:53:32,2103,93,12143,3852060,0,0,0
FG207,20220218,20220218,135333500,13:53:33,2103,93,12143,3852060,0,0,0
FG207,20220218,20220218,135334500,13:53:35,2103,93,12143,3852060,0,0,0
FG207,20220218,20220218,135337000,13:53:45,2103,93,12143,3852060,0,0,0
FG207,20220218,20220218,135341000,13:53:45,2103,93,12143,3852060,0,0,0
FG207,20220218,20220218,135346000,13:53:47,2103,93,12143,3852060,0,0,0
FG207,20220218,20220218,135346500,13:53:47,2103,93,12143,3852060,0,0,0
FG207,20220218,20220218,135347000,13:53:47,2103,93,12143,3852060,0,0,0
FG207,20220218,20220218,135348500,13:53:49,2103,93,12143,3852060,0,0,0
FG207,20220218,20220218,135350000,13:53:50,2103,93,12143,3852060,0,0,0
FG207,20220218,20220218,135351000,13:53:53,2103,93,12143,3852060,0,0,0
FG207,20220218,20220218,135351500,13:53:53,2103,93,12143,3852060,0,0,0
FG207,20220218,20220218,135354500,13:53:55,2103,93,12143,3852060,0,0,0
FG207,20220218,20220218,135356500,13:53:57,2103,93,12143,3852060,0,0,0
FG207,20220218,20220218,135357000,13:53:57,2103,93,12143,3852060,0,0,0
FG207,20220218,20220218,135358000,13:53:59,2103,93,12143,3852060,0,0,0
FG207,20220218,20220218,135358500,13:54:00,2103,93,12143,3852060,0,0,0
FG207,20220218,20220218,135359500,13:54:08,2103,93,12143,3852060,0,0,0
FG207,20220218,20220218,135400500,13:54:08,2103,93,12143,3852060,0,0,0
FG207,20220218,20220218,135407500,13:54:09,2103,93,12143,3852060,0,0,0
FG207,20220218,20220218,135408000,13:54:09,2103,93,12143,3852060,0,0,0
FG207,20220218,20220218,135411500,13:54:12,2103,93,12143,3852060,0,0,0
FG207,20220218,20220218,135412500,13:54:13,2103,93,12143,3852060,0,0,0
FG207,20220218,20220218,135414000,13:54:14,2103,93,12143,3852060,0,0,0
FG207,20220218,20220218,135414500,13:54:14,2103,93,12143,3852060,0,0,0
FG207,20220218,20220218,135415500,13:54:15,2103,93,12143,3852060,0,0,0
FG207,20220218,20220218,135416500,13:54:16,2103,93,12143,3852060,0,0,0
FG207,20220218,20220218,135417000,13:54:18,2103,93,12143,3852060,0,0,0
FG207,20220218,20220218,135417500,13:54:18,2103,93,12143,3852060,0,0,0
FG207,20220218,20220218,135418000,13:54:18,2103,93,12143,3852060,0,0,0
FG207,20220218,20220218,135419000,13:54:19,2103,93,12143,3852060,0,0,0
FG207,20220218,20220218,135420000,13:54:20,2103,93,12143,3852060,0,0,0
FG207,20220218,20220218,135420500,13:54:21,2103,93,12143,3852060,0,0,0
FG207,20220218,20220218,135421000,13:54:21,2103,93,12143,3852060,0,0,0
FG207,20220218,20220218,135422000,13:54:22,2103,93,12143,3852060,0,0,0
FG207,20220218,20220218,135422500,13:54:22,2103,93,12143,3852060,0,0,0
FG207,20220218,20220218,135423500,13:54:23,2103,93,12143,3852060,0,0,0
FG207,20220218,20220218,135424000,13:54:24,2103,93,12143,3852060,0,0,0
FG207,20220218,20220218,135425500,13:54:26,2103,93,12143,3852060,0,0,0
FG207,20220218,20220218,135426000,13:54:26,2103,93,12143,3852060,0,0,0
FG207,20220218,20220218,135426500,13:54:27,2103,93,12143,3852060,0,0,0
FG207,20220218,20220218,135427000,13:54:28,2103,93,12143,3852060,0,0,0
FG207,20220218,20220218,135428500,13:54:30,2103,93,12143,3852060,0,0,0
FG207,20220218,20220218,135429000,13:54:31,2103,93,12143,3852060,0,0,0
FG207,20220218,20220218,135430000,13:54:31,2103,93,12143,3852060,0,0,0
FG207,20220218,20220218,135430500,13:54:32,2103,93,12143,3852060,0,0,0
FG207,20220218,20220218,135431000,13:54:32,2103,93,12143,3852060,0,0,0
FG207,20220218,20220218,135431500,13:54:32,2103,93,12143,3852060,0,0,0
FG207,20220218,20220218,135432000,13:54:32,2103,93,12143,3852060,0,0,0
FG207,20220218,20220218,135432500,13:54:33,2103,93,12143,3852060,0,0,0
FG207,20220218,20220218,135433000,13:54:33,2103,93,12143,3852060,0,0,0
FG207,20220218,20220218,135433500,13:54:34,2103,93,12143,3852060,0,0,0
FG207,20220218,20220218,135434500,13:54:34,2103,93,12143,3852060,0,0,0
FG207,20220218,20220218,135435500,13:54:35,2103,93,12143,3852060,0,0,0
FG207,20220218,20220218,135436500,13:54:37,2103,93,12143,3852060,0,0,0
FG207,20220218,20220218,135437000,13:54:37,2103,93,12143,3852060,0,0,0
FG207,20220218,20220218,135438000,13:54:38,2103,93,12143,3852060,0,0,0
FG207,20220218,20220218,135438500,13:54:39,2103,93,12143,3852060,0,0,0
FG207,20220218,20220218,135439000,13:54:39,2103,93,12143,3852060,0,0,0
FG207,20220218,20220218,135439500,13:54:40,2103,93,12143,3852060,0,0,0
FG207,20220218,20220218,135440500,13:54:41,2103,93,12143,3852060,0,0,0
FG207,20220218,20220218,135442500,13:54:44,2103,93,12143,3852060,0,0,0
FG207,20220218,20220218,135443000,13:54:44,2103,93,12143,3852060,0,0,0
FG207,20220218,20220218,135446500,13:54:47,2103,93,12143,3852060,0,0,0
FG207,20220218,20220218,135449000,13:54:49,2103,93,12143,3852060,0,0,0
FG207,20220218,20220218,135452500,13:54:52,2103,93,12143,3852060,0,0,0
FG207,20220218,20220218,135455000,13:54:55,2103,93,12143,3852060,0,0,0
FG207,20220218,20220218,135455500,13:54:55,2103,93,12143,3852060,0,0,0
FG207,20220218,20220218,135456000,13:54:56,2103,93,12143,3852060,0,0,0
FG207,20220218,20220218,135459500,13:55:00,2103,93,12143,3852060,0,0,0
FG207,20220218,20220218,135502500,13:55:03,2103,93,12143,3852060,0,0,0
FG207,20220218,20220218,135503000,13:55:03,2103,93,12143,3852060,0,0,0
FG207,20220218,20220218,135507000,13:55:11,2103,93,12143,3852060,0,0,0
FG207,20220218,20220218,135507500,13:55:11,2103,93,12143,3852060,0,0,0
FG207,20220218,20220218,135508000,13:55:12,2103,93,12143,3852060,0,0,0
FG207,20220218,20220218,135511500,13:55:12,2103,93,12143,3852060,0,0,0
FG207,20220218,20220218,135512000,13:55:12,2103,93,12143,3852060,0,0,0
FG207,20220218,20220218,135515000,13:55:15,2103,93,12143,3852060,0,0,0
FG207,20220218,20220218,135515500,13:55:16,2103,93,12143,3852060,0,0,0
FG207,20220218,20220218,135516500,13:55:20,2103,93,12143,3852060,0,0,0
FG207,20220218,20220218,135518500,13:55:25,2103,93,12143,3852060,0,0,0
FG207,20220218,20220218,135520000,13:55:25,2103,93,12143,3852060,0,0,0
FG207,20220218,20220218,135521000,13:55:25,2103,93,12143,3852060,0,0,0
FG207,20220218,20220218,135523500,13:55:25,2103,93,12143,3852060,0,0,0
FG207,20220218,20220218,135525500,13:55:26,2103,93,12143,3852060,0,0,0
FG207,20220218,20220218,135531000,13:55:31,2103,93,12143,3852060,0,0,0
FG207,20220218,20220218,135532000,13:55:32,2103,93,12143,3852060,0,0,0
FG207,20220218,20220218,135533500,13:55:34,2103,93,12143,3852060,0,0,0
FG207,20220218,20220218,135536500,13:55:37,2103,93,12143,3852060,0,0,0
FG207,20220218,20220218,135544000,13:55:45,2103,93,12143,3852060,0,0,0
FG207,20220218,20220218,135545500,13:55:46,2103,93,12143,3852060,0,0,0
FG207,20220218,20220218,135546500,13:55:47,2103,93,12143,3852060,0,0,0
FG207,20220218,20220218,135552000,13:55:52,2103,93,12143,3852060,0,0,0
FG207,20220218,20220218,135555000,13:55:55,2103,93,12143,3852060,0,0,0
FG207,20220218,20220218,135558500,13:55:58,2103,93,12143,3852060,0,0,0
FG207,20220218,20220218,135600000,13:56:02,2103,93,12143,3852060,0,0,0
FG207,20220218,20220218,135616500,13:56:23,2103,93,12143,3852060,0,0,0
FG207,20220218,20220218,135622500,13:56:23,2103,93,12143,3852060,0,0,0
FG207,20220218,20220218,135624000,13:56:24,2103,93,12143,3852060,0,0,0
FG207,20220218,20220218,135624500,13:56:24,2103,93,12143,3852060,0,0,0
FG207,20220218,20220218,135625000,13:56:25,2103,93,12143,3852060,0,0,0
FG207,20220218,20220218,135640500,13:56:41,2103,93,12143,3852060,0,0,0
FG207,20220218,20220218,135641000,13:56:41,2103,93,12143,3852060,0,0,0
FG207,20220218,20220218,135642000,13:56:43,2103,93,12143,3852060,0,0,0
FG207,20220218,20220218,135647500,13:56:48,2103,93,12143,3852060,0,0,0
FG207,20220218,20220218,135648000,13:56:50,2103,93,12143,3852060,0,0,0
FG207,20220218,20220218,135650500,13:56:51,2103,93,12143,3852060,0,0,0
FG207,20220218,20220218,135651500,13:56:52,2103,93,12143,3852060,0,0,0
FG207,20220218,20220218,135653000,13:56:53,2103,93,12143,3852060,0,0,0
FG207,20220218,20220218,135654000,13:56:54,2103,93,12143,3852060,0,0,0
FG207,20220218,20220218,135655000,13:56:55,2103,93,12143,3852060,0,0,0
FG207,20220218,20220218,135655500,13:56:55,2103,93,12143,3852060,0,0,0
FG207,20220218,20220218,135703000,13:57:03,2103,93,12143,3852060,0,0,0
FG207,20220218,20220218,135703500,13:57:04,2103,93,12143,3852060,0,0,0
FG207,20220218,20220218,135707000,13:57:07,2103,93,12143,3852060,0,0,0
