FG202,20220218,20220218,112003000,11:20:04,2170,0,1038,0,0,0,0
FG202,20220218,20220218,112004500,11:20:09,2170,0,1038,0,0,0,0
FG202,20220218,20220218,112006000,11:20:10,2170,0,1038,0,0,0,0
FG202,20220218,20220218,112007000,11:20:10,2170,0,1038,0,0,0,0
FG202,20220218,20220218,112007500,11:20:10,2170,0,1038,0,0,0,0
FG202,20220218,20220218,112008500,11:20:10,2170,0,1038,0,0,0,0
FG202,20220218,20220218,112009500,11:20:10,2170,0,1038,0,0,0,0
FG202,20220218,20220218,112010000,11:20:10,2170,0,1038,0,0,0,0
FG202,20220218,20220218,112010500,11:20:10,2170,0,1038,0,0,0,0
FG202,20220218,20220218,112011000,11:20:11,2170,0,1038,0,0,0,0
FG202,20220218,20220218,112012000,11:20:12,2170,0,1038,0,0,0,0
FG202,20220218,20220218,112013000,11:20:13,2170,0,1038,0,0,0,0
FG202,20220218,20220218,112013500,11:20:13,2170,0,1038,0,0,0,0
FG202,20220218,20220218,112014000,11:20:14,2170,0,1038,0,0,0,0
FG202,20220218,20220218,112014500,11:20:14,2170,0,1038,0,0,0,0
FG202,20220218,20220218,112015000,11:20:15,2170,0,1038,0,0,0,0
FG202,20220218,20220218,112015500,11:20:16,2170,0,1038,0,0,0,0
FG202,20220218,20220218,112016000,11:20:16,2170,0,1038,0,0,0,0
FG202,20220218,20220218,112016500,11:20:16,2170,0,1038,0,0,0,0
FG202,20220218,20220218,112017500,11:20:17,2170,0,1038,0,0,0,0
FG202,20220218,20220218,112018000,11:20:18,2170,0,1038,0,0,0,0
FG202,20220218,20220218,112019000,11:20:19,2170,0,1038,0,0,0,0
FG202,20220218,20220218,112020000,11:20:20,2170,0,1038,0,0,0,0
FG202,20220218,20220218,112020500,11:20:20,2170,0,1038,0,0,0,0
FG202,20220218,20220218,112021000,11:20:21,2170,0,1038,0,0,0,0
FG202,20220218,20220218,112021500,11:20:21,2170,0,1038,0,0,0,0
FG202,20220218,20220218,112022500,11:20:23,2170,0,1038,0,0,0,0
FG202,20220218,20220218,112023000,11:20:23,2170,0,1038,0,0,0,0
FG202,20220218,20220218,112023500,11:20:23,2170,0,1038,0,0,0,0
FG202,20220218,20220218,112024500,11:20:24,2170,0,1038,0,0,0,0
FG202,20220218,20220218,112025000,11:20:25,2170,0,1038,0,0,0,0
FG202,20220218,20220218,112026000,11:20:26,2170,0,1038,0,0,0,0
FG202,20220218,20220218,112027000,11:20:27,2170,0,1038,0,0,0,0
FG202,20220218,20220218,112027500,11:20:27,2170,0,1038,0,0,0,0
FG202,20220218,20220218,112028000,11:20:28,2170,0,1038,0,0,0,0
FG202,20220218,20220218,112029000,11:20:29,2170,0,1038,0,0,0,0
FG202,20220218,20220218,112029500,11:20:30,2170,0,1038,0,0,0,0
FG202,20220218,20220218,112030000,11:20:31,2170,0,1038,0,0,0,0
FG202,20220218,20220218,112030500,11:20:31,2170,0,1038,0,0,0,0
FG202,20220218,20220218,112031000,11:20:32,2170,0,1038,0,0,0,0
FG202,20220218,20220218,112031500,11:20:32,2170,0,1038,0,0,0,0
FG202,20220218,20220218,112032000,11:20:32,2170,0,1038,0,0,0,0
FG202,20220218,20220218,112033000,11:20:33,2170,0,1038,0,0,0,0
FG202,20220218,20220218,112033500,11:20:33,2170,0,1038,0,0,0,0
FG202,20220218,20220218,112034000,11:20:34,2170,0,1038,0,0,0,0
FG202,20220218,20220218,112034500,11:20:34,2170,0,1038,0,0,0,0
FG202,20220218,20220218,112035000,11:20:35,2170,0,1038,0,0,0,0
FG202,20220218,20220218,112035500,11:20:35,2170,0,1038,0,0,0,0
FG202,20220218,20220218,112037000,11:20:37,2170,0,1038,0,0,0,0
FG202,20220218,20220218,112037500,11:20:38,2170,0,1038,0,0,0,0
FG202,20220218,20220218,112041000,11:20:41,2170,0,1038,0,0,0,0
FG202,20220218,20220218,112041500,11:20:41,2170,0,1038,0,0,0,0
FG202,20220218,20220218,112042500,11:20:42,2170,0,1038,0,0,0,0
FG202,20220218,20220218,112043000,11:20:43,2170,0,1038,0,0,0,0
FG202,20220218,20220218,112043500,11:20:44,2170,0,1038,0,0,0,0
FG202,20220218,20220218,112045000,11:20:45,2170,0,1038,0,0,0,0
FG202,20220218,20220218,112045500,11:20:46,2170,0,1038,0,0,0,0
FG202,20220218,20220218,112046000,11:20:46,2170,0,1038,0,0,0,0
FG202,20220218,20220218,112046500,11:20:46,2170,0,1038,0,0,0,0
FG202,20220218,20220218,112047500,11:20:48,2170,0,1038,0,0,0,0
FG202,20220218,20220218,112048000,11:20:48,2170,0,1038,0,0,0,0
FG202,20220218,20220218,112049000,11:20:50,2170,0,1038,0,0,0,0
FG202,20220218,20220218,112049500,11:20:50,2170,0,1038,0,0,0,0
FG202,20220218,20220218,112050000,11:20:50,2170,0,1038,0,0,0,0
FG202,20220218,20220218,112052000,11:20:53,2170,0,1038,0,0,0,0
FG202,20220218,20220218,112052500,11:20:53,2170,0,1038,0,0,0,0
FG202,20220218,20220218,112053000,11:20:53,2170,0,1038,0,0,0,0
FG202,20220218,20220218,112054000,11:20:54,2170,0,1038,0,0,0,0
FG202,20220218,20220218,112054500,11:20:55,2170,0,1038,0,0,0,0
FG202,20220218,20220218,112055000,11:20:55,2170,0,1038,0,0,0,0
FG202,20220218,20220218,112056500,11:20:56,2170,0,1038,0,0,0,0
FG202,20220218,20220218,112057000,11:20:58,2170,0,1038,0,0,0,0
FG202,20220218,20220218,112057500,11:20:58,2170,0,1038,0,0,0,0
FG202,20220218,20220218,112058000,11:20:58,2170,0,1038,0,0,0,0
FG202,20220218,20220218,112058500,11:20:59,2170,0,1038,0,0,0,0
FG202,20220218,20220218,112059000,11:20:59,2170,0,1038,0,0,0,0
FG202,20220218,20220218,112059500,11:21:00,2170,0,1038,0,0,0,0
FG202,20220218,20220218,112100000,11:21:00,2170,0,1038,0,0,0,0
FG202,20220218,20220218,112100500,11:21:00,2170,0,1038,0,0,0,0
FG202,20220218,20220218,112101000,11:21:01,2170,0,1038,0,0,0,0
FG202,20220218,20220218,112101500,11:21:02,2170,0,1038,0,0,0,0
FG202,20220218,20220218,112102000,11:21:02,2170,0,1038,0,0,0,0
FG202,20220218,20220218,112102500,11:21:03,2170,0,1038,0,0,0,0
FG202,20220218,20220218,112103000,11:21:03,2170,0,1038,0,0,0,0
FG202,20220218,20220218,112104000,11:21:04,2170,0,1038,0,0,0,0
FG202,20220218,20220218,112104500,11:21:05,2170,0,1038,0,0,0,0
FG202,20220218,20220218,112105000,11:21:05,2170,0,1038,0,0,0,0
FG202,20220218,20220218,112105500,11:21:06,2170,0,1038,0,0,0,0
FG202,20220218,20220218,112106500,11:21:07,2170,0,1038,0,0,0,0
FG202,20220218,20220218,112107000,11:21:10,2170,0,1038,0,0,0,0
FG202,20220218,20220218,112107500,11:21:10,2170,0,1038,0,0,0,0
FG202,20220218,20220218,112108000,11:21:10,2170,0,1038,0,0,0,0
FG202,20220218,20220218,112108500,11:21:10,2170,0,1038,0,0,0,0
FG202,20220218,20220218,112110000,11:21:10,2170,0,1038,0,0,0,0
FG202,20220218,20220218,112110500,11:21:11,2170,0,1038,0,0,0,0
FG202,20220218,20220218,112111000,11:21:11,2170,0,1038,0,0,0,0
FG202,20220218,20220218,112111500,11:21:12,2170,0,1038,0,0,0,0
FG202,20220218,20220218,112112000,11:21:12,2170,0,1038,0,0,0,0
FG202,20220218,20220218,112112500,11:21:13,2170,0,1038,0,0,0,0
FG202,20220218,20220218,112113000,11:21:13,2170,0,1038,0,0,0,0
FG202,20220218,20220218,112113500,11:21:13,2170,0,1038,0,0,0,0
FG202,20220218,20220218,112114000,11:21:14,2170,0,1038,0,0,0,0
FG202,20220218,20220218,112114500,11:21:14,2170,0,1038,0,0,0,0
FG202,20220218,20220218,112115000,11:21:15,2170,0,1038,0,0,0,0
FG202,20220218,20220218,112115500,11:21:15,2170,0,1038,0,0,0,0
FG202,20220218,20220218,112116000,11:21:16,2170,0,1038,0,0,0,0
FG202,20220218,20220218,112116500,11:21:16,2170,0,1038,0,0,0,0
FG202,20220218,20220218,112117000,11:21:17,2170,0,1038,0,0,0,0
FG202,20220218,20220218,112117500,11:21:18,2170,0,1038,0,0,0,0
FG202,20220218,20220218,112118000,11:21:18,2170,0,1038,0,0,0,0
FG202,20220218,20220218,112118500,11:21:18,2170,0,1038,0,0,0,0
FG202,20220218,20220218,112119000,11:21:19,2170,0,1038,0,0,0,0
FG202,20220218,20220218,112119500,11:21:19,2170,0,1038,0,0,0,0
FG202,20220218,20220218,112120500,11:21:21,2170,0,1038,0,0,0,0
FG202,20220218,20220218,112121000,11:21:22,2170,0,1038,0,0,0,0
FG202,20220218,20220218,112121500,11:21:22,2170,0,1038,0,0,0,0
FG202,20220218,20220218,112122000,11:21:22,2170,0,1038,0,0,0,0
FG202,20220218,20220218,112122500,11:21:22,2170,0,1038,0,0,0,0
FG202,20220218,20220218,112123000,11:21:23,2170,0,1038,0,0,0,0
FG202,20220218,20220218,112123500,11:21:23,2170,0,1038,0,0,0,0
FG202,20220218,20220218,112124000,11:21:24,2170,0,1038,0,0,0,0
FG202,20220218,20220218,112125000,11:21:29,2170,0,1038,0,0,0,0
FG202,20220218,20220218,112126500,11:23:33,2170,0,1038,0,0,0,0
FG202,20220218,20220218,112332500,11:23:33,2170,0,1038,0,0,0,0
FG202,20220218,20220218,112333500,11:23:33,2170,0,1038,0,0,0,0
FG202,20220218,20220218,112334500,11:23:34,2170,0,1038,0,0,0,0
FG202,20220218,20220218,112335500,11:23:35,2170,0,1038,0,0,0,0
FG202,20220218,20220218,112336500,11:23:38,2170,0,1038,0,0,0,0
FG202,20220218,20220218,112337000,11:23:38,2170,0,1038,0,0,0,0
FG202,20220218,20220218,112337500,11:23:38,2170,0,1038,0,0,0,0
FG202,20220218,20220218,112338500,11:23:38,2170,0,1038,0,0,0,0
FG202,20220218,20220218,112339000,11:23:39,2170,0,1038,0,0,0,0
FG202,20220218,20220218,112340000,11:23:40,2170,0,1038,0,0,0,0
FG202,20220218,20220218,112340500,11:23:40,2170,0,1038,0,0,0,0
FG202,20220218,20220218,112349500,11:23:50,2170,0,1038,0,0,0,0
FG202,20220218,20220218,112350000,11:23:50,2170,0,1038,0,0,0,0
FG202,20220218,20220218,112350500,11:23:50,2170,0,1038,0,0,0,0
FG202,20220218,20220218,112351000,11:23:51,2170,0,1038,0,0,0,0
FG202,20220218,20220218,112351500,11:23:51,2170,0,1038,0,0,0,0
FG202,20220218,20220218,112352500,11:23:52,2170,0,1038,0,0,0,0
FG202,20220218,20220218,112353000,11:23:53,2170,0,1038,0,0,0,0
FG202,20220218,20220218,112353500,11:23:53,2170,0,1038,0,0,0,0
FG202,20220218,20220218,112354500,11:23:55,2170,0,1038,0,0,0,0
FG202,20220218,20220218,112355000,11:23:55,2170,0,1038,0,0,0,0
FG202,20220218,20220218,112356000,11:23:56,2170,0,1038,0,0,0,0
FG202,20220218,20220218,112356500,11:23:56,2170,0,1038,0,0,0,0
FG202,20220218,20220218,112357000,11:23:57,2170,0,1038,0,0,0,0
FG202,20220218,20220218,112358000,11:23:58,2170,0,1038,0,0,0,0
FG202,20220218,20220218,112359000,11:23:59,2170,0,1038,0,0,0,0
FG202,20220218,20220218,112400000,11:24:00,2170,0,1038,0,0,0,0
FG202,20220218,20220218,112400500,11:24:00,2170,0,1038,0,0,0,0
FG202,20220218,20220218,112401500,11:24:01,2170,0,1038,0,0,0,0
FG202,20220218,20220218,112402000,11:24:02,2170,0,1038,0,0,0,0
FG202,20220218,20220218,112403000,11:24:03,2170,0,1038,0,0,0,0
FG202,20220218,20220218,112404000,11:24:04,2170,0,1038,0,0,0,0
FG202,20220218,20220218,112405000,11:24:05,2170,0,1038,0,0,0,0
FG202,20220218,20220218,112405500,11:24:05,2170,0,1038,0,0,0,0
FG202,20220218,20220218,112406500,11:24:06,2170,0,1038,0,0,0,0
FG202,20220218,20220218,112407000,11:24:07,2170,0,1038,0,0,0,0
FG202,20220218,20220218,112407500,11:24:08,2170,0,1038,0,0,0,0
FG202,20220218,20220218,112408000,11:24:08,2170,0,1038,0,0,0,0
FG202,20220218,20220218,112408500,11:24:08,2170,0,1038,0,0,0,0
FG202,20220218,20220218,112409000,11:24:09,2170,0,1038,0,0,0,0
FG202,20220218,20220218,112409500,11:24:11,2170,0,1038,0,0,0,0
FG202,20220218,20220218,112410000,11:24:12,2170,0,1038,0,0,0,0
FG202,20220218,20220218,112410500,11:24:12,2170,0,1038,0,0,0,0
FG202,20220218,20220218,112411000,11:24:12,2170,0,1038,0,0,0,0
FG202,20220218,20220218,112412500,11:24:13,2170,0,1038,0,0,0,0
FG202,20220218,20220218,112413000,11:24:13,2170,0,1038,0,0,0,0
FG202,20220218,20220218,112413500,11:24:14,2170,0,1038,0,0,0,0
FG202,20220218,20220218,112414500,11:24:14,2170,0,1038,0,0,0,0
FG202,20220218,20220218,112415000,11:24:15,2170,0,1038,0,0,0,0
FG202,20220218,20220218,112415500,11:24:15,2170,0,1038,0,0,0,0
FG202,20220218,20220218,112416500,11:24:16,2170,0,1038,0,0,0,0
FG202,20220218,20220218,112417000,11:24:17,2170,0,1038,0,0,0,0
FG202,20220218,20220218,112417500,11:24:18,2170,0,1038,0,0,0,0
FG202,20220218,20220218,112418000,11:24:18,2170,0,1038,0,0,0,0
FG202,20220218,20220218,112418500,11:24:19,2170,0,1038,0,0,0,0
FG202,20220218,20220218,112419000,11:24:19,2170,0,1038,0,0,0,0
FG202,20220218,20220218,112419500,11:24:19,2170,0,1038,0,0,0,0
FG202,20220218,20220218,112420000,11:24:20,2170,0,1038,0,0,0,0
FG202,20220218,20220218,112420500,11:24:20,2170,0,1038,0,0,0,0
FG202,20220218,20220218,112421000,11:24:21,2170,0,1038,0,0,0,0
FG202,20220218,20220218,112422000,11:24:22,2170,0,1038,0,0,0,0
FG202,20220218,20220218,112422500,11:24:23,2170,0,1038,0,0,0,0
FG202,20220218,20220218,112423000,11:24:23,2170,0,1038,0,0,0,0
FG202,20220218,20220218,112423500,11:24:23,2170,0,1038,0,0,0,0
FG202,20220218,20220218,112424000,11:24:24,2170,0,1038,0,0,0,0
FG202,20220218,20220218,112424500,11:24:24,2170,0,1038,0,0,0,0
FG202,20220218,20220218,112425000,11:24:25,2170,0,1038,0,0,0,0
FG202,20220218,20220218,112425500,11:24:25,2170,0,1038,0,0,0,0
FG202,20220218,20220218,112426000,11:24:26,2170,0,1038,0,0,0,0
FG202,20220218,20220218,112426500,11:24:26,2170,0,1038,0,0,0,0
FG202,20220218,20220218,112427500,11:24:28,2170,0,1038,0,0,0,0
FG202,20220218,20220218,112428000,11:24:28,2170,0,1038,0,0,0,0
FG202,20220218,20220218,112428500,11:24:28,2170,0,1038,0,0,0,0
FG202,20220218,20220218,112429000,11:24:29,2170,0,1038,0,0,0,0
FG202,20220218,20220218,112429500,11:24:29,2170,0,1038,0,0,0,0
FG202,20220218,20220218,112430000,11:24:30,2170,0,1038,0,0,0,0
FG202,20220218,20220218,112430500,11:24:30,2170,0,1038,0,0,0,0
FG202,20220218,20220218,112431500,11:24:31,2170,0,1038,0,0,0,0
FG202,20220218,20220218,112432000,11:24:32,2170,0,1038,0,0,0,0
FG202,20220218,20220218,112432500,11:24:32,2170,0,1038,0,0,0,0
FG202,20220218,20220218,112433500,11:24:33,2170,0,1038,0,0,0,0
FG202,20220218,20220218,112434500,11:24:34,2170,0,1038,0,0,0,0
FG202,20220218,20220218,112435000,11:24:35,2170,0,1038,0,0,0,0
FG202,20220218,20220218,112435500,11:24:35,2170,0,1038,0,0,0,0
FG202,20220218,20220218,112436000,11:24:36,2170,0,1038,0,0,0,0
FG202,20220218,20220218,112436500,11:24:36,2170,0,1038,0,0,0,0
FG202,20220218,20220218,112437000,11:24:37,2170,0,1038,0,0,0,0
FG202,20220218,20220218,112437500,11:24:37,2170,0,1038,0,0,0,0
FG202,20220218,20220218,112438000,11:24:39,2170,0,1038,0,0,0,0
FG202,20220218,20220218,112438500,11:24:39,2170,0,1038,0,0,0,0
FG202,20220218,20220218,112439000,11:24:40,2170,0,1038,0,0,0,0
FG202,20220218,20220218,112439500,11:24:40,2170,0,1038,0,0,0,0
FG202,20220218,20220218,112440000,11:24:40,2170,0,1038,0,0,0,0
FG202,20220218,20220218,112441000,11:24:41,2170,0,1038,0,0,0,0
FG202,20220218,20220218,112441500,11:24:41,2170,0,1038,0,0,0,0
FG202,20220218,20220218,112442000,11:24:42,2170,0,1038,0,0,0,0
FG202,20220218,20220218,112442500,11:24:42,2170,0,1038,0,0,0,0
FG202,20220218,20220218,112443000,11:24:43,2170,0,1038,0,0,0,0
FG202,20220218,20220218,112443500,11:24:43,2170,0,1038,0,0,0,0
FG202,20220218,20220218,112444000,11:24:44,2170,0,1038,0,0,0,0
FG202,20220218,20220218,112444500,11:24:44,2170,0,1038,0,0,0,0
FG202,20220218,20220218,112445000,11:24:45,2170,0,1038,0,0,0,0
FG202,20220218,20220218,112445500,11:24:45,2170,0,1038,0,0,0,0
FG202,20220218,20220218,112446000,11:24:46,2170,0,1038,0,0,0,0
FG202,20220218,20220218,112446500,11:24:46,2170,0,1038,0,0,0,0
FG202,20220218,20220218,112447000,11:24:47,2170,0,1038,0,0,0,0
FG202,20220218,20220218,112447500,11:24:47,2170,0,1038,0,0,0,0
FG202,20220218,20220218,112448000,11:24:48,2170,0,1038,0,0,0,0
FG202,20220218,20220218,112448500,11:24:48,2170,0,1038,0,0,0,0
FG202,20220218,20220218,112450000,11:24:50,2170,0,1038,0,0,0,0
FG202,20220218,20220218,112450500,11:24:50,2170,0,1038,0,0,0,0
FG202,20220218,20220218,112451000,11:24:51,2170,0,1038,0,0,0,0
FG202,20220218,20220218,112451500,11:24:51,2170,0,1038,0,0,0,0
FG202,20220218,20220218,112452000,11:24:52,2170,0,1038,0,0,0,0
FG202,20220218,20220218,112452500,11:24:52,2170,0,1038,0,0,0,0
FG202,20220218,20220218,112453000,11:24:53,2170,0,1038,0,0,0,0
FG202,20220218,20220218,112453500,11:24:53,2170,0,1038,0,0,0,0
FG202,20220218,20220218,112454000,11:24:54,2170,0,1038,0,0,0,0
FG202,20220218,20220218,112454500,11:24:54,2170,0,1038,0,0,0,0
FG202,20220218,20220218,112455500,11:24:56,2170,0,1038,0,0,0,0
FG202,20220218,20220218,112456000,11:24:56,2170,0,1038,0,0,0,0
FG202,20220218,20220218,112456500,11:24:56,2170,0,1038,0,0,0,0
FG202,20220218,20220218,112457000,11:24:57,2170,0,1038,0,0,0,0
FG202,20220218,20220218,112457500,11:24:57,2170,0,1038,0,0,0,0
FG202,20220218,20220218,112458000,11:24:58,2170,0,1038,0,0,0,0
FG202,20220218,20220218,112458500,11:24:58,2170,0,1038,0,0,0,0
FG202,20220218,20220218,112459500,11:24:59,2170,0,1038,0,0,0,0
FG202,20220218,20220218,112500000,11:25:00,2170,0,1038,0,0,0,0
FG202,20220218,20220218,112500500,11:25:01,2170,0,1038,0,0,0,0
FG202,20220218,20220218,112501500,11:25:03,2170,0,1038,0,0,0,0
FG202,20220218,20220218,112502000,11:25:05,2170,0,1038,0,0,0,0
FG202,20220218,20220218,112502500,11:25:06,2170,0,1038,0,0,0,0
FG202,20220218,20220218,112503000,11:25:06,2170,0,1038,0,0,0,0
FG202,20220218,20220218,112505000,11:25:06,2170,0,1038,0,0,0,0
FG202,20220218,20220218,112505500,11:25:06,2170,0,1038,0,0,0,0
FG202,20220218,20220218,112506000,11:25:07,2170,0,1038,0,0,0,0
FG202,20220218,20220218,112506500,11:25:07,2170,0,1038,0,0,0,0
FG202,20220218,20220218,112507000,11:25:07,2170,0,1038,0,0,0,0
FG202,20220218,20220218,112507500,11:25:07,2170,0,1038,0,0,0,0
FG202,20220218,20220218,112508000,11:25:08,2170,0,1038,0,0,0,0
FG202,20220218,20220218,112508500,11:25:08,2170,0,1038,0,0,0,0
FG202,20220218,20220218,112509000,11:25:09,2170,0,1038,0,0,0,0
FG202,20220218,20220218,112509500,11:25:09,2170,0,1038,0,0,0,0
FG202,20220218,20220218,112510000,11:25:10,2170,0,1038,0,0,0,0
FG202,20220218,20220218,112510500,11:25:10,2170,0,1038,0,0,0,0
FG202,20220218,20220218,112511000,11:25:11,2170,0,1038,0,0,0,0
FG202,20220218,20220218,112511500,11:25:11,2170,0,1038,0,0,0,0
FG202,20220218,20220218,112512000,11:25:12,2170,0,1038,0,0,0,0
FG202,20220218,20220218,112512500,11:25:12,2170,0,1038,0,0,0,0
FG202,20220218,20220218,112513000,11:25:13,2170,0,1038,0,0,0,0
FG202,20220218,20220218,112513500,11:25:15,2170,0,1038,0,0,0,0
FG202,20220218,20220218,112514000,11:25:15,2170,0,1038,0,0,0,0
FG202,20220218,20220218,112514500,11:25:15,2170,0,1038,0,0,0,0
FG202,20220218,20220218,112515000,11:25:16,2170,0,1038,0,0,0,0
FG202,20220218,20220218,112515500,11:25:16,2170,0,1038,0,0,0,0
FG202,20220218,20220218,112516000,11:25:16,2170,0,1038,0,0,0,0
FG202,20220218,20220218,112516500,11:25:16,2170,0,1038,0,0,0,0
FG202,20220218,20220218,112517000,11:25:17,2170,0,1038,0,0,0,0
FG202,20220218,20220218,112518500,11:25:19,2170,0,1038,0,0,0,0
FG202,20220218,20220218,112519000,11:25:19,2170,0,1038,0,0,0,0
FG202,20220218,20220218,112519500,11:25:19,2170,0,1038,0,0,0,0
FG202,20220218,20220218,112520000,11:25:20,2170,0,1038,0,0,0,0
FG202,20220218,20220218,112520500,11:25:21,2170,0,1038,0,0,0,0
FG202,20220218,20220218,112521000,11:25:21,2170,0,1038,0,0,0,0
FG202,20220218,20220218,112521500,11:25:22,2170,0,1038,0,0,0,0
FG202,20220218,20220218,112522000,11:25:22,2170,0,1038,0,0,0,0
FG202,20220218,20220218,112522500,11:25:22,2170,0,1038,0,0,0,0
FG202,20220218,20220218,112523500,11:25:24,2170,0,1038,0,0,0,0
FG202,20220218,20220218,112524000,11:25:25,2170,0,1038,0,0,0,0
FG202,20220218,20220218,112524500,11:25:25,2170,0,1038,0,0,0,0
FG202,20220218,20220218,112525000,11:25:25,2170,0,1038,0,0,0,0
FG202,20220218,20220218,112525500,11:25:26,2170,0,1038,0,0,0,0
FG202,20220218,20220218,112526000,11:25:26,2170,0,1038,0,0,0,0
FG202,20220218,20220218,112526500,11:25:27,2170,0,1038,0,0,0,0
FG202,20220218,20220218,112527000,11:25:27,2170,0,1038,0,0,0,0
FG202,20220218,20220218,112527500,11:25:28,2170,0,1038,0,0,0,0
FG202,20220218,20220218,112528000,11:25:28,2170,0,1038,0,0,0,0
FG202,20220218,20220218,112528500,11:25:28,2170,0,1038,0,0,0,0
FG202,20220218,20220218,112529000,11:25:29,2170,0,1038,0,0,0,0
FG202,20220218,20220218,112530000,11:25:30,2170,0,1038,0,0,0,0
FG202,20220218,20220218,112530500,11:25:31,2170,0,1038,0,0,0,0
FG202,20220218,20220218,112531000,11:25:31,2170,0,1038,0,0,0,0
FG202,20220218,20220218,112531500,11:25:32,2170,0,1038,0,0,0,0
FG202,20220218,20220218,112532000,11:25:32,2170,0,1038,0,0,0,0
FG202,20220218,20220218,112532500,11:25:33,2170,0,1038,0,0,0,0
FG202,20220218,20220218,112533000,11:25:33,2170,0,1038,0,0,0,0
FG202,20220218,20220218,112534500,11:25:34,2170,0,1038,0,0,0,0
FG202,20220218,20220218,112535500,11:25:37,2170,0,1038,0,0,0,0
FG202,20220218,20220218,112536000,11:25:37,2170,0,1038,0,0,0,0
FG202,20220218,20220218,112536500,11:25:37,2170,0,1038,0,0,0,0
FG202,20220218,20220218,112537000,11:25:37,2170,0,1038,0,0,0,0
FG202,20220218,20220218,112537500,11:25:38,2170,0,1038,0,0,0,0
FG202,20220218,20220218,112538500,11:25:39,2170,0,1038,0,0,0,0
FG202,20220218,20220218,112539000,11:25:39,2170,0,1038,0,0,0,0
FG202,20220218,20220218,112539500,11:25:40,2170,0,1038,0,0,0,0
FG202,20220218,20220218,112540000,11:25:40,2170,0,1038,0,0,0,0
FG202,20220218,20220218,112540500,11:25:40,2170,0,1038,0,0,0,0
FG202,20220218,20220218,112541000,11:25:41,2170,0,1038,0,0,0,0
FG202,20220218,20220218,112541500,11:25:41,2170,0,1038,0,0,0,0
FG202,20220218,20220218,112542000,11:25:42,2170,0,1038,0,0,0,0
FG202,20220218,20220218,112543000,11:25:43,2170,0,1038,0,0,0,0
FG202,20220218,20220218,112543500,11:25:43,2170,0,1038,0,0,0,0
FG202,20220218,20220218,112544000,11:25:44,2170,0,1038,0,0,0,0
FG202,20220218,20220218,112544500,11:25:44,2170,0,1038,0,0,0,0
FG202,20220218,20220218,112545000,11:25:45,2170,0,1038,0,0,0,0
FG202,20220218,20220218,112546000,11:25:47,2170,0,1038,0,0,0,0
FG202,20220218,20220218,112546500,11:25:48,2170,0,1038,0,0,0,0
FG202,20220218,20220218,112547000,11:25:48,2170,0,1038,0,0,0,0
FG202,20220218,20220218,112547500,11:25:48,2170,0,1038,0,0,0,0
FG202,20220218,20220218,112548000,11:25:48,2170,0,1038,0,0,0,0
FG202,20220218,20220218,112548500,11:25:48,2170,0,1038,0,0,0,0
FG202,20220218,20220218,112549000,11:25:49,2170,0,1038,0,0,0,0
FG202,20220218,20220218,112550000,11:25:50,2170,0,1038,0,0,0,0
FG202,20220218,20220218,112550500,11:25:50,2170,0,1038,0,0,0,0
FG202,20220218,20220218,112551000,11:25:51,2170,0,1038,0,0,0,0
FG202,20220218,20220218,112551500,11:25:51,2170,0,1038,0,0,0,0
FG202,20220218,20220218,112552500,11:25:52,2170,0,1038,0,0,0,0
FG202,20220218,20220218,112553000,11:25:53,2170,0,1038,0,0,0,0
FG202,20220218,20220218,112553500,11:25:54,2170,0,1038,0,0,0,0
FG202,20220218,20220218,112554000,11:25:54,2170,0,1038,0,0,0,0
FG202,20220218,20220218,112554500,11:25:54,2170,0,1038,0,0,0,0
FG202,20220218,20220218,112555000,11:25:55,2170,0,1038,0,0,0,0
FG202,20220218,20220218,112555500,11:25:56,2170,0,1038,0,0,0,0
FG202,20220218,20220218,112556000,11:25:57,2170,0,1038,0,0,0,0
FG202,20220218,20220218,112556500,11:25:57,2170,0,1038,0,0,0,0
FG202,20220218,20220218,112557000,11:25:57,2170,0,1038,0,0,0,0
FG202,20220218,20220218,112557500,11:25:57,2170,0,1038,0,0,0,0
FG202,20220218,20220218,112558000,11:25:59,2170,0,1038,0,0,0,0
FG202,20220218,20220218,112558500,11:25:59,2170,0,1038,0,0,0,0
FG202,20220218,20220218,112559000,11:26:00,2170,0,1038,0,0,0,0
FG202,20220218,20220218,112559500,11:26:00,2170,0,1038,0,0,0,0
FG202,20220218,20220218,112600000,11:26:00,2170,0,1038,0,0,0,0
FG202,20220218,20220218,112600500,11:26:00,2170,0,1038,0,0,0,0
FG202,20220218,20220218,112601000,11:26:01,2170,0,1038,0,0,0,0
FG202,20220218,20220218,112601500,11:26:01,2170,0,1038,0,0,0,0
FG202,20220218,20220218,112602000,11:26:03,2170,0,1038,0,0,0,0
FG202,20220218,20220218,112602500,11:26:03,2170,0,1038,0,0,0,0
FG202,20220218,20220218,112603000,11:26:03,2170,0,1038,0,0,0,0
FG202,20220218,20220218,112603500,11:26:03,2170,0,1038,0,0,0,0
FG202,20220218,20220218,112604000,11:26:04,2170,0,1038,0,0,0,0
FG202,20220218,20220218,112604500,11:26:05,2170,0,1038,0,0,0,0
FG202,20220218,20220218,112605000,11:26:05,2170,0,1038,0,0,0,0
FG202,20220218,20220218,112605500,11:26:05,2170,0,1038,0,0,0,0
FG202,20220218,20220218,112606000,11:26:06,2170,0,1038,0,0,0,0
FG202,20220218,20220218,112606500,11:26:06,2170,0,1038,0,0,0,0
FG202,20220218,20220218,112607000,11:26:09,2170,0,1038,0,0,0,0
FG202,20220218,20220218,112607500,11:26:09,2170,0,1038,0,0,0,0
FG202,20220218,20220218,112608000,11:26:09,2170,0,1038,0,0,0,0
FG202,20220218,20220218,112609000,11:26:09,2170,0,1038,0,0,0,0
FG202,20220218,20220218,112609500,11:26:10,2170,0,1038,0,0,0,0
FG202,20220218,20220218,112610000,11:26:10,2170,0,1038,0,0,0,0
FG202,20220218,20220218,112610500,11:26:10,2170,0,1038,0,0,0,0
FG202,20220218,20220218,112611000,11:26:11,2170,0,1038,0,0,0,0
FG202,20220218,20220218,112611500,11:26:11,2170,0,1038,0,0,0,0
FG202,20220218,20220218,112612000,11:26:14,2170,0,1038,0,0,0,0
FG202,20220218,20220218,112613000,11:26:15,2170,0,1038,0,0,0,0
FG202,20220218,20220218,112614000,11:26:15,2170,0,1038,0,0,0,0
FG202,20220218,20220218,112614500,11:26:15,2170,0,1038,0,0,0,0
FG202,20220218,20220218,112615000,11:26:16,2170,0,1038,0,0,0,0
FG202,20220218,20220218,112615500,11:26:16,2170,0,1038,0,0,0,0
FG202,20220218,20220218,112616000,11:26:16,2170,0,1038,0,0,0,0
FG202,20220218,20220218,112616500,11:26:16,2170,0,1038,0,0,0,0
FG202,20220218,20220218,112617000,11:26:17,2170,0,1038,0,0,0,0
FG202,20220218,20220218,112617500,11:26:17,2170,0,1038,0,0,0,0
FG202,20220218,20220218,112618000,11:26:18,2170,0,1038,0,0,0,0
FG202,20220218,20220218,112618500,11:26:18,2170,0,1038,0,0,0,0
FG202,20220218,20220218,112619000,11:26:19,2170,0,1038,0,0,0,0
FG202,20220218,20220218,112619500,11:26:20,2170,0,1038,0,0,0,0
FG202,20220218,20220218,112620000,11:26:20,2170,0,1038,0,0,0,0
FG202,20220218,20220218,112620500,11:26:20,2170,0,1038,0,0,0,0
FG202,20220218,20220218,112621000,11:26:21,2170,0,1038,0,0,0,0
FG202,20220218,20220218,112622500,11:26:22,2170,0,1038,0,0,0,0
FG202,20220218,20220218,112623000,11:26:23,2170,0,1038,0,0,0,0
FG202,20220218,20220218,112624000,11:26:24,2170,0,1038,0,0,0,0
FG202,20220218,20220218,112624500,11:26:24,2170,0,1038,0,0,0,0
FG202,20220218,20220218,112625000,11:26:25,2170,0,1038,0,0,0,0
FG202,20220218,20220218,112625500,11:26:25,2170,0,1038,0,0,0,0
FG202,20220218,20220218,112626000,11:26:26,2170,0,1038,0,0,0,0
FG202,20220218,20220218,112626500,11:26:26,2170,0,1038,0,0,0,0
FG202,20220218,20220218,112627000,11:26:27,2170,0,1038,0,0,0,0
FG202,20220218,20220218,112627500,11:26:27,2170,0,1038,0,0,0,0
FG202,20220218,20220218,112628000,11:26:28,2170,0,1038,0,0,0,0
FG202,20220218,20220218,112628500,11:26:28,2170,0,1038,0,0,0,0
FG202,20220218,20220218,112629000,11:26:29,2170,0,1038,0,0,0,0
FG202,20220218,20220218,112629500,11:26:30,2170,0,1038,0,0,0,0
FG202,20220218,20220218,112630000,11:26:31,2170,0,1038,0,0,0,0
FG202,20220218,20220218,112630500,11:26:31,2170,0,1038,0,0,0,0
FG202,20220218,20220218,112631000,11:26:31,2170,0,1038,0,0,0,0
FG202,20220218,20220218,112632000,11:26:32,2170,0,1038,0,0,0,0
FG202,20220218,20220218,112632500,11:26:32,2170,0,1038,0,0,0,0
FG202,20220218,20220218,112633000,11:26:33,2170,0,1038,0,0,0,0
FG202,20220218,20220218,112633500,11:26:34,2170,0,1038,0,0,0,0
FG202,20220218,20220218,112634000,11:26:34,2170,0,1038,0,0,0,0
FG202,20220218,20220218,112634500,11:26:37,2170,0,1038,0,0,0,0
FG202,20220218,20220218,112635000,11:26:37,2170,0,1038,0,0,0,0
FG202,20220218,20220218,112635500,11:26:37,2170,0,1038,0,0,0,0
FG202,20220218,20220218,112636000,11:26:38,2170,0,1038,0,0,0,0
FG202,20220218,20220218,112637000,11:26:38,2170,0,1038,0,0,0,0
FG202,20220218,20220218,112637500,11:26:54,2170,0,1038,0,0,0,0
FG202,20220218,20220218,112638000,11:27:10,2170,0,1038,0,0,0,0
FG202,20220218,20220218,112638500,11:27:10,2170,0,1038,0,0,0,0
FG202,20220218,20220218,112653000,11:27:10,2170,0,1038,0,0,0,0
FG202,20220218,20220218,112710000,11:27:12,2170,0,1038,0,0,0,0
FG202,20220218,20220218,112710500,11:27:12,2170,0,1038,0,0,0,0
FG202,20220218,20220218,112712000,11:27:12,2170,0,1038,0,0,0,0
FG202,20220218,20220218,112712500,11:27:13,2170,0,1038,0,0,0,0
FG202,20220218,20220218,112714000,11:27:14,2170,0,1038,0,0,0,0
FG202,20220218,20220218,112714500,11:27:15,2170,0,1038,0,0,0,0
FG202,20220218,20220218,112715000,11:27:15,2170,0,1038,0,0,0,0
FG202,20220218,20220218,112715500,11:27:16,2170,0,1038,0,0,0,0
FG202,20220218,20220218,112716000,11:27:17,2170,0,1038,0,0,0,0
FG202,20220218,20220218,112716500,11:27:17,2170,0,1038,0,0,0,0
FG202,20220218,20220218,112717000,11:27:17,2170,0,1038,0,0,0,0
FG202,20220218,20220218,112717500,11:27:17,2170,0,1038,0,0,0,0
FG202,20220218,20220218,112720000,11:27:20,2170,0,1038,0,0,0,0
FG202,20220218,20220218,112720500,11:27:21,2170,0,1038,0,0,0,0
FG202,20220218,20220218,112721000,11:27:21,2170,0,1038,0,0,0,0
FG202,20220218,20220218,112721500,11:27:22,2170,0,1038,0,0,0,0
FG202,20220218,20220218,112722000,11:27:22,2170,0,1038,0,0,0,0
FG202,20220218,20220218,112722500,11:27:23,2170,0,1038,0,0,0,0
FG202,20220218,20220218,112723000,11:27:26,2170,0,1038,0,0,0,0
FG202,20220218,20220218,112723500,11:27:27,2170,0,1038,0,0,0,0
FG202,20220218,20220218,112724000,11:27:27,2170,0,1038,0,0,0,0
FG202,20220218,20220218,112726500,11:27:27,2170,0,1038,0,0,0,0
FG202,20220218,20220218,112727000,11:27:27,2170,0,1038,0,0,0,0
FG202,20220218,20220218,112727500,11:27:27,2170,0,1038,0,0,0,0
FG202,20220218,20220218,112728000,11:27:28,2170,0,1038,0,0,0,0
FG202,20220218,20220218,112728500,11:27:28,2170,0,1038,0,0,0,0
FG202,20220218,20220218,112729000,11:27:29,2170,0,1038,0,0,0,0
FG202,20220218,20220218,112729500,11:27:29,2170,0,1038,0,0,0,0
FG202,20220218,20220218,112730000,11:27:30,2170,0,1038,0,0,0,0
FG202,20220218,20220218,112730500,11:27:31,2170,0,1038,0,0,0,0
FG202,20220218,20220218,112731500,11:27:35,2170,0,1038,0,0,0,0
FG202,20220218,20220218,112732000,11:27:35,2170,0,1038,0,0,0,0
FG202,20220218,20220218,112732500,11:27:36,2170,0,1038,0,0,0,0
FG202,20220218,20220218,112735000,11:27:36,2170,0,1038,0,0,0,0
FG202,20220218,20220218,112736000,11:27:36,2170,0,1038,0,0,0,0
FG202,20220218,20220218,112736500,11:27:38,2170,0,1038,0,0,0,0
FG202,20220218,20220218,112737000,11:27:38,2170,0,1038,0,0,0,0
FG202,20220218,20220218,112737500,11:27:38,2170,0,1038,0,0,0,0
FG202,20220218,20220218,112738000,11:27:38,2170,0,1038,0,0,0,0
FG202,20220218,20220218,112738500,11:27:39,2170,0,1038,0,0,0,0
FG202,20220218,20220218,112739000,11:27:39,2170,0,1038,0,0,0,0
FG202,20220218,20220218,112739500,11:27:39,2170,0,1038,0,0,0,0
FG202,20220218,20220218,112740000,11:27:40,2170,0,1038,0,0,0,0
FG202,20220218,20220218,112740500,11:27:40,2170,0,1038,0,0,0,0
FG202,20220218,20220218,112741000,11:27:41,2170,0,1038,0,0,0,0
FG202,20220218,20220218,112741500,11:27:41,2170,0,1038,0,0,0,0
FG202,20220218,20220218,112742000,11:27:42,2170,0,1038,0,0,0,0
FG202,20220218,20220218,112742500,11:27:43,2170,0,1038,0,0,0,0
FG202,20220218,20220218,112743000,11:27:43,2170,0,1038,0,0,0,0
FG202,20220218,20220218,112743500,11:27:43,2170,0,1038,0,0,0,0
FG202,20220218,20220218,112744500,11:27:45,2170,0,1038,0,0,0,0
FG202,20220218,20220218,112745000,11:27:45,2170,0,1038,0,0,0,0
FG202,20220218,20220218,112746000,11:27:46,2170,0,1038,0,0,0,0
FG202,20220218,20220218,112746500,11:27:47,2170,0,1038,0,0,0,0
FG202,20220218,20220218,112747000,11:27:47,2170,0,1038,0,0,0,0
FG202,20220218,20220218,112747500,11:27:47,2170,0,1038,0,0,0,0
FG202,20220218,20220218,112748000,11:27:49,2170,0,1038,0,0,0,0
FG202,20220218,20220218,112748500,11:27:54,2170,0,1038,0,0,0,0
FG202,20220218,20220218,112749000,11:27:54,2170,0,1038,0,0,0,0
FG202,20220218,20220218,112749500,11:27:54,2170,0,1038,0,0,0,0
FG202,20220218,20220218,112754000,11:27:54,2170,0,1038,0,0,0,0
FG202,20220218,20220218,112754500,11:27:55,2170,0,1038,0,0,0,0
FG202,20220218,20220218,112755000,11:27:55,2170,0,1038,0,0,0,0
FG202,20220218,20220218,112755500,11:27:55,2170,0,1038,0,0,0,0
FG202,20220218,20220218,112756500,11:27:56,2170,0,1038,0,0,0,0
FG202,20220218,20220218,112757000,11:27:57,2170,0,1038,0,0,0,0
FG202,20220218,20220218,112757500,11:27:57,2170,0,1038,0,0,0,0
FG202,20220218,20220218,112758000,11:27:58,2170,0,1038,0,0,0,0
FG202,20220218,20220218,112758500,11:27:59,2170,0,1038,0,0,0,0
FG202,20220218,20220218,112759000,11:27:59,2170,0,1038,0,0,0,0
FG202,20220218,20220218,112759500,11:27:59,2170,0,1038,0,0,0,0
FG202,20220218,20220218,112800000,11:28:00,2170,0,1038,0,0,0,0
FG202,20220218,20220218,112801000,11:28:01,2170,0,1038,0,0,0,0
FG202,20220218,20220218,112801500,11:28:02,2170,0,1038,0,0,0,0
FG202,20220218,20220218,112802000,11:28:03,2170,0,1038,0,0,0,0
FG202,20220218,20220218,112802500,11:28:03,2170,0,1038,0,0,0,0
FG202,20220218,20220218,112803000,11:28:04,2170,0,1038,0,0,0,0
FG202,20220218,20220218,112804000,11:28:04,2170,0,1038,0,0,0,0
FG202,20220218,20220218,112804500,11:28:05,2170,0,1038,0,0,0,0
FG202,20220218,20220218,112805000,11:28:06,2170,0,1038,0,0,0,0
FG202,20220218,20220218,112805500,11:28:06,2170,0,1038,0,0,0,0
FG202,20220218,20220218,112806000,11:28:08,2170,0,1038,0,0,0,0
FG202,20220218,20220218,112806500,11:28:10,2170,0,1038,0,0,0,0
FG202,20220218,20220218,112807000,11:28:10,2170,0,1038,0,0,0,0
FG202,20220218,20220218,112807500,11:28:11,2170,0,1038,0,0,0,0
FG202,20220218,20220218,112810000,11:28:11,2170,0,1038,0,0,0,0
FG202,20220218,20220218,112810500,11:28:11,2170,0,1038,0,0,0,0
FG202,20220218,20220218,112811000,11:28:12,2170,0,1038,0,0,0,0
FG202,20220218,20220218,112811500,11:28:12,2170,0,1038,0,0,0,0
FG202,20220218,20220218,112812000,11:28:12,2170,0,1038,0,0,0,0
FG202,20220218,20220218,112812500,11:28:13,2170,0,1038,0,0,0,0
FG202,20220218,20220218,112813000,11:28:13,2170,0,1038,0,0,0,0
FG202,20220218,20220218,112813500,11:28:13,2170,0,1038,0,0,0,0
FG202,20220218,20220218,112814000,11:28:14,2170,0,1038,0,0,0,0
FG202,20220218,20220218,112814500,11:28:14,2170,0,1038,0,0,0,0
FG202,20220218,20220218,112815000,11:28:15,2170,0,1038,0,0,0,0
FG202,20220218,20220218,112815500,11:28:15,2170,0,1038,0,0,0,0
FG202,20220218,20220218,112816000,11:28:16,2170,0,1038,0,0,0,0
FG202,20220218,20220218,112816500,11:28:16,2170,0,1038,0,0,0,0
FG202,20220218,20220218,112817000,11:28:17,2170,0,1038,0,0,0,0
FG202,20220218,20220218,112817500,11:28:17,2170,0,1038,0,0,0,0
FG202,20220218,20220218,112818000,11:28:18,2170,0,1038,0,0,0,0
FG202,20220218,20220218,112818500,11:28:18,2170,0,1038,0,0,0,0
FG202,20220218,20220218,112819000,11:28:19,2170,0,1038,0,0,0,0
FG202,20220218,20220218,112819500,11:28:19,2170,0,1038,0,0,0,0
FG202,20220218,20220218,112820000,11:28:20,2170,0,1038,0,0,0,0
FG202,20220218,20220218,112820500,11:28:20,2170,0,1038,0,0,0,0
FG202,20220218,20220218,112821000,11:28:21,2170,0,1038,0,0,0,0
FG202,20220218,20220218,112821500,11:28:22,2170,0,1038,0,0,0,0
FG202,20220218,20220218,112822000,11:28:22,2170,0,1038,0,0,0,0
FG202,20220218,20220218,112822500,11:28:22,2170,0,1038,0,0,0,0
FG202,20220218,20220218,112823000,11:28:23,2170,0,1038,0,0,0,0
FG202,20220218,20220218,112823500,11:28:23,2170,0,1038,0,0,0,0
FG202,20220218,20220218,112824000,11:28:24,2170,0,1038,0,0,0,0
FG202,20220218,20220218,112824500,11:28:24,2170,0,1038,0,0,0,0
FG202,20220218,20220218,112825000,11:28:25,2170,0,1038,0,0,0,0
FG202,20220218,20220218,112825500,11:28:25,2170,0,1038,0,0,0,0
FG202,20220218,20220218,112826000,11:28:26,2170,0,1038,0,0,0,0
FG202,20220218,20220218,112826500,11:28:26,2170,0,1038,0,0,0,0
FG202,20220218,20220218,112827000,11:28:27,2170,0,1038,0,0,0,0
FG202,20220218,20220218,112827500,11:28:27,2170,0,1038,0,0,0,0
FG202,20220218,20220218,112828000,11:28:28,2170,0,1038,0,0,0,0
FG202,20220218,20220218,112828500,11:28:28,2170,0,1038,0,0,0,0
FG202,20220218,20220218,112829000,11:28:29,2170,0,1038,0,0,0,0
FG202,20220218,20220218,112829500,11:28:29,2170,0,1038,0,0,0,0
FG202,20220218,20220218,112830000,11:28:30,2170,0,1038,0,0,0,0
FG202,20220218,20220218,112830500,11:28:31,2170,0,1038,0,0,0,0
FG202,20220218,20220218,112831000,11:28:31,2170,0,1038,0,0,0,0
FG202,20220218,20220218,112831500,11:28:31,2170,0,1038,0,0,0,0
FG202,20220218,20220218,112832000,11:28:32,2170,0,1038,0,0,0,0
FG202,20220218,20220218,112832500,11:28:33,2170,0,1038,0,0,0,0
FG202,20220218,20220218,112833000,11:28:33,2170,0,1038,0,0,0,0
FG202,20220218,20220218,112833500,11:28:33,2170,0,1038,0,0,0,0
FG202,20220218,20220218,112834000,11:28:34,2170,0,1038,0,0,0,0
FG202,20220218,20220218,112834500,11:28:34,2170,0,1038,0,0,0,0
FG202,20220218,20220218,112835000,11:28:35,2170,0,1038,0,0,0,0
FG202,20220218,20220218,112835500,11:28:36,2170,0,1038,0,0,0,0
FG202,20220218,20220218,112836000,11:28:37,2170,0,1038,0,0,0,0
FG202,20220218,20220218,112836500,11:28:37,2170,0,1038,0,0,0,0
FG202,20220218,20220218,112837000,11:28:37,2170,0,1038,0,0,0,0
FG202,20220218,20220218,112837500,11:28:37,2170,0,1038,0,0,0,0
FG202,20220218,20220218,112838000,11:28:38,2170,0,1038,0,0,0,0
FG202,20220218,20220218,112838500,11:28:38,2170,0,1038,0,0,0,0
FG202,20220218,20220218,112839000,11:28:39,2170,0,1038,0,0,0,0
FG202,20220218,20220218,112840000,11:28:40,2170,0,1038,0,0,0,0
FG202,20220218,20220218,112840500,11:28:40,2170,0,1038,0,0,0,0
FG202,20220218,20220218,112841000,11:28:41,2170,0,1038,0,0,0,0
FG202,20220218,20220218,112841500,11:28:41,2170,0,1038,0,0,0,0
FG202,20220218,20220218,112842000,11:28:42,2170,0,1038,0,0,0,0
FG202,20220218,20220218,112842500,11:28:42,2170,0,1038,0,0,0,0
FG202,20220218,20220218,112843000,11:28:43,2170,0,1038,0,0,0,0
FG202,20220218,20220218,112844000,11:28:44,2170,0,1038,0,0,0,0
FG202,20220218,20220218,112844500,11:28:44,2170,0,1038,0,0,0,0
FG202,20220218,20220218,112845000,11:28:45,2170,0,1038,0,0,0,0
FG202,20220218,20220218,112845500,11:28:45,2170,0,1038,0,0,0,0
FG202,20220218,20220218,112846000,11:28:46,2170,0,1038,0,0,0,0
FG202,20220218,20220218,112846500,11:28:46,2170,0,1038,0,0,0,0
FG202,20220218,20220218,112847000,11:28:47,2170,0,1038,0,0,0,0
FG202,20220218,20220218,112847500,11:28:47,2170,0,1038,0,0,0,0
FG202,20220218,20220218,112848000,11:28:48,2170,0,1038,0,0,0,0
FG202,20220218,20220218,112848500,11:28:48,2170,0,1038,0,0,0,0
FG202,20220218,20220218,112849000,11:28:49,2170,0,1038,0,0,0,0
FG202,20220218,20220218,112849500,11:28:50,2170,0,1038,0,0,0,0
FG202,20220218,20220218,112850000,11:28:50,2170,0,1038,0,0,0,0
FG202,20220218,20220218,112850500,11:28:50,2170,0,1038,0,0,0,0
FG202,20220218,20220218,112851000,11:28:51,2170,0,1038,0,0,0,0
FG202,20220218,20220218,112851500,11:28:51,2170,0,1038,0,0,0,0
FG202,20220218,20220218,112852000,11:28:52,2170,0,1038,0,0,0,0
FG202,20220218,20220218,112852500,11:28:53,2170,0,1038,0,0,0,0
FG202,20220218,20220218,112853000,11:28:54,2170,0,1038,0,0,0,0
FG202,20220218,20220218,112853500,11:28:54,2170,0,1038,0,0,0,0
FG202,20220218,20220218,112854000,11:28:54,2170,0,1038,0,0,0,0
FG202,20220218,20220218,112855500,11:28:56,2170,0,1038,0,0,0,0
FG202,20220218,20220218,112856000,11:28:56,2170,0,1038,0,0,0,0
FG202,20220218,20220218,112856500,11:28:56,2170,0,1038,0,0,0,0
FG202,20220218,20220218,112857000,11:28:57,2170,0,1038,0,0,0,0
FG202,20220218,20220218,112857500,11:28:58,2170,0,1038,0,0,0,0
FG202,20220218,20220218,112858500,11:28:59,2170,0,1038,0,0,0,0
FG202,20220218,20220218,112859000,11:28:59,2170,0,1038,0,0,0,0
FG202,20220218,20220218,112859500,11:29:00,2170,0,1038,0,0,0,0
FG202,20220218,20220218,112900000,11:29:00,2170,0,1038,0,0,0,0
FG202,20220218,20220218,112900500,11:29:01,2170,0,1038,0,0,0,0
FG202,20220218,20220218,112901000,11:29:01,2170,0,1038,0,0,0,0
FG202,20220218,20220218,112901500,11:29:02,2170,0,1038,0,0,0,0
FG202,20220218,20220218,112902000,11:29:02,2170,0,1038,0,0,0,0
FG202,20220218,20220218,112902500,11:29:03,2170,0,1038,0,0,0,0
FG202,20220218,20220218,112903000,11:29:03,2170,0,1038,0,0,0,0
FG202,20220218,20220218,112903500,11:29:03,2170,0,1038,0,0,0,0
FG202,20220218,20220218,112904000,11:29:04,2170,0,1038,0,0,0,0
FG202,20220218,20220218,112904500,11:29:04,2170,0,1038,0,0,0,0
FG202,20220218,20220218,112905000,11:29:05,2170,0,1038,0,0,0,0
FG202,20220218,20220218,112905500,11:29:06,2170,0,1038,0,0,0,0
FG202,20220218,20220218,112906000,11:29:06,2170,0,1038,0,0,0,0
FG202,20220218,20220218,112906500,11:29:06,2170,0,1038,0,0,0,0
FG202,20220218,20220218,112907000,11:29:07,2170,0,1038,0,0,0,0
FG202,20220218,20220218,112907500,11:29:08,2170,0,1038,0,0,0,0
FG202,20220218,20220218,112908000,11:29:08,2170,0,1038,0,0,0,0
FG202,20220218,20220218,112908500,11:29:08,2170,0,1038,0,0,0,0
FG202,20220218,20220218,112909000,11:29:09,2170,0,1038,0,0,0,0
FG202,20220218,20220218,112909500,11:29:09,2170,0,1038,0,0,0,0
FG202,20220218,20220218,112910000,11:29:10,2170,0,1038,0,0,0,0
FG202,20220218,20220218,112910500,11:29:10,2170,0,1038,0,0,0,0
FG202,20220218,20220218,112911000,11:29:11,2170,0,1038,0,0,0,0
FG202,20220218,20220218,112911500,11:29:12,2170,0,1038,0,0,0,0
FG202,20220218,20220218,112912000,11:29:12,2170,0,1038,0,0,0,0
FG202,20220218,20220218,112912500,11:29:12,2170,0,1038,0,0,0,0
FG202,20220218,20220218,112913000,11:29:13,2170,0,1038,0,0,0,0
FG202,20220218,20220218,112913500,11:29:14,2170,0,1038,0,0,0,0
FG202,20220218,20220218,112914000,11:29:14,2170,0,1038,0,0,0,0
FG202,20220218,20220218,112914500,11:29:14,2170,0,1038,0,0,0,0
FG202,20220218,20220218,112915000,11:29:15,2170,0,1038,0,0,0,0
FG202,20220218,20220218,112915500,11:29:16,2170,0,1038,0,0,0,0
FG202,20220218,20220218,112916000,11:29:16,2170,0,1038,0,0,0,0
FG202,20220218,20220218,112916500,11:29:16,2170,0,1038,0,0,0,0
FG202,20220218,20220218,112917000,11:29:20,2170,0,1038,0,0,0,0
FG202,20220218,20220218,112917500,11:29:20,2170,0,1038,0,0,0,0
FG202,20220218,20220218,112918000,11:29:21,2170,0,1038,0,0,0,0
FG202,20220218,20220218,112920500,11:29:21,2170,0,1038,0,0,0,0
FG202,20220218,20220218,112921000,11:29:22,2170,0,1038,0,0,0,0
FG202,20220218,20220218,112921500,11:29:24,2170,0,1038,0,0,0,0
FG202,20220218,20220218,112922000,11:29:24,2170,0,1038,0,0,0,0
FG202,20220218,20220218,112922500,11:29:24,2170,0,1038,0,0,0,0
FG202,20220218,20220218,112923000,11:29:24,2170,0,1038,0,0,0,0
FG202,20220218,20220218,112924000,11:29:24,2170,0,1038,0,0,0,0
FG202,20220218,20220218,112924500,11:29:24,2170,0,1038,0,0,0,0
FG202,20220218,20220218,112925000,11:29:25,2170,0,1038,0,0,0,0
FG202,20220218,20220218,112925500,11:29:25,2170,0,1038,0,0,0,0
FG202,20220218,20220218,112926000,11:29:26,2170,0,1038,0,0,0,0
FG202,20220218,20220218,112926500,11:29:26,2170,0,1038,0,0,0,0
FG202,20220218,20220218,112927000,11:29:27,2170,0,1038,0,0,0,0
FG202,20220218,20220218,112927500,11:29:27,2170,0,1038,0,0,0,0
FG202,20220218,20220218,112928000,11:29:28,2170,0,1038,0,0,0,0
FG202,20220218,20220218,112928500,11:29:28,2170,0,1038,0,0,0,0
FG202,20220218,20220218,112929000,11:29:29,2170,0,1038,0,0,0,0
FG202,20220218,20220218,112929500,11:29:29,2170,0,1038,0,0,0,0
FG202,20220218,20220218,112930000,11:29:30,2170,0,1038,0,0,0,0
FG202,20220218,20220218,112930500,11:29:30,2170,0,1038,0,0,0,0
FG202,20220218,20220218,112931000,11:29:32,2170,0,1038,0,0,0,0
FG202,20220218,20220218,112931500,11:29:32,2170,0,1038,0,0,0,0
FG202,20220218,20220218,112932500,11:29:36,2170,0,1038,0,0,0,0
FG202,20220218,20220218,112933000,11:29:37,2170,0,1038,0,0,0,0
FG202,20220218,20220218,112933500,11:29:38,2170,0,1038,0,0,0,0
FG202,20220218,20220218,112936500,11:29:38,2170,0,1038,0,0,0,0
FG202,20220218,20220218,112937000,11:29:38,2170,0,1038,0,0,0,0
FG202,20220218,20220218,112937500,11:29:38,2170,0,1038,0,0,0,0
FG202,20220218,20220218,112938000,11:29:38,2170,0,1038,0,0,0,0
FG202,20220218,20220218,112938500,11:29:39,2170,0,1038,0,0,0,0
FG202,20220218,20220218,112939000,11:29:39,2170,0,1038,0,0,0,0
FG202,20220218,20220218,112939500,11:29:39,2170,0,1038,0,0,0,0
FG202,20220218,20220218,112940000,11:29:40,2170,0,1038,0,0,0,0
FG202,20220218,20220218,112940500,11:29:40,2170,0,1038,0,0,0,0
FG202,20220218,20220218,112941000,11:29:41,2170,0,1038,0,0,0,0
FG202,20220218,20220218,112941500,11:29:42,2170,0,1038,0,0,0,0
FG202,20220218,20220218,112942000,11:29:42,2170,0,1038,0,0,0,0
FG202,20220218,20220218,112942500,11:29:44,2170,0,1038,0,0,0,0
FG202,20220218,20220218,112943000,11:29:45,2170,0,1038,0,0,0,0
FG202,20220218,20220218,112943500,11:29:45,2170,0,1038,0,0,0,0
FG202,20220218,20220218,112944000,11:29:45,2170,0,1038,0,0,0,0
FG202,20220218,20220218,112944500,11:29:45,2170,0,1038,0,0,0,0
FG202,20220218,20220218,112945500,11:29:46,2170,0,1038,0,0,0,0
FG202,20220218,20220218,112946000,11:29:46,2170,0,1038,0,0,0,0
FG202,20220218,20220218,112946500,11:29:47,2170,0,1038,0,0,0,0
FG202,20220218,20220218,112947000,11:29:47,2170,0,1038,0,0,0,0
FG202,20220218,20220218,112947500,11:29:48,2170,0,1038,0,0,0,0
FG202,20220218,20220218,112948000,11:29:48,2170,0,1038,0,0,0,0
FG202,20220218,20220218,112948500,11:29:49,2170,0,1038,0,0,0,0
FG202,20220218,20220218,112949000,11:29:50,2170,0,1038,0,0,0,0
FG202,20220218,20220218,112949500,11:29:50,2170,0,1038,0,0,0,0
FG202,20220218,20220218,112950000,11:29:51,2170,0,1038,0,0,0,0
FG202,20220218,20220218,112950500,11:29:51,2170,0,1038,0,0,0,0
FG202,20220218,20220218,112951500,11:29:52,2170,0,1038,0,0,0,0
FG202,20220218,20220218,112952000,11:29:52,2170,0,1038,0,0,0,0
FG202,20220218,20220218,112952500,11:29:53,2170,0,1038,0,0,0,0
FG202,20220218,20220218,112953000,11:29:53,2170,0,1038,0,0,0,0
FG202,20220218,20220218,112953500,11:29:54,2170,0,1038,0,0,0,0
FG202,20220218,20220218,112954000,11:29:54,2170,0,1038,0,0,0,0
FG202,20220218,20220218,112954500,11:29:54,2170,0,1038,0,0,0,0
FG202,20220218,20220218,112955000,11:29:55,2170,0,1038,0,0,0,0
FG202,20220218,20220218,112955500,11:29:55,2170,0,1038,0,0,0,0
FG202,20220218,20220218,112956000,11:29:56,2170,0,1038,0,0,0,0
FG202,20220218,20220218,112956500,11:30:00,2170,0,1038,0,0,0,0
FG202,20220218,20220218,112957000,11:30:00,2170,0,1038,0,0,0,0
FG202,20220218,20220218,112957500,11:30:02,2170,0,1038,0,0,0,0
FG202,20220218,20220218,112959500,11:30:02,2170,0,1038,0,0,0,0
FG202,20220218,20220218,113000000,11:30:03,2170,0,1038,0,0,0,0
FG202,20220218,20220218,113000500,11:30:03,2170,0,1038,0,0,0,0
FG202,20220218,20220218,133000500,13:30:00,2170,0,1038,0,0,0,0
FG202,20220218,20220218,133001000,13:30:01,2170,0,1038,0,0,0,0
FG202,20220218,20220218,133001500,13:30:02,2170,0,1038,0,0,0,0
FG202,20220218,20220218,133002000,13:30:08,2170,0,1038,0,0,0,0
FG202,20220218,20220218,133002500,13:30:10,2170,0,1038,0,0,0,0
FG202,20220218,20220218,133008500,13:30:10,2170,0,1038,0,0,0,0
FG202,20220218,20220218,133009500,13:30:10,2170,0,1038,0,0,0,0
FG202,20220218,20220218,133010000,13:30:11,2170,0,1038,0,0,0,0
FG202,20220218,20220218,133010500,13:30:12,2170,0,1038,0,0,0,0
FG202,20220218,20220218,133011000,13:30:12,2170,0,1038,0,0,0,0
FG202,20220218,20220218,133011500,13:30:13,2170,0,1038,0,0,0,0
FG202,20220218,20220218,133012500,13:30:13,2170,0,1038,0,0,0,0
FG202,20220218,20220218,133013000,13:30:13,2170,0,1038,0,0,0,0
FG202,20220218,20220218,133013500,13:30:14,2170,0,1038,0,0,0,0
FG202,20220218,20220218,133014000,13:30:15,2170,0,1038,0,0,0,0
FG202,20220218,20220218,133014500,13:30:16,2170,0,1038,0,0,0,0
FG202,20220218,20220218,133015000,13:30:17,2170,0,1038,0,0,0,0
FG202,20220218,20220218,133016500,13:30:18,2170,0,1038,0,0,0,0
FG202,20220218,20220218,133017000,13:30:18,2170,0,1038,0,0,0,0
FG202,20220218,20220218,133017500,13:30:18,2170,0,1038,0,0,0,0
FG202,20220218,20220218,133018000,13:30:19,2170,0,1038,0,0,0,0
FG202,20220218,20220218,133018500,13:30:20,2170,0,1038,0,0,0,0
FG202,20220218,20220218,133019000,13:30:20,2170,0,1038,0,0,0,0
FG202,20220218,20220218,133019500,13:30:20,2170,0,1038,0,0,0,0
FG202,20220218,20220218,133020000,13:30:21,2170,0,1038,0,0,0,0
FG202,20220218,20220218,133020500,13:30:21,2170,0,1038,0,0,0,0
FG202,20220218,20220218,133021000,13:30:21,2170,0,1038,0,0,0,0
FG202,20220218,20220218,133021500,13:30:22,2170,0,1038,0,0,0,0
FG202,20220218,20220218,133022000,13:30:38,2170,0,1038,0,0,0,0
FG202,20220218,20220218,133022500,13:30:38,2170,0,1038,0,0,0,0
FG202,20220218,20220218,133023000,13:30:38,2170,0,1038,0,0,0,0
FG202,20220218,20220218,133038000,13:30:40,2170,0,1038,0,0,0,0
FG202,20220218,20220218,133038500,13:30:41,2170,0,1038,0,0,0,0
FG202,20220218,20220218,133040500,13:30:42,2170,0,1038,0,0,0,0
FG202,20220218,20220218,133041000,13:30:43,2170,0,1038,0,0,0,0
FG202,20220218,20220218,133042500,13:30:44,2170,0,1038,0,0,0,0
FG202,20220218,20220218,133043000,13:30:44,2170,0,1038,0,0,0,0
FG202,20220218,20220218,133043500,13:30:44,2170,0,1038,0,0,0,0
FG202,20220218,20220218,133044500,13:30:45,2170,0,1038,0,0,0,0
FG202,20220218,20220218,133045000,13:30:46,2170,0,1038,0,0,0,0
FG202,20220218,20220218,133045500,13:30:47,2170,0,1038,0,0,0,0
FG202,20220218,20220218,133046000,13:30:47,2170,0,1038,0,0,0,0
FG202,20220218,20220218,133046500,13:30:47,2170,0,1038,0,0,0,0
FG202,20220218,20220218,133047000,13:30:47,2170,0,1038,0,0,0,0
FG202,20220218,20220218,133048000,13:30:48,2170,0,1038,0,0,0,0
FG202,20220218,20220218,133048500,13:30:49,2170,0,1038,0,0,0,0
FG202,20220218,20220218,133049000,13:30:50,2170,0,1038,0,0,0,0
FG202,20220218,20220218,133049500,13:30:50,2170,0,1038,0,0,0,0
FG202,20220218,20220218,133050000,13:30:51,2170,0,1038,0,0,0,0
FG202,20220218,20220218,133050500,13:30:51,2170,0,1038,0,0,0,0
FG202,20220218,20220218,133051000,13:30:52,2170,0,1038,0,0,0,0
FG202,20220218,20220218,133051500,13:30:52,2170,0,1038,0,0,0,0
FG202,20220218,20220218,133052000,13:30:53,2170,0,1038,0,0,0,0
FG202,20220218,20220218,133052500,13:30:53,2170,0,1038,0,0,0,0
FG202,20220218,20220218,133053000,13:30:54,2170,0,1038,0,0,0,0
FG202,20220218,20220218,133053500,13:30:54,2170,0,1038,0,0,0,0
FG202,20220218,20220218,133054000,13:30:54,2170,0,1038,0,0,0,0
FG202,20220218,20220218,133054500,13:30:55,2170,0,1038,0,0,0,0
FG202,20220218,20220218,133055500,13:30:56,2170,0,1038,0,0,0,0
FG202,20220218,20220218,133056500,13:30:57,2170,0,1038,0,0,0,0
FG202,20220218,20220218,133057000,13:30:57,2170,0,1038,0,0,0,0
FG202,20220218,20220218,133057500,13:30:58,2170,0,1038,0,0,0,0
FG202,20220218,20220218,133058000,13:30:58,2170,0,1038,0,0,0,0
FG202,20220218,20220218,133058500,13:30:59,2170,0,1038,0,0,0,0
FG202,20220218,20220218,133059000,13:30:59,2170,0,1038,0,0,0,0
FG202,20220218,20220218,133059500,13:30:59,2170,0,1038,0,0,0,0
FG202,20220218,20220218,133100000,13:31:00,2170,0,1038,0,0,0,0
FG202,20220218,20220218,133100500,13:31:00,2170,0,1038,0,0,0,0
FG202,20220218,20220218,133101000,13:31:01,2170,0,1038,0,0,0,0
FG202,20220218,20220218,133101500,13:31:01,2170,0,1038,0,0,0,0
FG202,20220218,20220218,133102000,13:31:02,2170,0,1038,0,0,0,0
FG202,20220218,20220218,133104000,13:31:06,2170,0,1038,0,0,0,0
FG202,20220218,20220218,133104500,13:31:06,2170,0,1038,0,0,0,0
FG202,20220218,20220218,133105500,13:31:07,2170,0,1038,0,0,0,0
FG202,20220218,20220218,133106000,13:31:08,2170,0,1038,0,0,0,0
FG202,20220218,20220218,133107500,13:31:08,2170,0,1038,0,0,0,0
FG202,20220218,20220218,133108500,13:31:09,2170,0,1038,0,0,0,0
FG202,20220218,20220218,133109000,13:31:09,2170,0,1038,0,0,0,0
FG202,20220218,20220218,133109500,13:31:10,2170,0,1038,0,0,0,0
FG202,20220218,20220218,133110000,13:31:11,2170,0,1038,0,0,0,0
FG202,20220218,20220218,133110500,13:31:11,2170,0,1038,0,0,0,0
FG202,20220218,20220218,133111000,13:31:11,2170,0,1038,0,0,0,0
FG202,20220218,20220218,133111500,13:31:12,2170,0,1038,0,0,0,0
FG202,20220218,20220218,133112000,13:31:12,2170,0,1038,0,0,0,0
FG202,20220218,20220218,133112500,13:31:13,2170,0,1038,0,0,0,0
FG202,20220218,20220218,133113000,13:31:13,2170,0,1038,0,0,0,0
FG202,20220218,20220218,133113500,13:31:14,2170,0,1038,0,0,0,0
FG202,20220218,20220218,133114000,13:31:15,2170,0,1038,0,0,0,0
FG202,20220218,20220218,133114500,13:31:15,2170,0,1038,0,0,0,0
FG202,20220218,20220218,133115000,13:31:15,2170,0,1038,0,0,0,0
FG202,20220218,20220218,133115500,13:31:15,2170,0,1038,0,0,0,0
FG202,20220218,20220218,133116000,13:31:16,2170,0,1038,0,0,0,0
FG202,20220218,20220218,133116500,13:31:17,2170,0,1038,0,0,0,0
FG202,20220218,20220218,133117000,13:31:17,2170,0,1038,0,0,0,0
FG202,20220218,20220218,133117500,13:31:18,2170,0,1038,0,0,0,0
FG202,20220218,20220218,133118000,13:31:18,2170,0,1038,0,0,0,0
FG202,20220218,20220218,133119500,13:31:20,2170,0,1038,0,0,0,0
FG202,20220218,20220218,133120000,13:31:20,2170,0,1038,0,0,0,0
FG202,20220218,20220218,133120500,13:31:21,2170,0,1038,0,0,0,0
FG202,20220218,20220218,133121000,13:31:21,2170,0,1038,0,0,0,0
FG202,20220218,20220218,133121500,13:31:22,2170,0,1038,0,0,0,0
FG202,20220218,20220218,133122000,13:31:22,2170,0,1038,0,0,0,0
FG202,20220218,20220218,133122500,13:31:25,2170,0,1038,0,0,0,0
FG202,20220218,20220218,133123000,13:31:25,2170,0,1038,0,0,0,0
FG202,20220218,20220218,133123500,13:31:25,2170,0,1038,0,0,0,0
FG202,20220218,20220218,133124000,13:31:25,2170,0,1038,0,0,0,0
FG202,20220218,20220218,133124500,13:31:25,2170,0,1038,0,0,0,0
FG202,20220218,20220218,133156000,13:31:56,2170,0,1038,0,0,0,0
FG202,20220218,20220218,133158000,13:31:58,2170,0,1038,0,0,0,0
FG202,20220218,20220218,133159500,13:32:00,2170,0,1038,0,0,0,0
FG202,20220218,20220218,133200000,13:32:00,2170,0,1038,0,0,0,0
FG202,20220218,20220218,133200500,13:32:01,2170,0,1038,0,0,0,0
FG202,20220218,20220218,133201000,13:32:01,2170,0,1038,0,0,0,0
FG202,20220218,20220218,133201500,13:32:01,2170,0,1038,0,0,0,0
FG202,20220218,20220218,133202000,13:32:03,2170,0,1038,0,0,0,0
FG202,20220218,20220218,133203000,13:32:05,2170,0,1038,0,0,0,0
FG202,20220218,20220218,133203500,13:32:05,2170,0,1038,0,0,0,0
FG202,20220218,20220218,133204000,13:32:05,2170,0,1038,0,0,0,0
FG202,20220218,20220218,133205000,13:32:05,2170,0,1038,0,0,0,0
FG202,20220218,20220218,133205500,13:32:06,2170,0,1038,0,0,0,0
FG202,20220218,20220218,133206500,13:32:07,2170,0,1038,0,0,0,0
FG202,20220218,20220218,133207000,13:32:07,2170,0,1038,0,0,0,0
FG202,20220218,20220218,133207500,13:32:07,2170,0,1038,0,0,0,0
FG202,20220218,20220218,133208000,13:32:09,2170,0,1038,0,0,0,0
FG202,20220218,20220218,133208500,13:32:10,2170,0,1038,0,0,0,0
FG202,20220218,20220218,133209000,13:32:10,2170,0,1038,0,0,0,0
FG202,20220218,20220218,133209500,13:32:10,2170,0,1038,0,0,0,0
FG202,20220218,20220218,133210000,13:32:10,2170,0,1038,0,0,0,0
FG202,20220218,20220218,133210500,13:32:13,2170,0,1038,0,0,0,0
FG202,20220218,20220218,133211000,13:32:14,2170,0,1038,0,0,0,0
FG202,20220218,20220218,133213000,13:32:15,2170,0,1038,0,0,0,0
FG202,20220218,20220218,133214000,13:32:15,2170,0,1038,0,0,0,0
FG202,20220218,20220218,133214500,13:32:16,2170,0,1038,0,0,0,0
FG202,20220218,20220218,133215000,13:32:16,2170,0,1038,0,0,0,0
FG202,20220218,20220218,133215500,13:32:16,2170,0,1038,0,0,0,0
FG202,20220218,20220218,133216000,13:32:17,2170,0,1038,0,0,0,0
FG202,20220218,20220218,133216500,13:32:17,2170,0,1038,0,0,0,0
FG202,20220218,20220218,133217000,13:32:17,2170,0,1038,0,0,0,0
FG202,20220218,20220218,133217500,13:32:18,2170,0,1038,0,0,0,0
FG202,20220218,20220218,133218000,13:32:18,2170,0,1038,0,0,0,0
FG202,20220218,20220218,133218500,13:32:19,2170,0,1038,0,0,0,0
FG202,20220218,20220218,133219000,13:32:20,2170,0,1038,0,0,0,0
FG202,20220218,20220218,133219500,13:32:20,2170,0,1038,0,0,0,0
FG202,20220218,20220218,133220000,13:32:20,2170,0,1038,0,0,0,0
FG202,20220218,20220218,133221000,13:32:21,2170,0,1038,0,0,0,0
FG202,20220218,20220218,133221500,13:32:22,2170,0,1038,0,0,0,0
FG202,20220218,20220218,133222000,13:32:22,2170,0,1038,0,0,0,0
FG202,20220218,20220218,133222500,13:32:23,2170,0,1038,0,0,0,0
FG202,20220218,20220218,133223500,13:32:24,2170,0,1038,0,0,0,0
FG202,20220218,20220218,133224000,13:32:24,2170,0,1038,0,0,0,0
FG202,20220218,20220218,133224500,13:32:24,2170,0,1038,0,0,0,0
FG202,20220218,20220218,133225000,13:32:25,2170,0,1038,0,0,0,0
FG202,20220218,20220218,133225500,13:32:25,2170,0,1038,0,0,0,0
FG202,20220218,20220218,133226000,13:32:27,2170,0,1038,0,0,0,0
FG202,20220218,20220218,133226500,13:32:27,2170,0,1038,0,0,0,0
FG202,20220218,20220218,133227000,13:32:27,2170,0,1038,0,0,0,0
FG202,20220218,20220218,133227500,13:32:28,2170,0,1038,0,0,0,0
FG202,20220218,20220218,133228000,13:32:32,2170,0,1038,0,0,0,0
FG202,20220218,20220218,133228500,13:32:32,2170,0,1038,0,0,0,0
FG202,20220218,20220218,133229000,13:32:33,2170,0,1038,0,0,0,0
FG202,20220218,20220218,133232000,13:32:34,2170,0,1038,0,0,0,0
FG202,20220218,20220218,133232500,13:32:35,2170,0,1038,0,0,0,0
FG202,20220218,20220218,133234500,13:32:35,2170,0,1038,0,0,0,0
FG202,20220218,20220218,133235500,13:32:36,2170,0,1038,0,0,0,0
FG202,20220218,20220218,133236000,13:32:37,2170,0,1038,0,0,0,0
FG202,20220218,20220218,133237000,13:32:37,2170,0,1038,0,0,0,0
FG202,20220218,20220218,133237500,13:32:37,2170,0,1038,0,0,0,0
FG202,20220218,20220218,133238000,13:32:38,2170,0,1038,0,0,0,0
FG202,20220218,20220218,133238500,13:32:39,2170,0,1038,0,0,0,0
FG202,20220218,20220218,133239500,13:32:40,2170,0,1038,0,0,0,0
FG202,20220218,20220218,133240000,13:32:40,2170,0,1038,0,0,0,0
FG202,20220218,20220218,133240500,13:32:40,2170,0,1038,0,0,0,0
FG202,20220218,20220218,133241000,13:32:41,2170,0,1038,0,0,0,0
FG202,20220218,20220218,133242000,13:32:42,2170,0,1038,0,0,0,0
FG202,20220218,20220218,133242500,13:32:42,2170,0,1038,0,0,0,0
FG202,20220218,20220218,133243000,13:32:43,2170,0,1038,0,0,0,0
FG202,20220218,20220218,133244000,13:32:44,2170,0,1038,0,0,0,0
FG202,20220218,20220218,133244500,13:32:45,2170,0,1038,0,0,0,0
FG202,20220218,20220218,133245000,13:32:45,2170,0,1038,0,0,0,0
FG202,20220218,20220218,133245500,13:32:45,2170,0,1038,0,0,0,0
FG202,20220218,20220218,133246000,13:32:47,2170,0,1038,0,0,0,0
FG202,20220218,20220218,133246500,13:32:47,2170,0,1038,0,0,0,0
FG202,20220218,20220218,133247000,13:32:47,2170,0,1038,0,0,0,0
FG202,20220218,20220218,133247500,13:32:48,2170,0,1038,0,0,0,0
FG202,20220218,20220218,133248000,13:32:48,2170,0,1038,0,0,0,0
FG202,20220218,20220218,133248500,13:32:49,2170,0,1038,0,0,0,0
FG202,20220218,20220218,133249000,13:32:49,2170,0,1038,0,0,0,0
FG202,20220218,20220218,133249500,13:32:49,2170,0,1038,0,0,0,0
FG202,20220218,20220218,133250000,13:32:50,2170,0,1038,0,0,0,0
FG202,20220218,20220218,133250500,13:32:52,2170,0,1038,0,0,0,0
FG202,20220218,20220218,133251000,13:32:52,2170,0,1038,0,0,0,0
FG202,20220218,20220218,133251500,13:32:53,2170,0,1038,0,0,0,0
FG202,20220218,20220218,133252500,13:32:53,2170,0,1038,0,0,0,0
FG202,20220218,20220218,133253000,13:32:53,2170,0,1038,0,0,0,0
FG202,20220218,20220218,133253500,13:32:54,2170,0,1038,0,0,0,0
FG202,20220218,20220218,133254000,13:32:54,2170,0,1038,0,0,0,0
FG202,20220218,20220218,133254500,13:32:55,2170,0,1038,0,0,0,0
FG202,20220218,20220218,133255000,13:32:55,2170,0,1038,0,0,0,0
FG202,20220218,20220218,133255500,13:32:55,2170,0,1038,0,0,0,0
FG202,20220218,20220218,133256000,13:32:56,2170,0,1038,0,0,0,0
FG202,20220218,20220218,133256500,13:32:56,2170,0,1038,0,0,0,0
FG202,20220218,20220218,133257000,13:32:59,2170,0,1038,0,0,0,0
FG202,20220218,20220218,133257500,13:33:00,2170,0,1038,0,0,0,0
FG202,20220218,20220218,133258000,13:33:00,2170,0,1038,0,0,0,0
FG202,20220218,20220218,133258500,13:33:00,2170,0,1038,0,0,0,0
FG202,20220218,20220218,133259500,13:33:00,2170,0,1038,0,0,0,0
FG202,20220218,20220218,133300000,13:33:01,2170,0,1038,0,0,0,0
FG202,20220218,20220218,133300500,13:33:01,2170,0,1038,0,0,0,0
FG202,20220218,20220218,133301000,13:33:02,2170,0,1038,0,0,0,0
FG202,20220218,20220218,133301500,13:33:02,2170,0,1038,0,0,0,0
FG202,20220218,20220218,133302000,13:33:03,2170,0,1038,0,0,0,0
FG202,20220218,20220218,133302500,13:33:03,2170,0,1038,0,0,0,0
FG202,20220218,20220218,133303000,13:33:03,2170,0,1038,0,0,0,0
FG202,20220218,20220218,133303500,13:33:04,2170,0,1038,0,0,0,0
FG202,20220218,20220218,133304000,13:33:04,2170,0,1038,0,0,0,0
FG202,20220218,20220218,133304500,13:33:05,2170,0,1038,0,0,0,0
FG202,20220218,20220218,133305000,13:33:05,2170,0,1038,0,0,0,0
FG202,20220218,20220218,133305500,13:33:05,2170,0,1038,0,0,0,0
FG202,20220218,20220218,133306000,13:33:06,2170,0,1038,0,0,0,0
FG202,20220218,20220218,133306500,13:33:06,2170,0,1038,0,0,0,0
FG202,20220218,20220218,133307000,13:33:07,2170,0,1038,0,0,0,0
FG202,20220218,20220218,133307500,13:33:08,2170,0,1038,0,0,0,0
FG202,20220218,20220218,133308500,13:33:09,2170,0,1038,0,0,0,0
FG202,20220218,20220218,133309000,13:33:09,2170,0,1038,0,0,0,0
FG202,20220218,20220218,133309500,13:33:10,2170,0,1038,0,0,0,0
FG202,20220218,20220218,133310000,13:33:11,2170,0,1038,0,0,0,0
FG202,20220218,20220218,133310500,13:33:12,2170,0,1038,0,0,0,0
FG202,20220218,20220218,133311000,13:33:12,2170,0,1038,0,0,0,0
FG202,20220218,20220218,133311500,13:33:14,2170,0,1038,0,0,0,0
FG202,20220218,20220218,133312000,13:33:14,2170,0,1038,0,0,0,0
FG202,20220218,20220218,133312500,13:33:14,2170,0,1038,0,0,0,0
FG202,20220218,20220218,133313500,13:33:14,2170,0,1038,0,0,0,0
FG202,20220218,20220218,133314000,13:33:17,2170,0,1038,0,0,0,0
FG202,20220218,20220218,133314500,13:33:17,2170,0,1038,0,0,0,0
FG202,20220218,20220218,133315500,13:33:18,2170,0,1038,0,0,0,0
FG202,20220218,20220218,133317000,13:33:18,2170,0,1038,0,0,0,0
FG202,20220218,20220218,133317500,13:33:19,2170,0,1038,0,0,0,0
FG202,20220218,20220218,133318000,13:33:19,2170,0,1038,0,0,0,0
FG202,20220218,20220218,133318500,13:33:19,2170,0,1038,0,0,0,0
FG202,20220218,20220218,133319000,13:33:20,2170,0,1038,0,0,0,0
FG202,20220218,20220218,133319500,13:33:20,2170,0,1038,0,0,0,0
FG202,20220218,20220218,133320000,13:33:21,2170,0,1038,0,0,0,0
FG202,20220218,20220218,133320500,13:33:21,2170,0,1038,0,0,0,0
FG202,20220218,20220218,133321000,13:33:22,2170,0,1038,0,0,0,0
FG202,20220218,20220218,133321500,13:33:22,2170,0,1038,0,0,0,0
FG202,20220218,20220218,133322000,13:33:22,2170,0,1038,0,0,0,0
FG202,20220218,20220218,133323500,13:33:24,2170,0,1038,0,0,0,0
FG202,20220218,20220218,133324000,13:33:24,2170,0,1038,0,0,0,0
FG202,20220218,20220218,133324500,13:33:25,2170,0,1038,0,0,0,0
FG202,20220218,20220218,133325000,13:33:26,2170,0,1038,0,0,0,0
FG202,20220218,20220218,133325500,13:33:26,2170,0,1038,0,0,0,0
FG202,20220218,20220218,133326000,13:33:27,2170,0,1038,0,0,0,0
FG202,20220218,20220218,133327000,13:33:29,2170,0,1038,0,0,0,0
FG202,20220218,20220218,133327500,13:33:29,2170,0,1038,0,0,0,0
FG202,20220218,20220218,133328500,13:33:30,2170,0,1038,0,0,0,0
FG202,20220218,20220218,133329000,13:33:30,2170,0,1038,0,0,0,0
FG202,20220218,20220218,133329500,13:33:30,2170,0,1038,0,0,0,0
FG202,20220218,20220218,133330000,13:33:30,2170,0,1038,0,0,0,0
FG202,20220218,20220218,133331000,13:33:32,2170,0,1038,0,0,0,0
FG202,20220218,20220218,133331500,13:33:32,2170,0,1038,0,0,0,0
FG202,20220218,20220218,133332000,13:33:32,2170,0,1038,0,0,0,0
FG202,20220218,20220218,133332500,13:33:32,2170,0,1038,0,0,0,0
FG202,20220218,20220218,133333000,13:33:33,2170,0,1038,0,0,0,0
FG202,20220218,20220218,133334000,13:33:34,2170,0,1038,0,0,0,0
FG202,20220218,20220218,133334500,13:33:35,2170,0,1038,0,0,0,0
FG202,20220218,20220218,133335000,13:33:35,2170,0,1038,0,0,0,0
FG202,20220218,20220218,133335500,13:33:35,2170,0,1038,0,0,0,0
FG202,20220218,20220218,133336000,13:33:36,2170,0,1038,0,0,0,0
FG202,20220218,20220218,133336500,13:33:36,2170,0,1038,0,0,0,0
FG202,20220218,20220218,133337000,13:33:37,2170,0,1038,0,0,0,0
FG202,20220218,20220218,133337500,13:33:37,2170,0,1038,0,0,0,0
FG202,20220218,20220218,133338000,13:33:38,2170,0,1038,0,0,0,0
FG202,20220218,20220218,133338500,13:33:39,2170,0,1038,0,0,0,0
FG202,20220218,20220218,133339000,13:33:39,2170,0,1038,0,0,0,0
FG202,20220218,20220218,133339500,13:33:40,2170,0,1038,0,0,0,0
FG202,20220218,20220218,133340000,13:33:40,2170,0,1038,0,0,0,0
FG202,20220218,20220218,133340500,13:33:41,2170,0,1038,0,0,0,0
FG202,20220218,20220218,133341000,13:33:41,2170,0,1038,0,0,0,0
FG202,20220218,20220218,133341500,13:33:42,2170,0,1038,0,0,0,0
FG202,20220218,20220218,133342000,13:33:42,2170,0,1038,0,0,0,0
FG202,20220218,20220218,133342500,13:33:42,2170,0,1038,0,0,0,0
FG202,20220218,20220218,133343000,13:33:43,2170,0,1038,0,0,0,0
FG202,20220218,20220218,133343500,13:33:44,2170,0,1038,0,0,0,0
FG202,20220218,20220218,133344000,13:33:44,2170,0,1038,0,0,0,0
FG202,20220218,20220218,133344500,13:33:45,2170,0,1038,0,0,0,0
FG202,20220218,20220218,133345000,13:33:45,2170,0,1038,0,0,0,0
FG202,20220218,20220218,133345500,13:33:46,2170,0,1038,0,0,0,0
FG202,20220218,20220218,133346000,13:33:47,2170,0,1038,0,0,0,0
FG202,20220218,20220218,133346500,13:33:48,2170,0,1038,0,0,0,0
FG202,20220218,20220218,133348000,13:33:49,2170,0,1038,0,0,0,0
FG202,20220218,20220218,133348500,13:33:49,2170,0,1038,0,0,0,0
FG202,20220218,20220218,133349000,13:33:50,2170,0,1038,0,0,0,0
FG202,20220218,20220218,133349500,13:33:50,2170,0,1038,0,0,0,0
FG202,20220218,20220218,133350000,13:33:50,2170,0,1038,0,0,0,0
FG202,20220218,20220218,133350500,13:33:50,2170,0,1038,0,0,0,0
FG202,20220218,20220218,133351000,13:33:51,2170,0,1038,0,0,0,0
FG202,20220218,20220218,133352000,13:33:52,2170,0,1038,0,0,0,0
FG202,20220218,20220218,133352500,13:33:52,2170,0,1038,0,0,0,0
FG202,20220218,20220218,133353000,13:33:53,2170,0,1038,0,0,0,0
FG202,20220218,20220218,133353500,13:33:53,2170,0,1038,0,0,0,0
FG202,20220218,20220218,133354000,13:33:54,2170,0,1038,0,0,0,0
FG202,20220218,20220218,133354500,13:33:54,2170,0,1038,0,0,0,0
FG202,20220218,20220218,133355000,13:33:56,2170,0,1038,0,0,0,0
FG202,20220218,20220218,133355500,13:33:56,2170,0,1038,0,0,0,0
FG202,20220218,20220218,133356000,13:33:56,2170,0,1038,0,0,0,0
FG202,20220218,20220218,133356500,13:33:57,2170,0,1038,0,0,0,0
FG202,20220218,20220218,133357500,13:33:58,2170,0,1038,0,0,0,0
FG202,20220218,20220218,133358000,13:33:58,2170,0,1038,0,0,0,0
FG202,20220218,20220218,133359000,13:33:59,2170,0,1038,0,0,0,0
FG202,20220218,20220218,133359500,13:33:59,2170,0,1038,0,0,0,0
FG202,20220218,20220218,133400000,13:34:00,2170,0,1038,0,0,0,0
FG202,20220218,20220218,133401000,13:34:01,2170,0,1038,0,0,0,0
FG202,20220218,20220218,133401500,13:34:02,2170,0,1038,0,0,0,0
FG202,20220218,20220218,133402000,13:34:10,2170,0,1038,0,0,0,0
FG202,20220218,20220218,133403000,13:34:10,2170,0,1038,0,0,0,0
FG202,20220218,20220218,133403500,13:34:11,2170,0,1038,0,0,0,0
FG202,20220218,20220218,133410000,13:34:11,2170,0,1038,0,0,0,0
FG202,20220218,20220218,133410500,13:34:12,2170,0,1038,0,0,0,0
FG202,20220218,20220218,133411500,13:34:12,2170,0,1038,0,0,0,0
FG202,20220218,20220218,133412000,13:34:12,2170,0,1038,0,0,0,0
FG202,20220218,20220218,133412500,13:34:13,2170,0,1038,0,0,0,0
FG202,20220218,20220218,133413000,13:34:13,2170,0,1038,0,0,0,0
FG202,20220218,20220218,133414000,13:34:14,2170,0,1038,0,0,0,0
FG202,20220218,20220218,133414500,13:34:14,2170,0,1038,0,0,0,0
FG202,20220218,20220218,133415000,13:34:15,2170,0,1038,0,0,0,0
FG202,20220218,20220218,133415500,13:34:16,2170,0,1038,0,0,0,0
FG202,20220218,20220218,133416000,13:34:16,2170,0,1038,0,0,0,0
FG202,20220218,20220218,133416500,13:34:16,2170,0,1038,0,0,0,0
FG202,20220218,20220218,133417000,13:34:17,2170,0,1038,0,0,0,0
FG202,20220218,20220218,133418000,13:34:18,2170,0,1038,0,0,0,0
FG202,20220218,20220218,133418500,13:34:19,2170,0,1038,0,0,0,0
FG202,20220218,20220218,133419000,13:34:19,2170,0,1038,0,0,0,0
FG202,20220218,20220218,133419500,13:34:20,2170,0,1038,0,0,0,0
FG202,20220218,20220218,133420500,13:34:21,2170,0,1038,0,0,0,0
FG202,20220218,20220218,133421000,13:34:23,2170,0,1038,0,0,0,0
FG202,20220218,20220218,133421500,13:34:23,2170,0,1038,0,0,0,0
FG202,20220218,20220218,133423500,13:34:24,2170,0,1038,0,0,0,0
FG202,20220218,20220218,133426000,13:34:26,2170,0,1038,0,0,0,0
FG202,20220218,20220218,133426500,13:34:26,2170,0,1038,0,0,0,0
FG202,20220218,20220218,133427000,13:34:27,2170,0,1038,0,0,0,0
FG202,20220218,20220218,133428000,13:34:28,2170,0,1038,0,0,0,0
FG202,20220218,20220218,133428500,13:34:29,2170,0,1038,0,0,0,0
FG202,20220218,20220218,133429000,13:34:29,2170,0,1038,0,0,0,0
FG202,20220218,20220218,133429500,13:34:29,2170,0,1038,0,0,0,0
FG202,20220218,20220218,133430500,13:34:30,2170,0,1038,0,0,0,0
FG202,20220218,20220218,133431500,13:34:31,2170,0,1038,0,0,0,0
FG202,20220218,20220218,133432000,13:34:32,2170,0,1038,0,0,0,0
FG202,20220218,20220218,133432500,13:34:32,2170,0,1038,0,0,0,0
FG202,20220218,20220218,133433000,13:34:33,2170,0,1038,0,0,0,0
FG202,20220218,20220218,133433500,13:34:34,2170,0,1038,0,0,0,0
FG202,20220218,20220218,133434500,13:34:35,2170,0,1038,0,0,0,0
FG202,20220218,20220218,133435000,13:34:35,2170,0,1038,0,0,0,0
FG202,20220218,20220218,133436000,13:34:36,2170,0,1038,0,0,0,0
FG202,20220218,20220218,133436500,13:34:36,2170,0,1038,0,0,0,0
FG202,20220218,20220218,133437000,13:34:37,2170,0,1038,0,0,0,0
FG202,20220218,20220218,133437500,13:34:38,2170,0,1038,0,0,0,0
FG202,20220218,20220218,133438000,13:34:38,2170,0,1038,0,0,0,0
FG202,20220218,20220218,133439000,13:34:39,2170,0,1038,0,0,0,0
FG202,20220218,20220218,133439500,13:34:39,2170,0,1038,0,0,0,0
FG202,20220218,20220218,133440500,13:34:41,2170,0,1038,0,0,0,0
FG202,20220218,20220218,133441000,13:34:41,2170,0,1038,0,0,0,0
FG202,20220218,20220218,133441500,13:34:41,2170,0,1038,0,0,0,0
FG202,20220218,20220218,133442000,13:34:44,2170,0,1038,0,0,0,0
FG202,20220218,20220218,133443000,13:34:45,2170,0,1038,0,0,0,0
FG202,20220218,20220218,133443500,13:34:45,2170,0,1038,0,0,0,0
FG202,20220218,20220218,133444000,13:34:45,2170,0,1038,0,0,0,0
FG202,20220218,20220218,133445000,13:34:46,2170,0,1038,0,0,0,0
FG202,20220218,20220218,133445500,13:34:46,2170,0,1038,0,0,0,0
FG202,20220218,20220218,133446000,13:34:46,2170,0,1038,0,0,0,0
FG202,20220218,20220218,133446500,13:34:47,2170,0,1038,0,0,0,0
FG202,20220218,20220218,133447000,13:34:47,2170,0,1038,0,0,0,0
FG202,20220218,20220218,133447500,13:34:47,2170,0,1038,0,0,0,0
FG202,20220218,20220218,133448000,13:34:48,2170,0,1038,0,0,0,0
FG202,20220218,20220218,133448500,13:34:49,2170,0,1038,0,0,0,0
FG202,20220218,20220218,133449000,13:34:49,2170,0,1038,0,0,0,0
FG202,20220218,20220218,133449500,13:34:49,2170,0,1038,0,0,0,0
FG202,20220218,20220218,133450000,13:34:51,2170,0,1038,0,0,0,0
FG202,20220218,20220218,133450500,13:34:51,2170,0,1038,0,0,0,0
FG202,20220218,20220218,133451000,13:34:51,2170,0,1038,0,0,0,0
FG202,20220218,20220218,133451500,13:34:51,2170,0,1038,0,0,0,0
FG202,20220218,20220218,133452000,13:34:52,2170,0,1038,0,0,0,0
FG202,20220218,20220218,133452500,13:34:53,2170,0,1038,0,0,0,0
FG202,20220218,20220218,133453000,13:34:53,2170,0,1038,0,0,0,0
FG202,20220218,20220218,133453500,13:34:55,2170,0,1038,0,0,0,0
FG202,20220218,20220218,133454000,13:34:56,2170,0,1038,0,0,0,0
FG202,20220218,20220218,133454500,13:34:56,2170,0,1038,0,0,0,0
FG202,20220218,20220218,133455000,13:34:56,2170,0,1038,0,0,0,0
FG202,20220218,20220218,133455500,13:34:56,2170,0,1038,0,0,0,0
FG202,20220218,20220218,133456000,13:34:56,2170,0,1038,0,0,0,0
FG202,20220218,20220218,133456500,13:34:57,2170,0,1038,0,0,0,0
FG202,20220218,20220218,133457000,13:34:57,2170,0,1038,0,0,0,0
FG202,20220218,20220218,133458000,13:34:58,2170,0,1038,0,0,0,0
FG202,20220218,20220218,133458500,13:34:59,2170,0,1038,0,0,0,0
FG202,20220218,20220218,133459500,13:35:00,2170,0,1038,0,0,0,0
FG202,20220218,20220218,133500500,13:35:00,2170,0,1038,0,0,0,0
FG202,20220218,20220218,133501000,13:35:04,2170,0,1038,0,0,0,0
FG202,20220218,20220218,133501500,13:35:04,2170,0,1038,0,0,0,0
FG202,20220218,20220218,133502000,13:35:10,2170,0,1038,0,0,0,0
FG202,20220218,20220218,133504500,13:35:10,2170,0,1038,0,0,0,0
FG202,20220218,20220218,133510000,13:35:10,2170,0,1038,0,0,0,0
FG202,20220218,20220218,133510500,13:35:11,2170,0,1038,0,0,0,0
FG202,20220218,20220218,133511000,13:35:11,2170,0,1038,0,0,0,0
FG202,20220218,20220218,133511500,13:35:11,2170,0,1038,0,0,0,0
FG202,20220218,20220218,133512000,13:35:12,2170,0,1038,0,0,0,0
FG202,20220218,20220218,133512500,13:35:13,2170,0,1038,0,0,0,0
FG202,20220218,20220218,133513000,13:35:13,2170,0,1038,0,0,0,0
FG202,20220218,20220218,133513500,13:35:14,2170,0,1038,0,0,0,0
FG202,20220218,20220218,133514000,13:35:14,2170,0,1038,0,0,0,0
FG202,20220218,20220218,133514500,13:35:14,2170,0,1038,0,0,0,0
FG202,20220218,20220218,133515000,13:35:15,2170,0,1038,0,0,0,0
FG202,20220218,20220218,133515500,13:35:16,2170,0,1038,0,0,0,0
FG202,20220218,20220218,133516000,13:35:16,2170,0,1038,0,0,0,0
FG202,20220218,20220218,133516500,13:35:16,2170,0,1038,0,0,0,0
FG202,20220218,20220218,133517000,13:35:17,2170,0,1038,0,0,0,0
FG202,20220218,20220218,133517500,13:35:18,2170,0,1038,0,0,0,0
FG202,20220218,20220218,133518000,13:35:19,2170,0,1038,0,0,0,0
FG202,20220218,20220218,133518500,13:35:19,2170,0,1038,0,0,0,0
FG202,20220218,20220218,133519000,13:35:19,2170,0,1038,0,0,0,0
FG202,20220218,20220218,133519500,13:35:20,2170,0,1038,0,0,0,0
FG202,20220218,20220218,133520000,13:35:20,2170,0,1038,0,0,0,0
FG202,20220218,20220218,133520500,13:35:20,2170,0,1038,0,0,0,0
FG202,20220218,20220218,133521000,13:35:21,2170,0,1038,0,0,0,0
FG202,20220218,20220218,133521500,13:35:22,2170,0,1038,0,0,0,0
FG202,20220218,20220218,133522000,13:35:22,2170,0,1038,0,0,0,0
FG202,20220218,20220218,133522500,13:35:23,2170,0,1038,0,0,0,0
FG202,20220218,20220218,133523000,13:35:23,2170,0,1038,0,0,0,0
FG202,20220218,20220218,133523500,13:35:23,2170,0,1038,0,0,0,0
FG202,20220218,20220218,133524000,13:35:24,2170,0,1038,0,0,0,0
FG202,20220218,20220218,133524500,13:35:25,2170,0,1038,0,0,0,0
FG202,20220218,20220218,133525500,13:35:26,2170,0,1038,0,0,0,0
FG202,20220218,20220218,133526000,13:35:26,2170,0,1038,0,0,0,0
FG202,20220218,20220218,133526500,13:35:27,2170,0,1038,0,0,0,0
FG202,20220218,20220218,133527000,13:35:27,2170,0,1038,0,0,0,0
FG202,20220218,20220218,133527500,13:35:31,2170,0,1038,0,0,0,0
FG202,20220218,20220218,133528000,13:35:31,2170,0,1038,0,0,0,0
FG202,20220218,20220218,133528500,13:35:32,2170,0,1038,0,0,0,0
FG202,20220218,20220218,133531000,13:35:32,2170,0,1038,0,0,0,0
FG202,20220218,20220218,133531500,13:35:41,2170,0,1038,0,0,0,0
FG202,20220218,20220218,133532000,13:35:41,2170,0,1038,0,0,0,0
FG202,20220218,20220218,133532500,13:35:42,2170,0,1038,0,0,0,0
FG202,20220218,20220218,133540500,13:35:43,2170,0,1038,0,0,0,0
FG202,20220218,20220218,133542000,13:35:43,2170,0,1038,0,0,0,0
FG202,20220218,20220218,133542500,13:35:44,2170,0,1038,0,0,0,0
FG202,20220218,20220218,133543500,13:35:44,2170,0,1038,0,0,0,0
FG202,20220218,20220218,133544000,13:35:44,2170,0,1038,0,0,0,0
FG202,20220218,20220218,133544500,13:35:45,2170,0,1038,0,0,0,0
FG202,20220218,20220218,133545000,13:35:46,2170,0,1038,0,0,0,0
FG202,20220218,20220218,133545500,13:35:46,2170,0,1038,0,0,0,0
FG202,20220218,20220218,133546000,13:35:46,2170,0,1038,0,0,0,0
FG202,20220218,20220218,133546500,13:35:46,2170,0,1038,0,0,0,0
FG202,20220218,20220218,133547000,13:35:47,2170,0,1038,0,0,0,0
FG202,20220218,20220218,133547500,13:35:48,2170,0,1038,0,0,0,0
FG202,20220218,20220218,133548000,13:35:48,2170,0,1038,0,0,0,0
FG202,20220218,20220218,133548500,13:35:48,2170,0,1038,0,0,0,0
FG202,20220218,20220218,133549000,13:35:49,2170,0,1038,0,0,0,0
FG202,20220218,20220218,133549500,13:35:49,2170,0,1038,0,0,0,0
FG202,20220218,20220218,133550000,13:35:50,2170,0,1038,0,0,0,0
FG202,20220218,20220218,133550500,13:35:50,2170,0,1038,0,0,0,0
FG202,20220218,20220218,133551000,13:35:51,2170,0,1038,0,0,0,0
FG202,20220218,20220218,133551500,13:35:51,2170,0,1038,0,0,0,0
FG202,20220218,20220218,133552000,13:35:52,2170,0,1038,0,0,0,0
FG202,20220218,20220218,133552500,13:35:52,2170,0,1038,0,0,0,0
FG202,20220218,20220218,133553000,13:35:53,2170,0,1038,0,0,0,0
FG202,20220218,20220218,133553500,13:35:55,2170,0,1038,0,0,0,0
FG202,20220218,20220218,133554000,13:35:55,2170,0,1038,0,0,0,0
FG202,20220218,20220218,133554500,13:35:55,2170,0,1038,0,0,0,0
FG202,20220218,20220218,133555000,13:35:56,2170,0,1038,0,0,0,0
FG202,20220218,20220218,133556500,13:35:56,2170,0,1038,0,0,0,0
FG202,20220218,20220218,133557000,13:35:59,2170,0,1038,0,0,0,0
FG202,20220218,20220218,133557500,13:36:00,2170,0,1038,0,0,0,0
FG202,20220218,20220218,133558000,13:36:01,2170,0,1038,0,0,0,0
FG202,20220218,20220218,133558500,13:36:02,2170,0,1038,0,0,0,0
FG202,20220218,20220218,133559500,13:36:03,2170,0,1038,0,0,0,0
FG202,20220218,20220218,133601000,13:36:03,2170,0,1038,0,0,0,0
FG202,20220218,20220218,133602000,13:36:03,2170,0,1038,0,0,0,0
FG202,20220218,20220218,133602500,13:36:03,2170,0,1038,0,0,0,0
FG202,20220218,20220218,133603000,13:36:05,2170,0,1038,0,0,0,0
FG202,20220218,20220218,133603500,13:36:05,2170,0,1038,0,0,0,0
FG202,20220218,20220218,133604000,13:36:05,2170,0,1038,0,0,0,0
FG202,20220218,20220218,133605000,13:36:06,2170,0,1038,0,0,0,0
FG202,20220218,20220218,133605500,13:36:07,2170,0,1038,0,0,0,0
FG202,20220218,20220218,133606000,13:36:07,2170,0,1038,0,0,0,0
FG202,20220218,20220218,133606500,13:36:07,2170,0,1038,0,0,0,0
FG202,20220218,20220218,133608000,13:36:08,2170,0,1038,0,0,0,0
FG202,20220218,20220218,133608500,13:36:08,2170,0,1038,0,0,0,0
FG202,20220218,20220218,133609000,13:36:09,2170,0,1038,0,0,0,0
FG202,20220218,20220218,133609500,13:36:10,2170,0,1038,0,0,0,0
FG202,20220218,20220218,133610000,13:36:10,2170,0,1038,0,0,0,0
FG202,20220218,20220218,133610500,13:36:11,2170,0,1038,0,0,0,0
FG202,20220218,20220218,133611000,13:36:12,2170,0,1038,0,0,0,0
FG202,20220218,20220218,133611500,13:36:12,2170,0,1038,0,0,0,0
FG202,20220218,20220218,133612000,13:36:12,2170,0,1038,0,0,0,0
FG202,20220218,20220218,133612500,13:36:12,2170,0,1038,0,0,0,0
FG202,20220218,20220218,133613500,13:36:14,2170,0,1038,0,0,0,0
FG202,20220218,20220218,133614500,13:36:14,2170,0,1038,0,0,0,0
FG202,20220218,20220218,133615000,13:36:15,2170,0,1038,0,0,0,0
FG202,20220218,20220218,133615500,13:36:15,2170,0,1038,0,0,0,0
FG202,20220218,20220218,133616000,13:36:16,2170,0,1038,0,0,0,0
FG202,20220218,20220218,133616500,13:36:17,2170,0,1038,0,0,0,0
FG202,20220218,20220218,133617000,13:36:17,2170,0,1038,0,0,0,0
FG202,20220218,20220218,133619000,13:36:19,2170,0,1038,0,0,0,0
FG202,20220218,20220218,133619500,13:36:19,2170,0,1038,0,0,0,0
FG202,20220218,20220218,133620000,13:36:20,2170,0,1038,0,0,0,0
FG202,20220218,20220218,133620500,13:36:20,2170,0,1038,0,0,0,0
FG202,20220218,20220218,133621000,13:36:21,2170,0,1038,0,0,0,0
FG202,20220218,20220218,133622500,13:36:22,2170,0,1038,0,0,0,0
FG202,20220218,20220218,133623000,13:36:23,2170,0,1038,0,0,0,0
FG202,20220218,20220218,133623500,13:36:23,2170,0,1038,0,0,0,0
FG202,20220218,20220218,133624000,13:36:24,2170,0,1038,0,0,0,0
FG202,20220218,20220218,133625000,13:36:25,2170,0,1038,0,0,0,0
FG202,20220218,20220218,133627000,13:36:27,2170,0,1038,0,0,0,0
FG202,20220218,20220218,133627500,13:36:28,2170,0,1038,0,0,0,0
FG202,20220218,20220218,133628000,13:36:28,2170,0,1038,0,0,0,0
FG202,20220218,20220218,133628500,13:36:29,2170,0,1038,0,0,0,0
FG202,20220218,20220218,133629000,13:36:29,2170,0,1038,0,0,0,0
FG202,20220218,20220218,133630500,13:36:31,2170,0,1038,0,0,0,0
FG202,20220218,20220218,133631000,13:36:31,2170,0,1038,0,0,0,0
FG202,20220218,20220218,133631500,13:36:31,2170,0,1038,0,0,0,0
FG202,20220218,20220218,133633000,13:36:33,2170,0,1038,0,0,0,0
FG202,20220218,20220218,133633500,13:36:33,2170,0,1038,0,0,0,0
FG202,20220218,20220218,133634000,13:36:34,2170,0,1038,0,0,0,0
FG202,20220218,20220218,133634500,13:36:35,2170,0,1038,0,0,0,0
FG202,20220218,20220218,133635000,13:36:35,2170,0,1038,0,0,0,0
FG202,20220218,20220218,133635500,13:36:36,2170,0,1038,0,0,0,0
FG202,20220218,20220218,133636000,13:36:36,2170,0,1038,0,0,0,0
FG202,20220218,20220218,133636500,13:36:36,2170,0,1038,0,0,0,0
FG202,20220218,20220218,133637500,13:36:38,2170,0,1038,0,0,0,0
FG202,20220218,20220218,133638000,13:36:38,2170,0,1038,0,0,0,0
FG202,20220218,20220218,133639500,13:36:40,2170,0,1038,0,0,0,0
FG202,20220218,20220218,133640000,13:36:40,2170,0,1038,0,0,0,0
FG202,20220218,20220218,133640500,13:36:40,2170,0,1038,0,0,0,0
FG202,20220218,20220218,133642000,13:36:42,2170,0,1038,0,0,0,0
FG202,20220218,20220218,133642500,13:36:42,2170,0,1038,0,0,0,0
FG202,20220218,20220218,133644500,13:36:44,2170,0,1038,0,0,0,0
FG202,20220218,20220218,133645000,13:36:45,2170,0,1038,0,0,0,0
FG202,20220218,20220218,133645500,13:36:46,2170,0,1038,0,0,0,0
FG202,20220218,20220218,133646000,13:36:46,2170,0,1038,0,0,0,0
FG202,20220218,20220218,133646500,13:36:46,2170,0,1038,0,0,0,0
FG202,20220218,20220218,133647000,13:36:47,2170,0,1038,0,0,0,0
FG202,20220218,20220218,133647500,13:36:47,2170,0,1038,0,0,0,0
FG202,20220218,20220218,133648000,13:36:48,2170,0,1038,0,0,0,0
FG202,20220218,20220218,133648500,13:36:48,2170,0,1038,0,0,0,0
FG202,20220218,20220218,133649000,13:36:49,2170,0,1038,0,0,0,0
FG202,20220218,20220218,133650000,13:36:50,2170,0,1038,0,0,0,0
FG202,20220218,20220218,133650500,13:36:50,2170,0,1038,0,0,0,0
FG202,20220218,20220218,133651000,13:36:51,2170,0,1038,0,0,0,0
FG202,20220218,20220218,133651500,13:36:51,2170,0,1038,0,0,0,0
FG202,20220218,20220218,133652000,13:36:52,2170,0,1038,0,0,0,0
FG202,20220218,20220218,133652500,13:36:53,2170,0,1038,0,0,0,0
FG202,20220218,20220218,133654000,13:36:54,2170,0,1038,0,0,0,0
FG202,20220218,20220218,133654500,13:36:54,2170,0,1038,0,0,0,0
FG202,20220218,20220218,133655000,13:36:55,2170,0,1038,0,0,0,0
FG202,20220218,20220218,133656000,13:36:56,2170,0,1038,0,0,0,0
FG202,20220218,20220218,133657000,13:36:58,2170,0,1038,0,0,0,0
FG202,20220218,20220218,133658500,13:36:59,2170,0,1038,0,0,0,0
FG202,20220218,20220218,133659000,13:36:59,2170,0,1038,0,0,0,0
FG202,20220218,20220218,133659500,13:36:59,2170,0,1038,0,0,0,0
FG202,20220218,20220218,133700000,13:37:00,2170,0,1038,0,0,0,0
FG202,20220218,20220218,133700500,13:37:00,2170,0,1038,0,0,0,0
FG202,20220218,20220218,133701500,13:37:02,2170,0,1038,0,0,0,0
FG202,20220218,20220218,133702000,13:37:02,2170,0,1038,0,0,0,0
FG202,20220218,20220218,133702500,13:37:03,2170,0,1038,0,0,0,0
FG202,20220218,20220218,133703000,13:37:03,2170,0,1038,0,0,0,0
FG202,20220218,20220218,133703500,13:37:03,2170,0,1038,0,0,0,0
FG202,20220218,20220218,133704000,13:37:04,2170,0,1038,0,0,0,0
FG202,20220218,20220218,133704500,13:37:05,2170,0,1038,0,0,0,0
FG202,20220218,20220218,133705000,13:37:05,2170,0,1038,0,0,0,0
FG202,20220218,20220218,133705500,13:37:07,2170,0,1038,0,0,0,0
FG202,20220218,20220218,133707000,13:37:08,2170,0,1038,0,0,0,0
FG202,20220218,20220218,133707500,13:37:08,2170,0,1038,0,0,0,0
FG202,20220218,20220218,133708000,13:37:08,2170,0,1038,0,0,0,0
FG202,20220218,20220218,133708500,13:37:08,2170,0,1038,0,0,0,0
FG202,20220218,20220218,133709000,13:37:09,2170,0,1038,0,0,0,0
FG202,20220218,20220218,133709500,13:37:10,2170,0,1038,0,0,0,0
FG202,20220218,20220218,133710000,13:37:11,2170,0,1038,0,0,0,0
FG202,20220218,20220218,133710500,13:37:11,2170,0,1038,0,0,0,0
FG202,20220218,20220218,133711000,13:37:11,2170,0,1038,0,0,0,0
FG202,20220218,20220218,133711500,13:37:13,2170,0,1038,0,0,0,0
FG202,20220218,20220218,133713000,13:37:13,2170,0,1038,0,0,0,0
FG202,20220218,20220218,133714000,13:37:14,2170,0,1038,0,0,0,0
FG202,20220218,20220218,133714500,13:37:14,2170,0,1038,0,0,0,0
FG202,20220218,20220218,133715000,13:37:15,2170,0,1038,0,0,0,0
FG202,20220218,20220218,133715500,13:37:15,2170,0,1038,0,0,0,0
FG202,20220218,20220218,133716000,13:37:16,2170,0,1038,0,0,0,0
FG202,20220218,20220218,133716500,13:37:17,2170,0,1038,0,0,0,0
FG202,20220218,20220218,133718000,13:37:18,2170,0,1038,0,0,0,0
FG202,20220218,20220218,133718500,13:37:19,2170,0,1038,0,0,0,0
FG202,20220218,20220218,133719000,13:37:19,2170,0,1038,0,0,0,0
FG202,20220218,20220218,133719500,13:37:20,2170,0,1038,0,0,0,0
FG202,20220218,20220218,133720000,13:37:21,2170,0,1038,0,0,0,0
FG202,20220218,20220218,133721000,13:37:21,2170,0,1038,0,0,0,0
FG202,20220218,20220218,133722000,13:37:22,2170,0,1038,0,0,0,0
FG202,20220218,20220218,133722500,13:37:23,2170,0,1038,0,0,0,0
FG202,20220218,20220218,133723500,13:37:23,2170,0,1038,0,0,0,0
FG202,20220218,20220218,133724000,13:37:24,2170,0,1038,0,0,0,0
FG202,20220218,20220218,133725500,13:37:26,2170,0,1038,0,0,0,0
FG202,20220218,20220218,133726000,13:37:26,2170,0,1038,0,0,0,0
FG202,20220218,20220218,133726500,13:37:27,2170,0,1038,0,0,0,0
FG202,20220218,20220218,133727000,13:37:27,2170,0,1038,0,0,0,0
FG202,20220218,20220218,133727500,13:37:27,2170,0,1038,0,0,0,0
FG202,20220218,20220218,133728000,13:37:28,2170,0,1038,0,0,0,0
FG202,20220218,20220218,133728500,13:37:28,2170,0,1038,0,0,0,0
FG202,20220218,20220218,133729500,13:37:30,2170,0,1038,0,0,0,0
FG202,20220218,20220218,133730000,13:37:30,2170,0,1038,0,0,0,0
FG202,20220218,20220218,133730500,13:37:30,2170,0,1038,0,0,0,0
FG202,20220218,20220218,133731000,13:37:31,2170,0,1038,0,0,0,0
FG202,20220218,20220218,133731500,13:37:31,2170,0,1038,0,0,0,0
FG202,20220218,20220218,133732000,13:37:32,2170,0,1038,0,0,0,0
FG202,20220218,20220218,133733500,13:37:33,2170,0,1038,0,0,0,0
FG202,20220218,20220218,133735000,13:37:35,2170,0,1038,0,0,0,0
FG202,20220218,20220218,133735500,13:37:36,2170,0,1038,0,0,0,0
FG202,20220218,20220218,133736000,13:37:36,2170,0,1038,0,0,0,0
FG202,20220218,20220218,133737000,13:37:37,2170,0,1038,0,0,0,0
FG202,20220218,20220218,133737500,13:37:37,2170,0,1038,0,0,0,0
FG202,20220218,20220218,133738000,13:37:38,2170,0,1038,0,0,0,0
FG202,20220218,20220218,133738500,13:37:39,2170,0,1038,0,0,0,0
FG202,20220218,20220218,133739000,13:37:39,2170,0,1038,0,0,0,0
FG202,20220218,20220218,133739500,13:37:39,2170,0,1038,0,0,0,0
FG202,20220218,20220218,133740000,13:37:40,2170,0,1038,0,0,0,0
FG202,20220218,20220218,133741500,13:37:41,2170,0,1038,0,0,0,0
FG202,20220218,20220218,133742000,13:37:42,2170,0,1038,0,0,0,0
FG202,20220218,20220218,133742500,13:37:43,2170,0,1038,0,0,0,0
FG202,20220218,20220218,133743000,13:37:43,2170,0,1038,0,0,0,0
FG202,20220218,20220218,133743500,13:37:44,2170,0,1038,0,0,0,0
FG202,20220218,20220218,133744000,13:37:44,2170,0,1038,0,0,0,0
FG202,20220218,20220218,133744500,13:37:45,2170,0,1038,0,0,0,0
FG202,20220218,20220218,133745000,13:37:45,2170,0,1038,0,0,0,0
FG202,20220218,20220218,133747000,13:37:47,2170,0,1038,0,0,0,0
FG202,20220218,20220218,133747500,13:37:48,2170,0,1038,0,0,0,0
FG202,20220218,20220218,133748000,13:37:48,2170,0,1038,0,0,0,0
FG202,20220218,20220218,133748500,13:37:48,2170,0,1038,0,0,0,0
FG202,20220218,20220218,133749000,13:37:49,2170,0,1038,0,0,0,0
FG202,20220218,20220218,133750500,13:37:50,2170,0,1038,0,0,0,0
FG202,20220218,20220218,133751000,13:37:51,2170,0,1038,0,0,0,0
FG202,20220218,20220218,133751500,13:37:53,2170,0,1038,0,0,0,0
FG202,20220218,20220218,133752000,13:37:53,2170,0,1038,0,0,0,0
FG202,20220218,20220218,133752500,13:37:54,2170,0,1038,0,0,0,0
FG202,20220218,20220218,133753000,13:37:54,2170,0,1038,0,0,0,0
FG202,20220218,20220218,133754000,13:37:55,2170,0,1038,0,0,0,0
FG202,20220218,20220218,133754500,13:37:55,2170,0,1038,0,0,0,0
FG202,20220218,20220218,133755500,13:37:55,2170,0,1038,0,0,0,0
FG202,20220218,20220218,133756000,13:37:56,2170,0,1038,0,0,0,0
FG202,20220218,20220218,133756500,13:37:57,2170,0,1038,0,0,0,0
FG202,20220218,20220218,133757000,13:37:57,2170,0,1038,0,0,0,0
FG202,20220218,20220218,133758500,13:37:59,2170,0,1038,0,0,0,0
FG202,20220218,20220218,133759000,13:38:00,2170,0,1038,0,0,0,0
FG202,20220218,20220218,133800000,13:38:00,2170,0,1038,0,0,0,0
FG202,20220218,20220218,133800500,13:38:02,2170,0,1038,0,0,0,0
FG202,20220218,20220218,133801000,13:38:02,2170,0,1038,0,0,0,0
FG202,20220218,20220218,133801500,13:38:03,2170,0,1038,0,0,0,0
FG202,20220218,20220218,133802000,13:38:03,2170,0,1038,0,0,0,0
FG202,20220218,20220218,133802500,13:38:05,2170,0,1038,0,0,0,0
FG202,20220218,20220218,133803000,13:38:06,2170,0,1038,0,0,0,0
FG202,20220218,20220218,133805000,13:38:06,2170,0,1038,0,0,0,0
FG202,20220218,20220218,133805500,13:38:07,2170,0,1038,0,0,0,0
FG202,20220218,20220218,133806000,13:38:07,2170,0,1038,0,0,0,0
FG202,20220218,20220218,133806500,13:38:09,2170,0,1038,0,0,0,0
FG202,20220218,20220218,133807000,13:38:09,2170,0,1038,0,0,0,0
FG202,20220218,20220218,133809000,13:38:09,2170,0,1038,0,0,0,0
FG202,20220218,20220218,133809500,13:38:09,2170,0,1038,0,0,0,0
FG202,20220218,20220218,133810000,13:38:10,2170,0,1038,0,0,0,0
FG202,20220218,20220218,133810500,13:38:10,2170,0,1038,0,0,0,0
FG202,20220218,20220218,133811000,13:38:14,2170,0,1038,0,0,0,0
FG202,20220218,20220218,133811500,13:38:14,2170,0,1038,0,0,0,0
FG202,20220218,20220218,133812000,13:38:14,2170,0,1038,0,0,0,0
FG202,20220218,20220218,133812500,13:38:14,2170,0,1038,0,0,0,0
FG202,20220218,20220218,133813500,13:38:15,2170,0,1038,0,0,0,0
FG202,20220218,20220218,133814000,13:38:15,2170,0,1038,0,0,0,0
FG202,20220218,20220218,133814500,13:38:17,2170,0,1038,0,0,0,0
FG202,20220218,20220218,133815000,13:38:17,2170,0,1038,0,0,0,0
FG202,20220218,20220218,133815500,13:38:17,2170,0,1038,0,0,0,0
FG202,20220218,20220218,133817000,13:38:18,2170,0,1038,0,0,0,0
FG202,20220218,20220218,133817500,13:38:18,2170,0,1038,0,0,0,0
FG202,20220218,20220218,133818000,13:38:18,2170,0,1038,0,0,0,0
FG202,20220218,20220218,133818500,13:38:18,2170,0,1038,0,0,0,0
FG202,20220218,20220218,133819000,13:38:19,2170,0,1038,0,0,0,0
FG202,20220218,20220218,133819500,13:38:19,2170,0,1038,0,0,0,0
FG202,20220218,20220218,133820000,13:38:22,2170,0,1038,0,0,0,0
FG202,20220218,20220218,133820500,13:38:22,2170,0,1038,0,0,0,0
FG202,20220218,20220218,133821000,13:38:22,2170,0,1038,0,0,0,0
FG202,20220218,20220218,133821500,13:38:22,2170,0,1038,0,0,0,0
FG202,20220218,20220218,133822000,13:38:23,2170,0,1038,0,0,0,0
FG202,20220218,20220218,133822500,13:38:23,2170,0,1038,0,0,0,0
FG202,20220218,20220218,133823000,13:38:24,2170,0,1038,0,0,0,0
FG202,20220218,20220218,133823500,13:38:24,2170,0,1038,0,0,0,0
FG202,20220218,20220218,133824500,13:38:40,2170,0,1038,0,0,0,0
FG202,20220218,20220218,133825000,13:38:41,2170,0,1038,0,0,0,0
FG202,20220218,20220218,133840500,13:38:42,2170,0,1038,0,0,0,0
FG202,20220218,20220218,133841000,13:38:43,2170,0,1038,0,0,0,0
FG202,20220218,20220218,133842000,13:38:43,2170,0,1038,0,0,0,0
FG202,20220218,20220218,133842500,13:38:43,2170,0,1038,0,0,0,0
FG202,20220218,20220218,133843500,13:38:43,2170,0,1038,0,0,0,0
FG202,20220218,20220218,133844000,13:38:44,2170,0,1038,0,0,0,0
FG202,20220218,20220218,133845000,13:38:45,2170,0,1038,0,0,0,0
FG202,20220218,20220218,133845500,13:38:45,2170,0,1038,0,0,0,0
FG202,20220218,20220218,133846000,13:38:46,2170,0,1038,0,0,0,0
FG202,20220218,20220218,133847000,13:38:47,2170,0,1038,0,0,0,0
FG202,20220218,20220218,133848000,13:38:48,2170,0,1038,0,0,0,0
FG202,20220218,20220218,133850000,13:38:50,2170,0,1038,0,0,0,0
FG202,20220218,20220218,133851500,13:38:51,2170,0,1038,0,0,0,0
FG202,20220218,20220218,133854000,13:38:54,2170,0,1038,0,0,0,0
FG202,20220218,20220218,133856500,13:38:56,2170,0,1038,0,0,0,0
FG202,20220218,20220218,133857000,13:38:57,2170,0,1038,0,0,0,0
FG202,20220218,20220218,133902500,13:39:02,2170,0,1038,0,0,0,0
FG202,20220218,20220218,133906000,13:39:06,2170,0,1038,0,0,0,0
FG202,20220218,20220218,133908500,13:39:08,2170,0,1038,0,0,0,0
FG202,20220218,20220218,133909500,13:39:09,2170,0,1038,0,0,0,0
FG202,20220218,20220218,133911500,13:39:11,2170,0,1038,0,0,0,0
FG202,20220218,20220218,133913500,13:39:13,2170,0,1038,0,0,0,0
FG202,20220218,20220218,133914000,13:39:15,2170,0,1038,0,0,0,0
FG202,20220218,20220218,133914500,13:39:15,2170,0,1038,0,0,0,0
FG202,20220218,20220218,133915500,13:39:19,2170,0,1038,0,0,0,0
FG202,20220218,20220218,133916000,13:39:19,2170,0,1038,0,0,0,0
FG202,20220218,20220218,133918500,13:39:19,2170,0,1038,0,0,0,0
FG202,20220218,20220218,133919000,13:39:19,2170,0,1038,0,0,0,0
FG202,20220218,20220218,133919500,13:39:19,2170,0,1038,0,0,0,0
FG202,20220218,20220218,133921000,13:39:21,2170,0,1038,0,0,0,0
FG202,20220218,20220218,133922500,13:39:23,2170,0,1038,0,0,0,0
FG202,20220218,20220218,133924000,13:39:24,2170,0,1038,0,0,0,0
FG202,20220218,20220218,133924500,13:39:24,2170,0,1038,0,0,0,0
FG202,20220218,20220218,133925000,13:39:25,2170,0,1038,0,0,0,0
FG202,20220218,20220218,133926000,13:39:26,2170,0,1038,0,0,0,0
FG202,20220218,20220218,133928000,13:39:28,2170,0,1038,0,0,0,0
FG202,20220218,20220218,133929000,13:39:29,2170,0,1038,0,0,0,0
FG202,20220218,20220218,133931000,13:39:31,2170,0,1038,0,0,0,0
FG202,20220218,20220218,133932500,13:39:33,2170,0,1038,0,0,0,0
FG202,20220218,20220218,133933500,13:39:33,2170,0,1038,0,0,0,0
FG202,20220218,20220218,133934500,13:39:34,2170,0,1038,0,0,0,0
FG202,20220218,20220218,133936000,13:39:36,2170,0,1038,0,0,0,0
FG202,20220218,20220218,133937000,13:39:37,2170,0,1038,0,0,0,0
FG202,20220218,20220218,133938000,13:39:38,2170,0,1038,0,0,0,0
FG202,20220218,20220218,133938500,13:39:38,2170,0,1038,0,0,0,0
FG202,20220218,20220218,133939500,13:39:39,2170,0,1038,0,0,0,0
FG202,20220218,20220218,133943500,13:39:43,2170,0,1038,0,0,0,0
FG202,20220218,20220218,133944500,13:39:44,2170,0,1038,0,0,0,0
FG202,20220218,20220218,133945000,13:39:45,2170,0,1038,0,0,0,0
FG202,20220218,20220218,133945500,13:39:46,2170,0,1038,0,0,0,0
FG202,20220218,20220218,133946000,13:39:46,2170,0,1038,0,0,0,0
FG202,20220218,20220218,133946500,13:39:47,2170,0,1038,0,0,0,0
FG202,20220218,20220218,133947000,13:39:47,2170,0,1038,0,0,0,0
FG202,20220218,20220218,133947500,13:39:47,2170,0,1038,0,0,0,0
FG202,20220218,20220218,133948000,13:39:48,2170,0,1038,0,0,0,0
FG202,20220218,20220218,133948500,13:39:48,2170,0,1038,0,0,0,0
FG202,20220218,20220218,133949000,13:39:49,2170,0,1038,0,0,0,0
FG202,20220218,20220218,133949500,13:39:50,2170,0,1038,0,0,0,0
FG202,20220218,20220218,133950000,13:39:50,2170,0,1038,0,0,0,0
FG202,20220218,20220218,133950500,13:39:50,2170,0,1038,0,0,0,0
FG202,20220218,20220218,133951000,13:39:51,2170,0,1038,0,0,0,0
FG202,20220218,20220218,133951500,13:39:51,2170,0,1038,0,0,0,0
FG202,20220218,20220218,133952000,13:39:52,2170,0,1038,0,0,0,0
FG202,20220218,20220218,133952500,13:39:53,2170,0,1038,0,0,0,0
FG202,20220218,20220218,133953000,13:39:53,2170,0,1038,0,0,0,0
FG202,20220218,20220218,133953500,13:39:54,2170,0,1038,0,0,0,0
FG202,20220218,20220218,133954000,13:39:54,2170,0,1038,0,0,0,0
FG202,20220218,20220218,133954500,13:39:55,2170,0,1038,0,0,0,0
FG202,20220218,20220218,133955000,13:39:55,2170,0,1038,0,0,0,0
FG202,20220218,20220218,133955500,13:39:55,2170,0,1038,0,0,0,0
FG202,20220218,20220218,133956000,13:39:56,2170,0,1038,0,0,0,0
FG202,20220218,20220218,133957000,13:39:57,2170,0,1038,0,0,0,0
FG202,20220218,20220218,133957500,13:40:12,2170,0,1038,0,0,0,0
FG202,20220218,20220218,133958500,13:40:13,2170,0,1038,0,0,0,0
FG202,20220218,20220218,134012500,13:40:13,2170,0,1038,0,0,0,0
FG202,20220218,20220218,134013500,13:40:13,2170,0,1038,0,0,0,0
FG202,20220218,20220218,134014000,13:40:14,2170,0,1038,0,0,0,0
FG202,20220218,20220218,134014500,13:40:15,2170,0,1038,0,0,0,0
FG202,20220218,20220218,134018000,13:40:18,2170,0,1038,0,0,0,0
FG202,20220218,20220218,134018500,13:40:19,2170,0,1038,0,0,0,0
FG202,20220218,20220218,134019000,13:40:19,2170,0,1038,0,0,0,0
FG202,20220218,20220218,134023500,13:40:23,2170,0,1038,0,0,0,0
FG202,20220218,20220218,134024000,13:40:24,2170,0,1038,0,0,0,0
FG202,20220218,20220218,134024500,13:40:25,2170,0,1038,0,0,0,0
FG202,20220218,20220218,134025000,13:40:25,2170,0,1038,0,0,0,0
FG202,20220218,20220218,134025500,13:40:26,2170,0,1038,0,0,0,0
FG202,20220218,20220218,134026000,13:40:26,2170,0,1038,0,0,0,0
FG202,20220218,20220218,134026500,13:40:27,2170,0,1038,0,0,0,0
FG202,20220218,20220218,134027000,13:40:27,2170,0,1038,0,0,0,0
FG202,20220218,20220218,134027500,13:40:27,2170,0,1038,0,0,0,0
FG202,20220218,20220218,134028000,13:40:28,2170,0,1038,0,0,0,0
FG202,20220218,20220218,134028500,13:40:29,2170,0,1038,0,0,0,0
FG202,20220218,20220218,134029000,13:40:30,2170,0,1038,0,0,0,0
FG202,20220218,20220218,134029500,13:40:30,2170,0,1038,0,0,0,0
FG202,20220218,20220218,134030000,13:40:30,2170,0,1038,0,0,0,0
FG202,20220218,20220218,134030500,13:40:30,2170,0,1038,0,0,0,0
FG202,20220218,20220218,134031000,13:40:31,2170,0,1038,0,0,0,0
FG202,20220218,20220218,134031500,13:40:31,2170,0,1038,0,0,0,0
FG202,20220218,20220218,134032000,13:40:32,2170,0,1038,0,0,0,0
FG202,20220218,20220218,134032500,13:40:32,2170,0,1038,0,0,0,0
FG202,20220218,20220218,134033000,13:40:33,2170,0,1038,0,0,0,0
FG202,20220218,20220218,134033500,13:40:34,2170,0,1038,0,0,0,0
FG202,20220218,20220218,134034000,13:40:34,2170,0,1038,0,0,0,0
FG202,20220218,20220218,134034500,13:40:35,2170,0,1038,0,0,0,0
FG202,20220218,20220218,134035000,13:40:35,2170,0,1038,0,0,0,0
FG202,20220218,20220218,134035500,13:40:36,2170,0,1038,0,0,0,0
FG202,20220218,20220218,134036000,13:40:36,2170,0,1038,0,0,0,0
FG202,20220218,20220218,134036500,13:40:36,2170,0,1038,0,0,0,0
FG202,20220218,20220218,134037000,13:40:37,2170,0,1038,0,0,0,0
FG202,20220218,20220218,134037500,13:40:37,2170,0,1038,0,0,0,0
FG202,20220218,20220218,134038000,13:40:38,2170,0,1038,0,0,0,0
FG202,20220218,20220218,134038500,13:40:38,2170,0,1038,0,0,0,0
FG202,20220218,20220218,134039000,13:40:39,2170,0,1038,0,0,0,0
FG202,20220218,20220218,134039500,13:40:40,2170,0,1038,0,0,0,0
FG202,20220218,20220218,134040000,13:40:41,2170,0,1038,0,0,0,0
FG202,20220218,20220218,134040500,13:40:41,2170,0,1038,0,0,0,0
FG202,20220218,20220218,134041000,13:40:42,2170,0,1038,0,0,0,0
FG202,20220218,20220218,134041500,13:40:42,2170,0,1038,0,0,0,0
FG202,20220218,20220218,134042000,13:40:42,2170,0,1038,0,0,0,0
FG202,20220218,20220218,134042500,13:40:42,2170,0,1038,0,0,0,0
FG202,20220218,20220218,134043000,13:40:43,2170,0,1038,0,0,0,0
FG202,20220218,20220218,134043500,13:40:44,2170,0,1038,0,0,0,0
FG202,20220218,20220218,134044000,13:40:44,2170,0,1038,0,0,0,0
FG202,20220218,20220218,134044500,13:40:44,2170,0,1038,0,0,0,0
FG202,20220218,20220218,134045000,13:40:45,2170,0,1038,0,0,0,0
FG202,20220218,20220218,134045500,13:40:45,2170,0,1038,0,0,0,0
FG202,20220218,20220218,134046000,13:40:46,2170,0,1038,0,0,0,0
FG202,20220218,20220218,134046500,13:40:46,2170,0,1038,0,0,0,0
FG202,20220218,20220218,134047000,13:40:47,2170,0,1038,0,0,0,0
FG202,20220218,20220218,134047500,13:40:47,2170,0,1038,0,0,0,0
FG202,20220218,20220218,134048000,13:40:48,2170,0,1038,0,0,0,0
FG202,20220218,20220218,134048500,13:40:48,2170,0,1038,0,0,0,0
FG202,20220218,20220218,134049000,13:40:49,2170,0,1038,0,0,0,0
FG202,20220218,20220218,134049500,13:40:49,2170,0,1038,0,0,0,0
FG202,20220218,20220218,134050000,13:40:50,2170,0,1038,0,0,0,0
FG202,20220218,20220218,134050500,13:40:50,2170,0,1038,0,0,0,0
FG202,20220218,20220218,134051000,13:40:51,2170,0,1038,0,0,0,0
FG202,20220218,20220218,134052000,13:40:55,2170,0,1038,0,0,0,0
FG202,20220218,20220218,134052500,13:40:55,2170,0,1038,0,0,0,0
FG202,20220218,20220218,134055000,13:40:55,2170,0,1038,0,0,0,0
FG202,20220218,20220218,134055500,13:40:57,2170,0,1038,0,0,0,0
FG202,20220218,20220218,134056000,13:40:58,2170,0,1038,0,0,0,0
FG202,20220218,20220218,134057000,13:40:58,2170,0,1038,0,0,0,0
FG202,20220218,20220218,134057500,13:40:58,2170,0,1038,0,0,0,0
FG202,20220218,20220218,134058000,13:40:58,2170,0,1038,0,0,0,0
FG202,20220218,20220218,134058500,13:40:59,2170,0,1038,0,0,0,0
FG202,20220218,20220218,134059500,13:41:00,2170,0,1038,0,0,0,0
FG202,20220218,20220218,134100000,13:41:00,2170,0,1038,0,0,0,0
FG202,20220218,20220218,134100500,13:41:00,2170,0,1038,0,0,0,0
FG202,20220218,20220218,134101000,13:41:01,2170,0,1038,0,0,0,0
FG202,20220218,20220218,134102500,13:41:02,2170,0,1038,0,0,0,0
FG202,20220218,20220218,134103000,13:41:03,2170,0,1038,0,0,0,0
FG202,20220218,20220218,134104000,13:41:05,2170,0,1038,0,0,0,0
FG202,20220218,20220218,134104500,13:41:06,2170,0,1038,0,0,0,0
FG202,20220218,20220218,134105000,13:41:06,2170,0,1038,0,0,0,0
FG202,20220218,20220218,134105500,13:41:06,2170,0,1038,0,0,0,0
FG202,20220218,20220218,134106000,13:41:06,2170,0,1038,0,0,0,0
FG202,20220218,20220218,134106500,13:41:07,2170,0,1038,0,0,0,0
FG202,20220218,20220218,134107000,13:41:07,2170,0,1038,0,0,0,0
FG202,20220218,20220218,134108000,13:41:09,2170,0,1038,0,0,0,0
FG202,20220218,20220218,134108500,13:41:10,2170,0,1038,0,0,0,0
FG202,20220218,20220218,134109500,13:41:10,2170,0,1038,0,0,0,0
FG202,20220218,20220218,134110000,13:41:10,2170,0,1038,0,0,0,0
FG202,20220218,20220218,134110500,13:41:10,2170,0,1038,0,0,0,0
FG202,20220218,20220218,134111500,13:41:11,2170,0,1038,0,0,0,0
FG202,20220218,20220218,134113500,13:41:13,2170,0,1038,0,0,0,0
FG202,20220218,20220218,134114500,13:41:15,2170,0,1038,0,0,0,0
FG202,20220218,20220218,134115000,13:41:16,2170,0,1038,0,0,0,0
FG202,20220218,20220218,134115500,13:41:16,2170,0,1038,0,0,0,0
FG202,20220218,20220218,134116500,13:41:17,2170,0,1038,0,0,0,0
FG202,20220218,20220218,134117000,13:41:17,2170,0,1038,0,0,0,0
FG202,20220218,20220218,134117500,13:41:18,2170,0,1038,0,0,0,0
FG202,20220218,20220218,134118500,13:41:19,2170,0,1038,0,0,0,0
FG202,20220218,20220218,134119500,13:41:19,2170,0,1038,0,0,0,0
FG202,20220218,20220218,134120000,13:41:20,2170,0,1038,0,0,0,0
FG202,20220218,20220218,134120500,13:41:23,2170,0,1038,0,0,0,0
FG202,20220218,20220218,134121000,13:41:23,2170,0,1038,0,0,0,0
FG202,20220218,20220218,134121500,13:41:24,2170,0,1038,0,0,0,0
FG202,20220218,20220218,134122000,13:41:24,2170,0,1038,0,0,0,0
FG202,20220218,20220218,134123000,13:41:24,2170,0,1038,0,0,0,0
FG202,20220218,20220218,134123500,13:41:24,2170,0,1038,0,0,0,0
FG202,20220218,20220218,134124500,13:41:26,2170,0,1038,0,0,0,0
FG202,20220218,20220218,134125000,13:41:26,2170,0,1038,0,0,0,0
FG202,20220218,20220218,134125500,13:41:27,2170,0,1038,0,0,0,0
FG202,20220218,20220218,134126500,13:41:27,2170,0,1038,0,0,0,0
FG202,20220218,20220218,134127000,13:41:27,2170,0,1038,0,0,0,0
FG202,20220218,20220218,134127500,13:41:27,2170,0,1038,0,0,0,0
FG202,20220218,20220218,134128000,13:41:28,2170,0,1038,0,0,0,0
FG202,20220218,20220218,134129000,13:41:29,2170,0,1038,0,0,0,0
