MA207,20220218,20220218,112003000,11:20:03,0,0,0,0,0,0,0
MA207,20220218,20220218,112002700,11:20:05,2739,3808,51053,102892160,3808,51053,102892160
MA207,20220218,20220218,112004500,11:20:09,2739,3808,51053,102892160,0,0,0
MA207,20220218,20220218,112005000,11:20:10,2739,3808,51053,102892160,0,0,0
MA207,20220218,20220218,112006000,11:20:10,2739,3808,51053,102892160,0,0,0
MA207,20220218,20220218,112006500,11:20:10,2739,3808,51053,102892160,0,0,0
MA207,20220218,20220218,112007000,11:20:10,2739,3808,51053,102892160,0,0,0
MA207,20220218,20220218,112008000,11:20:10,2739,3808,51053,102892160,0,0,0
MA207,20220218,20220218,112008500,11:20:10,2739,3808,51053,102892160,0,0,0
MA207,20220218,20220218,112010000,11:20:10,2739,3808,51053,102892160,0,0,0
MA207,20220218,20220218,112019500,11:20:20,2739,3808,51053,102892160,0,0,0
MA207,20220218,20220218,112020000,11:20:20,2739,3808,51053,102892160,0,0,0
MA207,20220218,20220218,112020500,11:20:21,2739,3808,51053,102892160,0,0,0
MA207,20220218,20220218,112021000,11:20:21,2739,3808,51053,102892160,0,0,0
MA207,20220218,20220218,112021500,11:20:21,2739,3808,51053,102892160,0,0,0
MA207,20220218,20220218,112027000,11:20:27,2739,3808,51053,102892160,0,0,0
MA207,20220218,20220218,112027500,11:20:28,2739,3808,51053,102892160,0,0,0
MA207,20220218,20220218,112028000,11:20:28,2739,3808,51053,102892160,0,0,0
MA207,20220218,20220218,112028500,11:20:28,2741,3809,51053,102919180,1,0,27020
MA207,20220218,20220218,112029000,11:20:29,2741,3809,51053,102919180,0,0,0
MA207,20220218,20220218,112029500,11:20:31,2741,3809,51053,102919180,0,0,0
MA207,20220218,20220218,112030000,11:20:31,2741,3809,51053,102919180,0,0,0
MA207,20220218,20220218,112030500,11:20:31,2741,3809,51053,102919180,0,0,0
MA207,20220218,20220218,112031000,11:20:32,2741,3809,51053,102919180,0,0,0
MA207,20220218,20220218,112031500,11:20:32,2741,3809,51053,102919180,0,0,0
MA207,20220218,20220218,112032000,11:20:32,2741,3809,51053,102919180,0,0,0
MA207,20220218,20220218,112032500,11:20:32,2741,3809,51053,102919180,0,0,0
MA207,20220218,20220218,112033000,11:20:33,2741,3809,51053,102919180,0,0,0
MA207,20220218,20220218,112037500,11:20:38,2741,3809,51053,102919180,0,0,0
MA207,20220218,20220218,112038000,11:20:38,2741,3809,51053,102919180,0,0,0
MA207,20220218,20220218,112038500,11:20:39,2741,3809,51053,102919180,0,0,0
MA207,20220218,20220218,112039000,11:20:39,2741,3809,51053,102919180,0,0,0
MA207,20220218,20220218,112039500,11:20:40,2741,3809,51053,102919180,0,0,0
MA207,20220218,20220218,112040000,11:20:41,2741,3809,51053,102919180,0,0,0
MA207,20220218,20220218,112040500,11:20:41,2741,3809,51053,102919180,0,0,0
MA207,20220218,20220218,112041000,11:20:41,2741,3809,51053,102919180,0,0,0
MA207,20220218,20220218,112041500,11:20:41,2741,3809,51053,102919180,0,0,0
MA207,20220218,20220218,112051000,11:20:51,2741,3809,51053,102919180,0,0,0
MA207,20220218,20220218,112051500,11:20:52,2741,3809,51053,102919180,0,0,0
MA207,20220218,20220218,112052000,11:20:53,2741,3809,51053,102919180,0,0,0
MA207,20220218,20220218,112053000,11:20:53,2741,3809,51053,102919180,0,0,0
MA207,20220218,20220218,112100000,11:21:00,2741,3809,51053,102919180,0,0,0
MA207,20220218,20220218,112101000,11:21:01,2741,3809,51053,102919180,0,0,0
MA207,20220218,20220218,112101500,11:21:02,2741,3809,51053,102919180,0,0,0
MA207,20220218,20220218,112102000,11:21:03,2741,3809,51053,102919180,0,0,0
MA207,20220218,20220218,112102500,11:21:03,2741,3809,51053,102919180,0,0,0
MA207,20220218,20220218,112103000,11:21:03,2741,3809,51053,102919180,0,0,0
MA207,20220218,20220218,112103500,11:21:04,2741,3809,51053,102919180,0,0,0
MA207,20220218,20220218,112104000,11:21:04,2741,3809,51053,102919180,0,0,0
MA207,20220218,20220218,112105000,11:21:06,2741,3809,51053,102919180,0,0,0
MA207,20220218,20220218,112111000,11:21:11,2741,3809,51053,102919180,0,0,0
MA207,20220218,20220218,112112500,11:21:13,2741,3809,51053,102919180,0,0,0
MA207,20220218,20220218,112123500,11:21:24,2741,3809,51053,102919180,0,0,0
MA207,20220218,20220218,112125500,11:23:32,2741,3809,51053,102919180,0,0,0
MA207,20220218,20220218,112332000,11:23:33,2741,3809,51053,102919180,0,0,0
MA207,20220218,20220218,112336500,11:23:38,2741,3809,51053,102919180,0,0,0
MA207,20220218,20220218,112337500,11:23:38,2741,3809,51053,102919180,0,0,0
MA207,20220218,20220218,112339000,11:23:39,2741,3809,51053,102919180,0,0,0
MA207,20220218,20220218,112339500,11:23:39,2741,3809,51053,102919180,0,0,0
MA207,20220218,20220218,112341000,11:23:41,2741,3809,51053,102919180,0,0,0
MA207,20220218,20220218,112341500,11:23:42,2741,3809,51053,102919180,0,0,0
MA207,20220218,20220218,112342000,11:23:42,2741,3809,51053,102919180,0,0,0
MA207,20220218,20220218,112342500,11:23:43,2741,3809,51053,102919180,0,0,0
MA207,20220218,20220218,112347500,11:23:48,2741,3809,51053,102919180,0,0,0
MA207,20220218,20220218,112349500,11:23:50,2741,3809,51053,102919180,0,0,0
MA207,20220218,20220218,112350000,11:23:50,2741,3809,51053,102919180,0,0,0
MA207,20220218,20220218,112350500,11:23:50,2741,3809,51053,102919180,0,0,0
MA207,20220218,20220218,112353000,11:23:53,2741,3809,51053,102919180,0,0,0
MA207,20220218,20220218,112353500,11:23:53,2741,3809,51053,102919180,0,0,0
MA207,20220218,20220218,112354500,11:23:55,2741,3809,51053,102919180,0,0,0
MA207,20220218,20220218,112355000,11:23:55,2741,3809,51053,102919180,0,0,0
MA207,20220218,20220218,112417500,11:24:18,2741,3809,51053,102919180,0,0,0
MA207,20220218,20220218,112418500,11:24:19,2741,3809,51053,102919180,0,0,0
MA207,20220218,20220218,112424000,11:24:24,2741,3809,51053,102919180,0,0,0
MA207,20220218,20220218,112424500,11:24:24,2741,3809,51053,102919180,0,0,0
MA207,20220218,20220218,112425000,11:24:25,2741,3809,51053,102919180,0,0,0
MA207,20220218,20220218,112425500,11:24:25,2741,3809,51053,102919180,0,0,0
MA207,20220218,20220218,112426000,11:24:26,2741,3809,51053,102919180,0,0,0
MA207,20220218,20220218,112427500,11:24:28,2741,3809,51053,102919180,0,0,0
MA207,20220218,20220218,112446000,11:24:46,2741,3809,51053,102919180,0,0,0
MA207,20220218,20220218,112446500,11:24:46,2741,3810,51053,102946200,1,0,27020
MA207,20220218,20220218,112447000,11:24:47,2741,3810,51053,102946200,0,0,0
MA207,20220218,20220218,112447500,11:24:47,2741,3810,51053,102946200,0,0,0
MA207,20220218,20220218,112502000,11:25:05,2741,3810,51053,102946200,0,0,0
MA207,20220218,20220218,112502500,11:25:06,2741,3810,51053,102946200,0,0,0
MA207,20220218,20220218,112504500,11:25:06,2741,3810,51053,102946200,0,0,0
MA207,20220218,20220218,112506000,11:25:07,2741,3810,51053,102946200,0,0,0
MA207,20220218,20220218,112506500,11:25:07,2741,3810,51053,102946200,0,0,0
MA207,20220218,20220218,112507000,11:25:07,2741,3810,51053,102946200,0,0,0
MA207,20220218,20220218,112507500,11:25:07,2741,3810,51053,102946200,0,0,0
MA207,20220218,20220218,112508000,11:25:08,2741,3810,51053,102946200,0,0,0
MA207,20220218,20220218,112508500,11:25:09,2741,3810,51053,102946200,0,0,0
MA207,20220218,20220218,112509000,11:25:09,2741,3810,51053,102946200,0,0,0
MA207,20220218,20220218,112509500,11:25:09,2741,3810,51053,102946200,0,0,0
MA207,20220218,20220218,112510000,11:25:10,2741,3810,51053,102946200,0,0,0
MA207,20220218,20220218,112510500,11:25:10,2741,3810,51053,102946200,0,0,0
MA207,20220218,20220218,112511000,11:25:11,2741,3810,51053,102946200,0,0,0
MA207,20220218,20220218,112511500,11:25:11,2741,3810,51053,102946200,0,0,0
MA207,20220218,20220218,112512500,11:25:12,2741,3810,51053,102946200,0,0,0
MA207,20220218,20220218,112513000,11:25:13,2741,3810,51053,102946200,0,0,0
MA207,20220218,20220218,112513500,11:25:15,2741,3810,51053,102946200,0,0,0
MA207,20220218,20220218,112514000,11:25:15,2741,3810,51053,102946200,0,0,0
MA207,20220218,20220218,112514500,11:25:16,2741,3810,51053,102946200,0,0,0
MA207,20220218,20220218,112518000,11:25:19,2741,3810,51053,102946200,0,0,0
MA207,20220218,20220218,112518500,11:25:19,2741,3810,51053,102946200,0,0,0
MA207,20220218,20220218,112519000,11:25:19,2741,3810,51053,102946200,0,0,0
MA207,20220218,20220218,112519500,11:25:19,2741,3810,51053,102946200,0,0,0
MA207,20220218,20220218,112520000,11:25:21,2741,3810,51053,102946200,0,0,0
MA207,20220218,20220218,112520500,11:25:21,2741,3810,51053,102946200,0,0,0
MA207,20220218,20220218,112521000,11:25:22,2741,3810,51053,102946200,0,0,0
MA207,20220218,20220218,112521500,11:25:22,2741,3810,51053,102946200,0,0,0
MA207,20220218,20220218,112522000,11:25:22,2741,3810,51053,102946200,0,0,0
MA207,20220218,20220218,112522500,11:25:23,2741,3810,51053,102946200,0,0,0
MA207,20220218,20220218,112525000,11:25:25,2741,3810,51053,102946200,0,0,0
MA207,20220218,20220218,112526500,11:25:27,2741,3810,51053,102946200,0,0,0
MA207,20220218,20220218,112527000,11:25:28,2741,3810,51053,102946200,0,0,0
MA207,20220218,20220218,112527500,11:25:28,2741,3810,51053,102946200,0,0,0
MA207,20220218,20220218,112528500,11:25:28,2741,3810,51053,102946200,0,0,0
MA207,20220218,20220218,112530000,11:25:31,2741,3810,51053,102946200,0,0,0
MA207,20220218,20220218,112530500,11:25:31,2741,3810,51053,102946200,0,0,0
MA207,20220218,20220218,112531000,11:25:31,2741,3810,51053,102946200,0,0,0
MA207,20220218,20220218,112531500,11:25:32,2741,3810,51053,102946200,0,0,0
MA207,20220218,20220218,112532000,11:25:32,2741,3810,51053,102946200,0,0,0
MA207,20220218,20220218,112532500,11:25:33,2741,3810,51053,102946200,0,0,0
MA207,20220218,20220218,112533000,11:25:33,2741,3810,51053,102946200,0,0,0
MA207,20220218,20220218,112533500,11:25:33,2741,3810,51053,102946200,0,0,0
MA207,20220218,20220218,112534000,11:25:34,2741,3810,51053,102946200,0,0,0
MA207,20220218,20220218,112534500,11:25:35,2741,3810,51053,102946200,0,0,0
MA207,20220218,20220218,112535000,11:25:37,2741,3810,51053,102946200,0,0,0
MA207,20220218,20220218,112535500,11:25:37,2741,3810,51053,102946200,0,0,0
MA207,20220218,20220218,112536000,11:25:37,2741,3810,51053,102946200,0,0,0
MA207,20220218,20220218,112536500,11:25:37,2741,3810,51053,102946200,0,0,0
MA207,20220218,20220218,112537000,11:25:38,2741,3810,51053,102946200,0,0,0
MA207,20220218,20220218,112537500,11:25:38,2741,3810,51053,102946200,0,0,0
MA207,20220218,20220218,112538000,11:25:38,2741,3810,51053,102946200,0,0,0
MA207,20220218,20220218,112538500,11:25:39,2741,3810,51053,102946200,0,0,0
MA207,20220218,20220218,112539000,11:25:39,2741,3810,51053,102946200,0,0,0
MA207,20220218,20220218,112539500,11:25:40,2741,3810,51053,102946200,0,0,0
MA207,20220218,20220218,112542500,11:25:43,2741,3810,51053,102946200,0,0,0
MA207,20220218,20220218,112545000,11:25:45,2741,3810,51053,102946200,0,0,0
MA207,20220218,20220218,112545500,11:25:46,2741,3810,51053,102946200,0,0,0
MA207,20220218,20220218,112546000,11:25:47,2741,3810,51053,102946200,0,0,0
MA207,20220218,20220218,112547000,11:25:48,2741,3810,51053,102946200,0,0,0
MA207,20220218,20220218,112547500,11:25:48,2741,3810,51053,102946200,0,0,0
MA207,20220218,20220218,112548000,11:25:48,2741,3810,51053,102946200,0,0,0
MA207,20220218,20220218,112548500,11:25:48,2741,3810,51053,102946200,0,0,0
MA207,20220218,20220218,112549000,11:25:49,2741,3810,51053,102946200,0,0,0
MA207,20220218,20220218,112549500,11:25:49,2741,3810,51053,102946200,0,0,0
MA207,20220218,20220218,112550000,11:25:50,2741,3810,51053,102946200,0,0,0
MA207,20220218,20220218,112550500,11:25:51,2741,3810,51053,102946200,0,0,0
MA207,20220218,20220218,112551000,11:25:51,2741,3810,51053,102946200,0,0,0
MA207,20220218,20220218,112551500,11:25:51,2741,3810,51053,102946200,0,0,0
MA207,20220218,20220218,112552000,11:25:52,2741,3810,51053,102946200,0,0,0
MA207,20220218,20220218,112552500,11:25:52,2741,3810,51053,102946200,0,0,0
MA207,20220218,20220218,112553000,11:25:53,2741,3810,51053,102946200,0,0,0
MA207,20220218,20220218,112556000,11:25:57,2741,3810,51053,102946200,0,0,0
MA207,20220218,20220218,112601000,11:26:01,2741,3810,51053,102946200,0,0,0
MA207,20220218,20220218,112601500,11:26:02,2741,3810,51053,102946200,0,0,0
MA207,20220218,20220218,112602000,11:26:03,2741,3810,51053,102946200,0,0,0
MA207,20220218,20220218,112602500,11:26:03,2741,3810,51053,102946200,0,0,0
MA207,20220218,20220218,112605000,11:26:05,2741,3810,51053,102946200,0,0,0
MA207,20220218,20220218,112605500,11:26:06,2743,3817,51053,103135340,7,0,189140
MA207,20220218,20220218,112606000,11:26:06,2743,3827,51053,103405540,10,0,270200
MA207,20220218,20220218,112606500,11:26:09,2743,3827,51053,103405540,0,0,0
MA207,20220218,20220218,112609500,11:26:10,2743,3830,51053,103486600,3,0,81060
MA207,20220218,20220218,112610000,11:26:10,2743,3830,51053,103486600,0,0,0
MA207,20220218,20220218,112610500,11:26:11,2743,3830,51053,103486600,0,0,0
MA207,20220218,20220218,112611000,11:26:11,2743,3830,51053,103486600,0,0,0
MA207,20220218,20220218,112611500,11:26:13,2743,3830,51053,103486600,0,0,0
MA207,20220218,20220218,112615500,11:26:16,2743,3830,51053,103486600,0,0,0
MA207,20220218,20220218,112616000,11:26:16,2743,3830,51053,103486600,0,0,0
MA207,20220218,20220218,112616500,11:26:17,2743,3830,51053,103486600,0,0,0
MA207,20220218,20220218,112617000,11:26:17,2743,3830,51053,103486600,0,0,0
MA207,20220218,20220218,112617500,11:26:17,2743,3830,51053,103486600,0,0,0
MA207,20220218,20220218,112618000,11:26:18,2743,3830,51053,103486600,0,0,0
MA207,20220218,20220218,112620000,11:26:20,2743,3830,51053,103486600,0,0,0
MA207,20220218,20220218,112620500,11:26:20,2743,3830,51053,103486600,0,0,0
MA207,20220218,20220218,112621000,11:26:21,2743,3830,51053,103486600,0,0,0
MA207,20220218,20220218,112621500,11:26:21,2743,3830,51053,103486600,0,0,0
MA207,20220218,20220218,112622000,11:26:22,2743,3830,51053,103486600,0,0,0
MA207,20220218,20220218,112622500,11:26:23,2743,3830,51053,103486600,0,0,0
MA207,20220218,20220218,112623000,11:26:23,2743,3830,51053,103486600,0,0,0
MA207,20220218,20220218,112624500,11:26:24,2743,3830,51053,103486600,0,0,0
MA207,20220218,20220218,112626500,11:26:27,2743,3830,51053,103486600,0,0,0
MA207,20220218,20220218,112627000,11:26:27,2743,3830,51053,103486600,0,0,0
MA207,20220218,20220218,112627500,11:26:27,2743,3830,51053,103486600,0,0,0
MA207,20220218,20220218,112628000,11:26:28,2743,3830,51053,103486600,0,0,0
MA207,20220218,20220218,112628500,11:26:28,2743,3830,51053,103486600,0,0,0
MA207,20220218,20220218,112629000,11:26:29,2743,3830,51053,103486600,0,0,0
MA207,20220218,20220218,112629500,11:26:30,2743,3830,51053,103486600,0,0,0
MA207,20220218,20220218,112630000,11:26:31,2743,3830,51053,103486600,0,0,0
MA207,20220218,20220218,112632000,11:26:32,2743,3830,51053,103486600,0,0,0
MA207,20220218,20220218,112632500,11:26:32,2743,3830,51053,103486600,0,0,0
MA207,20220218,20220218,112633000,11:26:33,2743,3830,51053,103486600,0,0,0
MA207,20220218,20220218,112633500,11:26:34,2743,3830,51053,103486600,0,0,0
MA207,20220218,20220218,112634000,11:26:37,2743,3830,51053,103486600,0,0,0
MA207,20220218,20220218,112634500,11:26:37,2743,3830,51053,103486600,0,0,0
MA207,20220218,20220218,112635500,11:26:38,2743,3830,51053,103486600,0,0,0
MA207,20220218,20220218,112638000,11:27:10,2743,3830,51053,103486600,0,0,0
MA207,20220218,20220218,112652000,11:27:10,2743,3830,51053,103486600,0,0,0
MA207,20220218,20220218,112710000,11:27:12,2743,3830,51053,103486600,0,0,0
MA207,20220218,20220218,112710500,11:27:12,2743,3830,51053,103486600,0,0,0
MA207,20220218,20220218,112712000,11:27:12,2743,3830,51053,103486600,0,0,0
MA207,20220218,20220218,112712500,11:27:13,2743,3830,51053,103486600,0,0,0
MA207,20220218,20220218,112713000,11:27:14,2743,3830,51053,103486600,0,0,0
MA207,20220218,20220218,112714500,11:27:15,2743,3830,51053,103486600,0,0,0
MA207,20220218,20220218,112715000,11:27:16,2743,3830,51053,103486600,0,0,0
MA207,20220218,20220218,112715500,11:27:16,2743,3830,51053,103486600,0,0,0
MA207,20220218,20220218,112716000,11:27:17,2743,3830,51053,103486600,0,0,0
MA207,20220218,20220218,112716500,11:27:17,2743,3830,51053,103486600,0,0,0
MA207,20220218,20220218,112717000,11:27:17,2743,3830,51053,103486600,0,0,0
MA207,20220218,20220218,112717500,11:27:17,2743,3830,51053,103486600,0,0,0
MA207,20220218,20220218,112718000,11:27:18,2743,3830,51053,103486600,0,0,0
MA207,20220218,20220218,112718500,11:27:19,2743,3830,51053,103486600,0,0,0
MA207,20220218,20220218,112719000,11:27:19,2743,3830,51053,103486600,0,0,0
MA207,20220218,20220218,112726500,11:27:27,2743,3830,51053,103486600,0,0,0
MA207,20220218,20220218,112727000,11:27:27,2743,3830,51053,103486600,0,0,0
MA207,20220218,20220218,112730500,11:27:31,2743,3830,51053,103486600,0,0,0
MA207,20220218,20220218,112731000,11:27:33,2743,3830,51053,103486600,0,0,0
MA207,20220218,20220218,112731500,11:27:35,2743,3830,51053,103486600,0,0,0
MA207,20220218,20220218,112732000,11:27:36,2743,3830,51053,103486600,0,0,0
MA207,20220218,20220218,112735500,11:27:36,2743,3830,51053,103486600,0,0,0
MA207,20220218,20220218,112736000,11:27:37,2743,3830,51053,103486600,0,0,0
MA207,20220218,20220218,112737500,11:27:38,2743,3830,51053,103486600,0,0,0
MA207,20220218,20220218,112746000,11:27:46,2743,3830,51053,103486600,0,0,0
MA207,20220218,20220218,112748500,11:27:54,2743,3830,51053,103486600,0,0,0
MA207,20220218,20220218,112749000,11:27:54,2743,3830,51053,103486600,0,0,0
MA207,20220218,20220218,112749500,11:27:54,2743,3830,51053,103486600,0,0,0
MA207,20220218,20220218,112754000,11:27:54,2743,3830,51053,103486600,0,0,0
MA207,20220218,20220218,112755000,11:27:55,2743,3830,51053,103486600,0,0,0
MA207,20220218,20220218,112755500,11:27:55,2743,3830,51053,103486600,0,0,0
MA207,20220218,20220218,112756000,11:27:56,2743,3830,51053,103486600,0,0,0
MA207,20220218,20220218,112756500,11:27:56,2743,3830,51053,103486600,0,0,0
MA207,20220218,20220218,112757000,11:27:57,2743,3830,51053,103486600,0,0,0
MA207,20220218,20220218,112758000,11:27:58,2743,3830,51053,103486600,0,0,0
MA207,20220218,20220218,112758500,11:27:59,2743,3830,51053,103486600,0,0,0
MA207,20220218,20220218,112759000,11:27:59,2743,3830,51053,103486600,0,0,0
MA207,20220218,20220218,112759500,11:27:59,2743,3830,51053,103486600,0,0,0
MA207,20220218,20220218,112800000,11:28:01,2743,3830,51053,103486600,0,0,0
MA207,20220218,20220218,112800500,11:28:01,2743,3830,51053,103486600,0,0,0
MA207,20220218,20220218,112801000,11:28:01,2743,3830,51053,103486600,0,0,0
MA207,20220218,20220218,112801500,11:28:02,2743,3830,51053,103486600,0,0,0
MA207,20220218,20220218,112802000,11:28:03,2746,3833,51052,103567660,3,-1,81060
MA207,20220218,20220218,112802500,11:28:03,2746,3833,51052,103567660,0,0,0
MA207,20220218,20220218,112803000,11:28:04,2746,3833,51052,103567660,0,0,0
MA207,20220218,20220218,112803500,11:28:04,2746,3833,51052,103567660,0,0,0
MA207,20220218,20220218,112804000,11:28:05,2746,3833,51052,103567660,0,0,0
MA207,20220218,20220218,112804500,11:28:06,2746,3833,51052,103567660,0,0,0
MA207,20220218,20220218,112805000,11:28:06,2746,3833,51052,103567660,0,0,0
MA207,20220218,20220218,112805500,11:28:07,2746,3833,51052,103567660,0,0,0
MA207,20220218,20220218,112806000,11:28:10,2746,3833,51052,103567660,0,0,0
MA207,20220218,20220218,112806500,11:28:10,2746,3833,51052,103567660,0,0,0
MA207,20220218,20220218,112807000,11:28:10,2746,3833,51052,103567660,0,0,0
MA207,20220218,20220218,112810000,11:28:11,2746,3833,51052,103567660,0,0,0
MA207,20220218,20220218,112810500,11:28:12,2746,3833,51052,103567660,0,0,0
MA207,20220218,20220218,112813000,11:28:13,2746,3833,51052,103567660,0,0,0
MA207,20220218,20220218,112813500,11:28:14,2746,3833,51052,103567660,0,0,0
MA207,20220218,20220218,112814000,11:28:14,2746,3833,51052,103567660,0,0,0
MA207,20220218,20220218,112815000,11:28:15,2746,3833,51052,103567660,0,0,0
MA207,20220218,20220218,112815500,11:28:15,2746,3833,51052,103567660,0,0,0
MA207,20220218,20220218,112816000,11:28:16,2746,3833,51052,103567660,0,0,0
MA207,20220218,20220218,112817000,11:28:17,2746,3833,51052,103567660,0,0,0
MA207,20220218,20220218,112817500,11:28:17,2746,3833,51052,103567660,0,0,0
MA207,20220218,20220218,112818000,11:28:18,2746,3833,51052,103567660,0,0,0
MA207,20220218,20220218,112818500,11:28:18,2746,3833,51052,103567660,0,0,0
MA207,20220218,20220218,112819000,11:28:19,2746,3833,51052,103567660,0,0,0
MA207,20220218,20220218,112819500,11:28:20,2746,3833,51052,103567660,0,0,0
MA207,20220218,20220218,112820000,11:28:20,2746,3833,51052,103567660,0,0,0
MA207,20220218,20220218,112828500,11:28:28,2746,3833,51052,103567660,0,0,0
MA207,20220218,20220218,112829000,11:28:29,2746,3833,51052,103567660,0,0,0
MA207,20220218,20220218,112829500,11:28:29,2747,3844,51063,103864880,11,11,297220
MA207,20220218,20220218,112830000,11:28:30,2747,3844,51063,103864880,0,0,0
MA207,20220218,20220218,112830500,11:28:31,2747,3844,51063,103864880,0,0,0
MA207,20220218,20220218,112831000,11:28:31,2747,3844,51063,103864880,0,0,0
MA207,20220218,20220218,112831500,11:28:32,2747,3844,51063,103864880,0,0,0
MA207,20220218,20220218,112832000,11:28:33,2747,3844,51063,103864880,0,0,0
MA207,20220218,20220218,112833000,11:28:33,2747,3844,51063,103864880,0,0,0
MA207,20220218,20220218,112834500,11:28:34,2747,3844,51063,103864880,0,0,0
MA207,20220218,20220218,112835000,11:28:35,2747,3844,51063,103864880,0,0,0
MA207,20220218,20220218,112835500,11:28:37,2747,3844,51063,103864880,0,0,0
MA207,20220218,20220218,112836000,11:28:37,2747,3844,51063,103864880,0,0,0
MA207,20220218,20220218,112838500,11:28:38,2747,3844,51063,103864880,0,0,0
MA207,20220218,20220218,112839000,11:28:40,2747,3844,51063,103864880,0,0,0
MA207,20220218,20220218,112839500,11:28:40,2747,3844,51063,103864880,0,0,0
MA207,20220218,20220218,112840000,11:28:40,2747,3844,51063,103864880,0,0,0
MA207,20220218,20220218,112842000,11:28:42,2747,3844,51063,103864880,0,0,0
MA207,20220218,20220218,112842500,11:28:42,2747,3844,51063,103864880,0,0,0
MA207,20220218,20220218,112843000,11:28:43,2747,3844,51063,103864880,0,0,0
MA207,20220218,20220218,112843500,11:28:44,2747,3844,51063,103864880,0,0,0
MA207,20220218,20220218,112844000,11:28:44,2747,3844,51063,103864880,0,0,0
MA207,20220218,20220218,112844500,11:28:45,2747,3844,51063,103864880,0,0,0
MA207,20220218,20220218,112845500,11:28:45,2747,3844,51063,103864880,0,0,0
MA207,20220218,20220218,112851000,11:28:51,2747,3844,51063,103864880,0,0,0
MA207,20220218,20220218,112853000,11:28:54,2747,3844,51063,103864880,0,0,0
MA207,20220218,20220218,112853500,11:28:54,2747,3844,51063,103864880,0,0,0
MA207,20220218,20220218,112859000,11:28:59,2747,3844,51063,103864880,0,0,0
MA207,20220218,20220218,112859500,11:29:00,2747,3846,51063,103918920,2,0,54040
MA207,20220218,20220218,112900000,11:29:00,2747,3846,51063,103918920,0,0,0
MA207,20220218,20220218,112904500,11:29:04,2747,3846,51063,103918920,0,0,0
MA207,20220218,20220218,112907000,11:29:08,2747,3846,51063,103918920,0,0,0
MA207,20220218,20220218,112907500,11:29:08,2747,3846,51063,103918920,0,0,0
MA207,20220218,20220218,112908000,11:29:08,2747,3846,51063,103918920,0,0,0
MA207,20220218,20220218,112909000,11:29:09,2747,3846,51063,103918920,0,0,0
MA207,20220218,20220218,112911500,11:29:12,2747,3846,51063,103918920,0,0,0
MA207,20220218,20220218,112912000,11:29:12,2747,3846,51063,103918920,0,0,0
MA207,20220218,20220218,112912500,11:29:12,2747,3846,51063,103918920,0,0,0
MA207,20220218,20220218,112913500,11:29:14,2744,3848,51063,103972960,2,0,54040
MA207,20220218,20220218,112914000,11:29:14,2744,3848,51063,103972960,0,0,0
MA207,20220218,20220218,112915500,11:29:16,2744,3849,51063,103999980,1,0,27020
MA207,20220218,20220218,112916000,11:29:16,2744,3849,51063,103999980,0,0,0
MA207,20220218,20220218,112916500,11:29:20,2744,3849,51063,103999980,0,0,0
MA207,20220218,20220218,112919000,11:29:21,2744,3849,51063,103999980,0,0,0
MA207,20220218,20220218,112926000,11:29:26,2744,3849,51063,103999980,0,0,0
MA207,20220218,20220218,112926500,11:29:26,2744,3849,51063,103999980,0,0,0
MA207,20220218,20220218,112927500,11:29:28,2744,3849,51063,103999980,0,0,0
MA207,20220218,20220218,112928500,11:29:29,2744,3849,51063,103999980,0,0,0
MA207,20220218,20220218,112929000,11:29:29,2744,3849,51063,103999980,0,0,0
MA207,20220218,20220218,112930000,11:29:30,2744,3849,51063,103999980,0,0,0
MA207,20220218,20220218,112931500,11:29:32,2744,3849,51063,103999980,0,0,0
MA207,20220218,20220218,112932000,11:29:36,2744,3849,51063,103999980,0,0,0
MA207,20220218,20220218,112939500,11:29:40,2744,3849,51063,103999980,0,0,0
MA207,20220218,20220218,112941500,11:29:42,2744,3849,51063,103999980,0,0,0
MA207,20220218,20220218,112942000,11:29:44,2744,3849,51063,103999980,0,0,0
MA207,20220218,20220218,112942500,11:29:45,2744,3849,51063,103999980,0,0,0
MA207,20220218,20220218,112947500,11:29:48,2744,3849,51063,103999980,0,0,0
MA207,20220218,20220218,112948000,11:29:49,2744,3849,51063,103999980,0,0,0
MA207,20220218,20220218,112948500,11:29:50,2744,3849,51063,103999980,0,0,0
MA207,20220218,20220218,112951000,11:29:52,2744,3849,51063,103999980,0,0,0
MA207,20220218,20220218,112952000,11:29:53,2744,3849,51063,103999980,0,0,0
MA207,20220218,20220218,112953000,11:29:54,2744,3849,51063,103999980,0,0,0
MA207,20220218,20220218,112953500,11:29:54,2744,3849,51063,103999980,0,0,0
MA207,20220218,20220218,112955000,11:29:55,2744,3849,51063,103999980,0,0,0
MA207,20220218,20220218,112955500,11:29:56,2744,3849,51063,103999980,0,0,0
MA207,20220218,20220218,112957000,11:30:00,2744,3849,51063,103999980,0,0,0
MA207,20220218,20220218,112959500,11:30:02,2744,3849,51063,103999980,0,0,0
MA207,20220218,20220218,113000000,11:30:03,2744,3849,51063,103999980,0,0,0
MA207,20220218,20220218,133001000,13:30:01,2744,3849,51063,103999980,0,0,0
MA207,20220218,20220218,133002000,13:30:08,2747,3858,51063,104243160,9,0,243180
MA207,20220218,20220218,133002500,13:30:10,2747,3858,51063,104243160,0,0,0
MA207,20220218,20220218,133008000,13:30:10,2747,3858,51063,104243160,0,0,0
MA207,20220218,20220218,133009500,13:30:10,2747,3858,51063,104243160,0,0,0
MA207,20220218,20220218,133010000,13:30:11,2747,3858,51063,104243160,0,0,0
MA207,20220218,20220218,133011000,13:30:13,2747,3858,51063,104243160,0,0,0
MA207,20220218,20220218,133012500,13:30:13,2747,3858,51063,104243160,0,0,0
MA207,20220218,20220218,133013000,13:30:14,2747,3858,51063,104243160,0,0,0
MA207,20220218,20220218,133013500,13:30:14,2747,3858,51063,104243160,0,0,0
MA207,20220218,20220218,133014000,13:30:16,2747,3858,51063,104243160,0,0,0
MA207,20220218,20220218,133014500,13:30:16,2747,3858,51063,104243160,0,0,0
MA207,20220218,20220218,133015000,13:30:17,2747,3858,51063,104243160,0,0,0
MA207,20220218,20220218,133016500,13:30:18,2747,3858,51063,104243160,0,0,0
MA207,20220218,20220218,133017000,13:30:18,2747,3858,51063,104243160,0,0,0
MA207,20220218,20220218,133017500,13:30:18,2747,3858,51063,104243160,0,0,0
MA207,20220218,20220218,133018000,13:30:19,2747,3858,51063,104243160,0,0,0
MA207,20220218,20220218,133018500,13:30:20,2747,3858,51063,104243160,0,0,0
MA207,20220218,20220218,133019000,13:30:20,2747,3858,51063,104243160,0,0,0
MA207,20220218,20220218,133019500,13:30:21,2747,3858,51063,104243160,0,0,0
MA207,20220218,20220218,133020500,13:30:21,2747,3858,51063,104243160,0,0,0
MA207,20220218,20220218,133021000,13:30:21,2747,3858,51063,104243160,0,0,0
MA207,20220218,20220218,133021500,13:30:22,2747,3858,51063,104243160,0,0,0
MA207,20220218,20220218,133022000,13:30:38,2747,3858,51063,104243160,0,0,0
MA207,20220218,20220218,133022500,13:30:38,2747,3858,51063,104243160,0,0,0
MA207,20220218,20220218,133023000,13:30:40,2747,3858,51063,104243160,0,0,0
MA207,20220218,20220218,133038000,13:30:40,2747,3858,51063,104243160,0,0,0
MA207,20220218,20220218,133040500,13:30:42,2747,3858,51063,104243160,0,0,0
MA207,20220218,20220218,133041000,13:30:43,2747,3858,51063,104243160,0,0,0
MA207,20220218,20220218,133042000,13:30:44,2747,3858,51063,104243160,0,0,0
MA207,20220218,20220218,133042500,13:30:44,2747,3858,51063,104243160,0,0,0
MA207,20220218,20220218,133043000,13:30:44,2747,3858,51063,104243160,0,0,0
MA207,20220218,20220218,133043500,13:30:45,2747,3858,51063,104243160,0,0,0
MA207,20220218,20220218,133044000,13:30:45,2747,3858,51063,104243160,0,0,0
MA207,20220218,20220218,133044500,13:30:46,2747,3858,51063,104243160,0,0,0
MA207,20220218,20220218,133045000,13:30:46,2747,3858,51063,104243160,0,0,0
MA207,20220218,20220218,133045500,13:30:47,2747,3858,51063,104243160,0,0,0
MA207,20220218,20220218,133046000,13:30:47,2747,3858,51063,104243160,0,0,0
MA207,20220218,20220218,133046500,13:30:47,2747,3858,51063,104243160,0,0,0
MA207,20220218,20220218,133047000,13:30:48,2747,3858,51063,104243160,0,0,0
MA207,20220218,20220218,133047500,13:30:48,2747,3858,51063,104243160,0,0,0
MA207,20220218,20220218,133048000,13:30:49,2747,3858,51063,104243160,0,0,0
MA207,20220218,20220218,133048500,13:30:49,2747,3858,51063,104243160,0,0,0
MA207,20220218,20220218,133049000,13:30:50,2747,3858,51063,104243160,0,0,0
MA207,20220218,20220218,133049500,13:30:50,2747,3858,51063,104243160,0,0,0
MA207,20220218,20220218,133050000,13:30:51,2747,3858,51063,104243160,0,0,0
MA207,20220218,20220218,133050500,13:30:52,2747,3858,51063,104243160,0,0,0
MA207,20220218,20220218,133051000,13:30:52,2747,3858,51063,104243160,0,0,0
MA207,20220218,20220218,133051500,13:30:52,2747,3858,51063,104243160,0,0,0
MA207,20220218,20220218,133052000,13:30:53,2747,3858,51063,104243160,0,0,0
MA207,20220218,20220218,133052500,13:30:54,2747,3858,51063,104243160,0,0,0
MA207,20220218,20220218,133053000,13:30:54,2747,3858,51063,104243160,0,0,0
MA207,20220218,20220218,133053500,13:30:54,2747,3858,51063,104243160,0,0,0
MA207,20220218,20220218,133054000,13:30:55,2747,3858,51063,104243160,0,0,0
MA207,20220218,20220218,133054500,13:30:55,2747,3858,51063,104243160,0,0,0
MA207,20220218,20220218,133055000,13:30:56,2747,3858,51063,104243160,0,0,0
MA207,20220218,20220218,133055500,13:30:56,2746,3863,51063,104378260,5,0,135100
MA207,20220218,20220218,133056000,13:30:57,2746,3863,51063,104378260,0,0,0
MA207,20220218,20220218,133057000,13:30:58,2746,3863,51063,104378260,0,0,0
MA207,20220218,20220218,133057500,13:30:58,2746,3863,51063,104378260,0,0,0
MA207,20220218,20220218,133058000,13:30:58,2746,3863,51063,104378260,0,0,0
MA207,20220218,20220218,133058500,13:30:59,2746,3863,51063,104378260,0,0,0
MA207,20220218,20220218,133059000,13:30:59,2746,3863,51063,104378260,0,0,0
MA207,20220218,20220218,133059500,13:30:59,2746,3863,51063,104378260,0,0,0
MA207,20220218,20220218,133100000,13:31:00,2746,3863,51063,104378260,0,0,0
MA207,20220218,20220218,133100500,13:31:01,2746,3863,51063,104378260,0,0,0
MA207,20220218,20220218,133101000,13:31:01,2746,3863,51063,104378260,0,0,0
MA207,20220218,20220218,133101500,13:31:01,2746,3863,51063,104378260,0,0,0
MA207,20220218,20220218,133102000,13:31:02,2746,3863,51063,104378260,0,0,0
MA207,20220218,20220218,133102500,13:31:03,2746,3863,51063,104378260,0,0,0
MA207,20220218,20220218,133103000,13:31:03,2746,3863,51063,104378260,0,0,0
MA207,20220218,20220218,133103500,13:31:05,2746,3863,51063,104378260,0,0,0
MA207,20220218,20220218,133104000,13:31:06,2746,3863,51063,104378260,0,0,0
MA207,20220218,20220218,133104500,13:31:07,2746,3863,51063,104378260,0,0,0
MA207,20220218,20220218,133105500,13:31:07,2746,3863,51063,104378260,0,0,0
MA207,20220218,20220218,133107000,13:31:08,2746,3863,51063,104378260,0,0,0
MA207,20220218,20220218,133108500,13:31:09,2748,3864,51064,104405280,1,1,27020
MA207,20220218,20220218,133109000,13:31:10,2748,3864,51064,104405280,0,0,0
MA207,20220218,20220218,133109500,13:31:10,2748,3864,51064,104405280,0,0,0
MA207,20220218,20220218,133110000,13:31:11,2748,3864,51064,104405280,0,0,0
MA207,20220218,20220218,133110500,13:31:11,2748,3864,51064,104405280,0,0,0
MA207,20220218,20220218,133111000,13:31:12,2748,3864,51064,104405280,0,0,0
MA207,20220218,20220218,133111500,13:31:12,2748,3864,51064,104405280,0,0,0
MA207,20220218,20220218,133112000,13:31:13,2748,3864,51064,104405280,0,0,0
MA207,20220218,20220218,133112500,13:31:13,2748,3864,51064,104405280,0,0,0
MA207,20220218,20220218,133113000,13:31:14,2748,3864,51064,104405280,0,0,0
MA207,20220218,20220218,133113500,13:31:15,2748,3864,51064,104405280,0,0,0
MA207,20220218,20220218,133114000,13:31:15,2748,3864,51064,104405280,0,0,0
MA207,20220218,20220218,133114500,13:31:15,2748,3864,51064,104405280,0,0,0
MA207,20220218,20220218,133115500,13:31:16,2748,3864,51064,104405280,0,0,0
MA207,20220218,20220218,133117500,13:31:18,2748,3864,51064,104405280,0,0,0
MA207,20220218,20220218,133118000,13:31:19,2748,3864,51064,104405280,0,0,0
MA207,20220218,20220218,133118500,13:31:19,2748,3864,51064,104405280,0,0,0
MA207,20220218,20220218,133119000,13:31:20,2748,3864,51064,104405280,0,0,0
MA207,20220218,20220218,133120000,13:31:20,2748,3864,51064,104405280,0,0,0
MA207,20220218,20220218,133200000,13:32:01,2746,3865,51064,104432300,1,0,27020
MA207,20220218,20220218,133201000,13:32:01,2746,3865,51064,104432300,0,0,0
MA207,20220218,20220218,133209000,13:32:10,2746,3865,51064,104432300,0,0,0
MA207,20220218,20220218,133209500,13:32:10,2746,3865,51064,104432300,0,0,0
MA207,20220218,20220218,133210000,13:32:11,2746,3865,51064,104432300,0,0,0
MA207,20220218,20220218,133210500,13:32:14,2746,3865,51064,104432300,0,0,0
MA207,20220218,20220218,133211000,13:32:14,2746,3865,51064,104432300,0,0,0
MA207,20220218,20220218,133211500,13:32:15,2746,3865,51064,104432300,0,0,0
MA207,20220218,20220218,133216500,13:32:17,2746,3865,51064,104432300,0,0,0
MA207,20220218,20220218,133217000,13:32:18,2746,3865,51064,104432300,0,0,0
MA207,20220218,20220218,133217500,13:32:18,2746,3865,51064,104432300,0,0,0
MA207,20220218,20220218,133218000,13:32:18,2746,3865,51064,104432300,0,0,0
MA207,20220218,20220218,133219000,13:32:20,2746,3865,51064,104432300,0,0,0
MA207,20220218,20220218,133219500,13:32:20,2746,3865,51064,104432300,0,0,0
MA207,20220218,20220218,133220000,13:32:20,2746,3865,51064,104432300,0,0,0
MA207,20220218,20220218,133221000,13:32:21,2746,3865,51064,104432300,0,0,0
MA207,20220218,20220218,133221500,13:32:22,2746,3865,51064,104432300,0,0,0
MA207,20220218,20220218,133222000,13:32:23,2746,3865,51064,104432300,0,0,0
MA207,20220218,20220218,133222500,13:32:24,2746,3865,51064,104432300,0,0,0
MA207,20220218,20220218,133223000,13:32:24,2746,3865,51064,104432300,0,0,0
MA207,20220218,20220218,133223500,13:32:24,2746,3865,51064,104432300,0,0,0
MA207,20220218,20220218,133224000,13:32:24,2746,3865,51064,104432300,0,0,0
MA207,20220218,20220218,133224500,13:32:25,2746,3865,51064,104432300,0,0,0
MA207,20220218,20220218,133225000,13:32:25,2746,3865,51064,104432300,0,0,0
MA207,20220218,20220218,133225500,13:32:26,2746,3865,51064,104432300,0,0,0
MA207,20220218,20220218,133226000,13:32:27,2746,3865,51064,104432300,0,0,0
MA207,20220218,20220218,133226500,13:32:27,2746,3865,51064,104432300,0,0,0
MA207,20220218,20220218,133227000,13:32:27,2746,3865,51064,104432300,0,0,0
MA207,20220218,20220218,133227500,13:32:32,2746,3865,51064,104432300,0,0,0
MA207,20220218,20220218,133228000,13:32:32,2746,3865,51064,104432300,0,0,0
MA207,20220218,20220218,133228500,13:32:32,2746,3865,51064,104432300,0,0,0
MA207,20220218,20220218,133229000,13:32:33,2746,3865,51064,104432300,0,0,0
MA207,20220218,20220218,133231000,13:32:34,2746,3865,51064,104432300,0,0,0
MA207,20220218,20220218,133234500,13:32:35,2746,3865,51064,104432300,0,0,0
MA207,20220218,20220218,133239500,13:32:40,2746,3865,51064,104432300,0,0,0
MA207,20220218,20220218,133240000,13:32:40,2746,3865,51064,104432300,0,0,0
MA207,20220218,20220218,133240500,13:32:41,2746,3865,51064,104432300,0,0,0
MA207,20220218,20220218,133241000,13:32:41,2746,3865,51064,104432300,0,0,0
MA207,20220218,20220218,133245500,13:32:45,2746,3865,51064,104432300,0,0,0
MA207,20220218,20220218,133246000,13:32:47,2746,3865,51064,104432300,0,0,0
MA207,20220218,20220218,133246500,13:32:47,2746,3865,51064,104432300,0,0,0
MA207,20220218,20220218,133247000,13:32:47,2746,3865,51064,104432300,0,0,0
MA207,20220218,20220218,133247500,13:32:48,2746,3865,51064,104432300,0,0,0
MA207,20220218,20220218,133248000,13:32:48,2746,3865,51064,104432300,0,0,0
MA207,20220218,20220218,133248500,13:32:49,2746,3865,51064,104432300,0,0,0
MA207,20220218,20220218,133249000,13:32:49,2746,3865,51064,104432300,0,0,0
MA207,20220218,20220218,133249500,13:32:50,2746,3865,51064,104432300,0,0,0
MA207,20220218,20220218,133250000,13:32:52,2746,3865,51064,104432300,0,0,0
MA207,20220218,20220218,133251000,13:32:53,2746,3865,51064,104432300,0,0,0
MA207,20220218,20220218,133251500,13:32:53,2746,3865,51064,104432300,0,0,0
MA207,20220218,20220218,133252500,13:32:53,2746,3865,51064,104432300,0,0,0
MA207,20220218,20220218,133253000,13:32:53,2746,3865,51064,104432300,0,0,0
MA207,20220218,20220218,133253500,13:32:54,2746,3865,51064,104432300,0,0,0
MA207,20220218,20220218,133254000,13:32:54,2746,3865,51064,104432300,0,0,0
MA207,20220218,20220218,133254500,13:32:55,2746,3865,51064,104432300,0,0,0
MA207,20220218,20220218,133255000,13:32:55,2746,3865,51064,104432300,0,0,0
MA207,20220218,20220218,133256000,13:32:56,2746,3865,51064,104432300,0,0,0
MA207,20220218,20220218,133256500,13:32:58,2746,3865,51064,104432300,0,0,0
MA207,20220218,20220218,133257500,13:33:00,2746,3865,51064,104432300,0,0,0
MA207,20220218,20220218,133258000,13:33:00,2746,3865,51064,104432300,0,0,0
MA207,20220218,20220218,133300000,13:33:01,2746,3865,51064,104432300,0,0,0
MA207,20220218,20220218,133301000,13:33:02,2746,3865,51064,104432300,0,0,0
MA207,20220218,20220218,133301500,13:33:02,2746,3865,51064,104432300,0,0,0
MA207,20220218,20220218,133302000,13:33:03,2746,3865,51064,104432300,0,0,0
MA207,20220218,20220218,133302500,13:33:03,2746,3865,51064,104432300,0,0,0
MA207,20220218,20220218,133303000,13:33:04,2746,3865,51064,104432300,0,0,0
MA207,20220218,20220218,133303500,13:33:04,2746,3865,51064,104432300,0,0,0
MA207,20220218,20220218,133304500,13:33:05,2746,3865,51064,104432300,0,0,0
MA207,20220218,20220218,133305000,13:33:05,2746,3865,51064,104432300,0,0,0
MA207,20220218,20220218,133305500,13:33:05,2746,3865,51064,104432300,0,0,0
MA207,20220218,20220218,133306000,13:33:06,2746,3865,51064,104432300,0,0,0
MA207,20220218,20220218,133306500,13:33:06,2746,3865,51064,104432300,0,0,0
MA207,20220218,20220218,133307000,13:33:07,2746,3865,51064,104432300,0,0,0
MA207,20220218,20220218,133307500,13:33:08,2746,3865,51064,104432300,0,0,0
MA207,20220218,20220218,133308000,13:33:08,2746,3865,51064,104432300,0,0,0
MA207,20220218,20220218,133308500,13:33:09,2746,3865,51064,104432300,0,0,0
MA207,20220218,20220218,133309000,13:33:10,2746,3865,51064,104432300,0,0,0
MA207,20220218,20220218,133309500,13:33:11,2746,3865,51064,104432300,0,0,0
MA207,20220218,20220218,133310000,13:33:11,2746,3865,51064,104432300,0,0,0
MA207,20220218,20220218,133311000,13:33:12,2746,3865,51064,104432300,0,0,0
MA207,20220218,20220218,133311500,13:33:14,2746,3865,51064,104432300,0,0,0
MA207,20220218,20220218,133312000,13:33:14,2746,3865,51064,104432300,0,0,0
MA207,20220218,20220218,133313500,13:33:14,2746,3865,51064,104432300,0,0,0
MA207,20220218,20220218,133314000,13:33:17,2746,3865,51064,104432300,0,0,0
MA207,20220218,20220218,133314500,13:33:17,2746,3865,51064,104432300,0,0,0
MA207,20220218,20220218,133315000,13:33:18,2746,3865,51064,104432300,0,0,0
MA207,20220218,20220218,133317000,13:33:18,2746,3865,51064,104432300,0,0,0
MA207,20220218,20220218,133318000,13:33:19,2746,3865,51064,104432300,0,0,0
MA207,20220218,20220218,133322000,13:33:22,2746,3865,51064,104432300,0,0,0
MA207,20220218,20220218,133322500,13:33:22,2746,3865,51064,104432300,0,0,0
MA207,20220218,20220218,133323000,13:33:23,2746,3865,51064,104432300,0,0,0
MA207,20220218,20220218,133323500,13:33:24,2746,3865,51064,104432300,0,0,0
MA207,20220218,20220218,133324000,13:33:24,2746,3865,51064,104432300,0,0,0
MA207,20220218,20220218,133324500,13:33:25,2746,3865,51064,104432300,0,0,0
MA207,20220218,20220218,133325000,13:33:26,2746,3865,51064,104432300,0,0,0
MA207,20220218,20220218,133329500,13:33:30,2746,3865,51064,104432300,0,0,0
MA207,20220218,20220218,133333000,13:33:33,2746,3865,51064,104432300,0,0,0
MA207,20220218,20220218,133333500,13:33:34,2746,3865,51064,104432300,0,0,0
MA207,20220218,20220218,133334000,13:33:34,2746,3865,51064,104432300,0,0,0
MA207,20220218,20220218,133334500,13:33:35,2746,3865,51064,104432300,0,0,0
MA207,20220218,20220218,133335500,13:33:35,2746,3865,51064,104432300,0,0,0
MA207,20220218,20220218,133336000,13:33:36,2746,3865,51064,104432300,0,0,0
MA207,20220218,20220218,133348000,13:33:49,2746,3865,51064,104432300,0,0,0
MA207,20220218,20220218,133348500,13:33:49,2746,3865,51064,104432300,0,0,0
MA207,20220218,20220218,133349000,13:33:50,2746,3865,51064,104432300,0,0,0
MA207,20220218,20220218,133349500,13:33:50,2746,3865,51064,104432300,0,0,0
MA207,20220218,20220218,133350000,13:33:50,2746,3865,51064,104432300,0,0,0
MA207,20220218,20220218,133350500,13:33:50,2746,3865,51064,104432300,0,0,0
MA207,20220218,20220218,133351000,13:33:51,2746,3865,51064,104432300,0,0,0
MA207,20220218,20220218,133351500,13:33:52,2746,3865,51064,104432300,0,0,0
MA207,20220218,20220218,133352000,13:33:52,2746,3865,51064,104432300,0,0,0
MA207,20220218,20220218,133352500,13:33:53,2746,3865,51064,104432300,0,0,0
MA207,20220218,20220218,133353000,13:33:53,2746,3865,51064,104432300,0,0,0
MA207,20220218,20220218,133355000,13:33:56,2746,3865,51064,104432300,0,0,0
MA207,20220218,20220218,133355500,13:33:56,2741,3866,51064,104459320,1,0,27020
MA207,20220218,20220218,133356000,13:33:57,2741,3866,51064,104459320,0,0,0
MA207,20220218,20220218,133358000,13:33:58,2741,3866,51064,104459320,0,0,0
MA207,20220218,20220218,133358500,13:33:59,2741,3866,51064,104459320,0,0,0
MA207,20220218,20220218,133359000,13:33:59,2741,3866,51064,104459320,0,0,0
MA207,20220218,20220218,133359500,13:34:00,2741,3866,51064,104459320,0,0,0
MA207,20220218,20220218,133400000,13:34:00,2741,3866,51064,104459320,0,0,0
MA207,20220218,20220218,133400500,13:34:01,2741,3866,51064,104459320,0,0,0
MA207,20220218,20220218,133401000,13:34:01,2741,3866,51064,104459320,0,0,0
MA207,20220218,20220218,133401500,13:34:02,2741,3866,51064,104459320,0,0,0
MA207,20220218,20220218,133403000,13:34:10,2741,3866,51064,104459320,0,0,0
MA207,20220218,20220218,133405500,13:34:11,2741,3866,51064,104459320,0,0,0
MA207,20220218,20220218,133411500,13:34:12,2741,3866,51064,104459320,0,0,0
MA207,20220218,20220218,133412000,13:34:13,2741,3866,51064,104459320,0,0,0
MA207,20220218,20220218,133415000,13:34:16,2741,3866,51064,104459320,0,0,0
MA207,20220218,20220218,133415500,13:34:16,2741,3866,51064,104459320,0,0,0
MA207,20220218,20220218,133416000,13:34:16,2741,3866,51064,104459320,0,0,0
MA207,20220218,20220218,133416500,13:34:17,2741,3866,51064,104459320,0,0,0
MA207,20220218,20220218,133417000,13:34:17,2741,3866,51064,104459320,0,0,0
MA207,20220218,20220218,133417500,13:34:17,2741,3866,51064,104459320,0,0,0
MA207,20220218,20220218,133418000,13:34:18,2741,3866,51064,104459320,0,0,0
MA207,20220218,20220218,133420500,13:34:21,2741,3866,51064,104459320,0,0,0
MA207,20220218,20220218,133421000,13:34:23,2741,3866,51064,104459320,0,0,0
MA207,20220218,20220218,133424000,13:34:24,2741,3866,51064,104459320,0,0,0
MA207,20220218,20220218,133435500,13:34:36,2741,3866,51064,104459320,0,0,0
MA207,20220218,20220218,133436000,13:34:36,2741,3866,51064,104459320,0,0,0
MA207,20220218,20220218,133437500,13:34:38,2741,3866,51064,104459320,0,0,0
MA207,20220218,20220218,133438000,13:34:38,2741,3866,51064,104459320,0,0,0
MA207,20220218,20220218,133438500,13:34:39,2741,3866,51064,104459320,0,0,0
MA207,20220218,20220218,133442000,13:34:44,2741,3866,51064,104459320,0,0,0
MA207,20220218,20220218,133443000,13:34:45,2741,3866,51064,104459320,0,0,0
MA207,20220218,20220218,133443500,13:34:45,2741,3866,51064,104459320,0,0,0
MA207,20220218,20220218,133444000,13:34:46,2741,3866,51064,104459320,0,0,0
MA207,20220218,20220218,133448000,13:34:48,2741,3866,51064,104459320,0,0,0
MA207,20220218,20220218,133448500,13:34:49,2741,3866,51064,104459320,0,0,0
MA207,20220218,20220218,133449000,13:34:49,2741,3866,51064,104459320,0,0,0
MA207,20220218,20220218,133449500,13:34:49,2741,3866,51064,104459320,0,0,0
MA207,20220218,20220218,133451000,13:34:51,2741,3866,51064,104459320,0,0,0
MA207,20220218,20220218,133451500,13:34:52,2741,3866,51064,104459320,0,0,0
MA207,20220218,20220218,133453000,13:34:53,2741,3866,51064,104459320,0,0,0
MA207,20220218,20220218,133453500,13:34:55,2741,3866,51064,104459320,0,0,0
MA207,20220218,20220218,133455500,13:34:56,2741,3866,51064,104459320,0,0,0
MA207,20220218,20220218,133457000,13:34:57,2741,3866,51064,104459320,0,0,0
MA207,20220218,20220218,133458000,13:34:58,2741,3866,51064,104459320,0,0,0
MA207,20220218,20220218,133459000,13:34:59,2741,3866,51064,104459320,0,0,0
MA207,20220218,20220218,133459500,13:35:00,2741,3866,51064,104459320,0,0,0
MA207,20220218,20220218,133501000,13:35:04,2741,3866,51064,104459320,0,0,0
MA207,20220218,20220218,133501500,13:35:06,2741,3866,51064,104459320,0,0,0
MA207,20220218,20220218,133504500,13:35:10,2741,3866,51064,104459320,0,0,0
MA207,20220218,20220218,133508500,13:35:10,2741,3866,51064,104459320,0,0,0
MA207,20220218,20220218,133515500,13:35:16,2741,3866,51064,104459320,0,0,0
MA207,20220218,20220218,133516000,13:35:16,2741,3866,51064,104459320,0,0,0
MA207,20220218,20220218,133516500,13:35:17,2741,3866,51064,104459320,0,0,0
MA207,20220218,20220218,133518000,13:35:19,2747,3867,51065,104486340,1,1,27020
MA207,20220218,20220218,133519500,13:35:20,2747,3867,51065,104486340,0,0,0
MA207,20220218,20220218,133520000,13:35:20,2747,3867,51065,104486340,0,0,0
MA207,20220218,20220218,133520500,13:35:21,2747,3867,51065,104486340,0,0,0
MA207,20220218,20220218,133521000,13:35:22,2747,3867,51065,104486340,0,0,0
MA207,20220218,20220218,133521500,13:35:22,2747,3867,51065,104486340,0,0,0
MA207,20220218,20220218,133522000,13:35:22,2747,3867,51065,104486340,0,0,0
MA207,20220218,20220218,133522500,13:35:23,2747,3867,51065,104486340,0,0,0
MA207,20220218,20220218,133523000,13:35:23,2747,3867,51065,104486340,0,0,0
MA207,20220218,20220218,133523500,13:35:23,2748,3869,51066,104540380,2,1,54040
MA207,20220218,20220218,133524000,13:35:25,2748,3869,51066,104540380,0,0,0
MA207,20220218,20220218,133524500,13:35:25,2748,3869,51066,104540380,0,0,0
MA207,20220218,20220218,133525000,13:35:26,2748,3869,51066,104540380,0,0,0
MA207,20220218,20220218,133525500,13:35:26,2748,3869,51066,104540380,0,0,0
MA207,20220218,20220218,133526000,13:35:26,2748,3869,51066,104540380,0,0,0
MA207,20220218,20220218,133526500,13:35:27,2748,3869,51066,104540380,0,0,0
MA207,20220218,20220218,133527000,13:35:31,2748,3869,51066,104540380,0,0,0
MA207,20220218,20220218,133528000,13:35:32,2748,3869,51066,104540380,0,0,0
MA207,20220218,20220218,133531000,13:35:32,2749,3871,51066,104594420,2,0,54040
MA207,20220218,20220218,133531500,13:35:41,2749,3871,51066,104594420,0,0,0
MA207,20220218,20220218,133540000,13:35:43,2749,3871,51066,104594420,0,0,0
MA207,20220218,20220218,133545500,13:35:46,2749,3871,51066,104594420,0,0,0
MA207,20220218,20220218,133546000,13:35:46,2749,3871,51066,104594420,0,0,0
MA207,20220218,20220218,133547000,13:35:47,2749,3871,51066,104594420,0,0,0
MA207,20220218,20220218,133547500,13:35:48,2749,3871,51066,104594420,0,0,0
MA207,20220218,20220218,133549000,13:35:49,2749,3871,51066,104594420,0,0,0
MA207,20220218,20220218,133549500,13:35:49,2749,3871,51066,104594420,0,0,0
MA207,20220218,20220218,133550000,13:35:50,2749,3871,51066,104594420,0,0,0
MA207,20220218,20220218,133550500,13:35:51,2749,3879,51066,104810580,8,0,216160
MA207,20220218,20220218,133551000,13:35:51,2749,3879,51066,104810580,0,0,0
MA207,20220218,20220218,133551500,13:35:52,2749,3879,51066,104810580,0,0,0
MA207,20220218,20220218,133552000,13:35:52,2749,3879,51066,104810580,0,0,0
MA207,20220218,20220218,133552500,13:35:53,2749,3879,51066,104810580,0,0,0
MA207,20220218,20220218,133553000,13:35:53,2749,3879,51066,104810580,0,0,0
MA207,20220218,20220218,133553500,13:35:55,2749,3879,51066,104810580,0,0,0
MA207,20220218,20220218,133555000,13:35:56,2749,3879,51066,104810580,0,0,0
MA207,20220218,20220218,133555500,13:35:56,2749,3879,51066,104810580,0,0,0
MA207,20220218,20220218,133556000,13:35:56,2749,3879,51066,104810580,0,0,0
MA207,20220218,20220218,133556500,13:35:57,2751,3880,51067,104837600,1,1,27020
MA207,20220218,20220218,133557000,13:35:59,2751,3880,51067,104837600,0,0,0
MA207,20220218,20220218,133558000,13:36:01,2751,3880,51067,104837600,0,0,0
MA207,20220218,20220218,133559500,13:36:03,2751,3880,51067,104837600,0,0,0
MA207,20220218,20220218,133601500,13:36:03,2751,3880,51067,104837600,0,0,0
MA207,20220218,20220218,133602500,13:36:03,2751,3880,51067,104837600,0,0,0
MA207,20220218,20220218,133603000,13:36:05,2751,3880,51067,104837600,0,0,0
MA207,20220218,20220218,133603500,13:36:05,2751,3880,51067,104837600,0,0,0
MA207,20220218,20220218,133604000,13:36:06,2751,3880,51067,104837600,0,0,0
MA207,20220218,20220218,133605000,13:36:06,2751,3880,51067,104837600,0,0,0
MA207,20220218,20220218,133605500,13:36:07,2751,3880,51067,104837600,0,0,0
MA207,20220218,20220218,133606000,13:36:07,2751,3880,51067,104837600,0,0,0
MA207,20220218,20220218,133608500,13:36:08,2751,3880,51067,104837600,0,0,0
MA207,20220218,20220218,133609500,13:36:10,2751,3880,51067,104837600,0,0,0
MA207,20220218,20220218,133618500,13:36:19,2751,3880,51067,104837600,0,0,0
MA207,20220218,20220218,133619000,13:36:19,2751,3880,51067,104837600,0,0,0
MA207,20220218,20220218,133619500,13:36:20,2752,3881,51068,104864620,1,1,27020
MA207,20220218,20220218,133620000,13:36:20,2753,3941,51078,106525230,60,10,1660610
MA207,20220218,20220218,133620500,13:36:20,2753,3942,51078,106552260,1,0,27030
MA207,20220218,20220218,133621500,13:36:21,2753,3943,51078,106579290,1,0,27030
MA207,20220218,20220218,133622500,13:36:22,2753,3951,51078,106795530,8,0,216240
MA207,20220218,20220218,133623000,13:36:23,2753,3951,51078,106795530,0,0,0
MA207,20220218,20220218,133623500,13:36:23,2753,3951,51078,106795530,0,0,0
MA207,20220218,20220218,133625000,13:36:25,2753,3951,51078,106795530,0,0,0
MA207,20220218,20220218,133625500,13:36:26,2753,3951,51078,106795530,0,0,0
MA207,20220218,20220218,133626000,13:36:26,2753,3951,51078,106795530,0,0,0
MA207,20220218,20220218,133626500,13:36:27,2753,3951,51078,106795530,0,0,0
MA207,20220218,20220218,133628500,13:36:29,2753,3951,51078,106795530,0,0,0
MA207,20220218,20220218,133629000,13:36:30,2753,3951,51078,106795530,0,0,0
MA207,20220218,20220218,133632000,13:36:32,2753,3951,51078,106795530,0,0,0
MA207,20220218,20220218,133633000,13:36:33,2753,3951,51078,106795530,0,0,0
MA207,20220218,20220218,133633500,13:36:34,2753,3951,51078,106795530,0,0,0
MA207,20220218,20220218,133634000,13:36:34,2753,3951,51078,106795530,0,0,0
MA207,20220218,20220218,133634500,13:36:35,2753,3951,51078,106795530,0,0,0
MA207,20220218,20220218,133638500,13:36:39,2753,3951,51078,106795530,0,0,0
MA207,20220218,20220218,133639000,13:36:39,2753,3951,51078,106795530,0,0,0
MA207,20220218,20220218,133639500,13:36:40,2753,3951,51078,106795530,0,0,0
MA207,20220218,20220218,133640000,13:36:40,2753,3951,51078,106795530,0,0,0
MA207,20220218,20220218,133640500,13:36:40,2753,3951,51078,106795530,0,0,0
MA207,20220218,20220218,133641500,13:36:42,2753,3951,51078,106795530,0,0,0
MA207,20220218,20220218,133642000,13:36:42,2753,3951,51078,106795530,0,0,0
MA207,20220218,20220218,133642500,13:36:43,2753,3951,51078,106795530,0,0,0
MA207,20220218,20220218,133643000,13:36:43,2753,3951,51078,106795530,0,0,0
MA207,20220218,20220218,133643500,13:36:44,2753,3951,51078,106795530,0,0,0
MA207,20220218,20220218,133644000,13:36:44,2753,3951,51078,106795530,0,0,0
MA207,20220218,20220218,133644500,13:36:44,2753,3951,51078,106795530,0,0,0
MA207,20220218,20220218,133645000,13:36:45,2753,3951,51078,106795530,0,0,0
MA207,20220218,20220218,133645500,13:36:46,2753,3951,51078,106795530,0,0,0
MA207,20220218,20220218,133646000,13:36:46,2753,3951,51078,106795530,0,0,0
MA207,20220218,20220218,133646500,13:36:46,2753,3951,51078,106795530,0,0,0
MA207,20220218,20220218,133647000,13:36:47,2753,3951,51078,106795530,0,0,0
MA207,20220218,20220218,133647500,13:36:48,2753,3951,51078,106795530,0,0,0
MA207,20220218,20220218,133648500,13:36:49,2753,3951,51078,106795530,0,0,0
MA207,20220218,20220218,133649000,13:36:49,2753,3951,51078,106795530,0,0,0
MA207,20220218,20220218,133649500,13:36:49,2753,3951,51078,106795530,0,0,0
MA207,20220218,20220218,133650000,13:36:50,2753,3951,51078,106795530,0,0,0
MA207,20220218,20220218,133650500,13:36:50,2753,3951,51078,106795530,0,0,0
MA207,20220218,20220218,133651000,13:36:51,2753,3951,51078,106795530,0,0,0
MA207,20220218,20220218,133651500,13:36:52,2753,3951,51078,106795530,0,0,0
MA207,20220218,20220218,133652500,13:36:53,2753,3951,51078,106795530,0,0,0
MA207,20220218,20220218,133654000,13:36:54,2753,3951,51078,106795530,0,0,0
MA207,20220218,20220218,133656000,13:36:56,2753,3951,51078,106795530,0,0,0
MA207,20220218,20220218,133656500,13:36:58,2753,3951,51078,106795530,0,0,0
MA207,20220218,20220218,133657000,13:36:58,2753,3951,51078,106795530,0,0,0
MA207,20220218,20220218,133657500,13:36:58,2753,3951,51078,106795530,0,0,0
MA207,20220218,20220218,133658000,13:36:58,2753,3951,51078,106795530,0,0,0
MA207,20220218,20220218,133658500,13:36:59,2753,3951,51078,106795530,0,0,0
MA207,20220218,20220218,133659000,13:36:59,2753,3951,51078,106795530,0,0,0
MA207,20220218,20220218,133702000,13:37:02,2753,3951,51078,106795530,0,0,0
MA207,20220218,20220218,133702500,13:37:03,2753,3951,51078,106795530,0,0,0
MA207,20220218,20220218,133703000,13:37:03,2753,3951,51078,106795530,0,0,0
MA207,20220218,20220218,133703500,13:37:03,2751,3953,51079,106849590,2,1,54060
MA207,20220218,20220218,133704000,13:37:04,2751,3953,51079,106849590,0,0,0
MA207,20220218,20220218,133705500,13:37:08,2751,3953,51079,106849590,0,0,0
MA207,20220218,20220218,133706000,13:37:08,2751,3953,51079,106849590,0,0,0
MA207,20220218,20220218,133706500,13:37:08,2751,3953,51079,106849590,0,0,0
MA207,20220218,20220218,133709500,13:37:11,2751,3953,51079,106849590,0,0,0
MA207,20220218,20220218,133710000,13:37:11,2751,3953,51079,106849590,0,0,0
MA207,20220218,20220218,133710500,13:37:11,2751,3953,51079,106849590,0,0,0
MA207,20220218,20220218,133711500,13:37:13,2751,3953,51079,106849590,0,0,0
MA207,20220218,20220218,133712000,13:37:13,2755,4000,51106,108160000,47,27,1310410
MA207,20220218,20220218,133713000,13:37:13,2755,4000,51106,108160000,0,0,0
MA207,20220218,20220218,133713500,13:37:14,2755,4000,51106,108160000,0,0,0
MA207,20220218,20220218,133714000,13:37:14,2755,4000,51106,108160000,0,0,0
MA207,20220218,20220218,133714500,13:37:15,2755,4000,51106,108160000,0,0,0
MA207,20220218,20220218,133715000,13:37:15,2755,4000,51106,108160000,0,0,0
MA207,20220218,20220218,133715500,13:37:16,2757,4012,51099,108484480,12,-7,324480
MA207,20220218,20220218,133716000,13:37:16,2757,4012,51099,108484480,0,0,0
MA207,20220218,20220218,133716500,13:37:17,2757,4012,51099,108484480,0,0,0
MA207,20220218,20220218,133717000,13:37:18,2755,4013,51099,108511520,1,0,27040
MA207,20220218,20220218,133717500,13:37:18,2755,4014,51099,108538560,1,0,27040
MA207,20220218,20220218,133718000,13:37:18,2755,4014,51099,108538560,0,0,0
MA207,20220218,20220218,133718500,13:37:19,2756,4016,51099,108592640,2,0,54080
MA207,20220218,20220218,133719000,13:37:19,2756,4018,51098,108646720,2,-1,54080
MA207,20220218,20220218,133719500,13:37:20,2756,4018,51098,108646720,0,0,0
MA207,20220218,20220218,133720000,13:37:21,2756,4018,51098,108646720,0,0,0
MA207,20220218,20220218,133720500,13:37:21,2756,4018,51098,108646720,0,0,0
MA207,20220218,20220218,133721000,13:37:21,2756,4018,51098,108646720,0,0,0
MA207,20220218,20220218,133721500,13:37:22,2756,4018,51098,108646720,0,0,0
MA207,20220218,20220218,133722000,13:37:22,2756,4018,51098,108646720,0,0,0
MA207,20220218,20220218,133722500,13:37:23,2756,4018,51098,108646720,0,0,0
MA207,20220218,20220218,133723000,13:37:23,2756,4018,51098,108646720,0,0,0
MA207,20220218,20220218,133723500,13:37:23,2756,4018,51098,108646720,0,0,0
MA207,20220218,20220218,133724000,13:37:24,2756,4018,51098,108646720,0,0,0
MA207,20220218,20220218,133725000,13:37:25,2756,4018,51098,108646720,0,0,0
MA207,20220218,20220218,133725500,13:37:26,2756,4018,51098,108646720,0,0,0
MA207,20220218,20220218,133729000,13:37:29,2756,4018,51098,108646720,0,0,0
MA207,20220218,20220218,133731500,13:37:31,2755,4019,51099,108673760,1,1,27040
MA207,20220218,20220218,133733000,13:37:33,2757,4020,51100,108700800,1,1,27040
MA207,20220218,20220218,133738500,13:37:39,2757,4020,51100,108700800,0,0,0
MA207,20220218,20220218,133741000,13:37:41,2757,4020,51100,108700800,0,0,0
MA207,20220218,20220218,133745500,13:37:45,2757,4020,51100,108700800,0,0,0
MA207,20220218,20220218,133746000,13:37:46,2755,4021,51100,108727840,1,0,27040
MA207,20220218,20220218,133746500,13:37:47,2755,4021,51100,108727840,0,0,0
MA207,20220218,20220218,133747000,13:37:47,2755,4021,51100,108727840,0,0,0
MA207,20220218,20220218,133747500,13:37:48,2755,4021,51100,108727840,0,0,0
MA207,20220218,20220218,133748000,13:37:48,2755,4021,51100,108727840,0,0,0
MA207,20220218,20220218,133748500,13:37:49,2755,4021,51100,108727840,0,0,0
MA207,20220218,20220218,133751000,13:37:51,2755,4021,51100,108727840,0,0,0
MA207,20220218,20220218,133751500,13:37:53,2755,4021,51100,108727840,0,0,0
MA207,20220218,20220218,133755000,13:37:55,2755,4021,51100,108727840,0,0,0
MA207,20220218,20220218,133755500,13:37:55,2755,4021,51100,108727840,0,0,0
MA207,20220218,20220218,133756000,13:37:56,2755,4021,51100,108727840,0,0,0
MA207,20220218,20220218,133757500,13:37:58,2755,4021,51100,108727840,0,0,0
MA207,20220218,20220218,133758000,13:37:58,2755,4021,51100,108727840,0,0,0
MA207,20220218,20220218,133758500,13:37:59,2755,4021,51100,108727840,0,0,0
MA207,20220218,20220218,133759000,13:38:00,2755,4021,51100,108727840,0,0,0
MA207,20220218,20220218,133803000,13:38:06,2755,4021,51100,108727840,0,0,0
MA207,20220218,20220218,133803500,13:38:06,2755,4021,51100,108727840,0,0,0
MA207,20220218,20220218,133810000,13:38:10,2755,4021,51100,108727840,0,0,0
MA207,20220218,20220218,133817000,13:38:18,2755,4021,51100,108727840,0,0,0
MA207,20220218,20220218,133817500,13:38:18,2755,4021,51100,108727840,0,0,0
MA207,20220218,20220218,133823000,13:38:24,2755,4021,51100,108727840,0,0,0
MA207,20220218,20220218,133824500,13:38:41,2755,4021,51100,108727840,0,0,0
MA207,20220218,20220218,133847000,13:38:47,2755,4022,51100,108754880,1,0,27040
MA207,20220218,20220218,133902500,13:39:02,2755,4022,51100,108754880,0,0,0
MA207,20220218,20220218,133906000,13:39:06,2755,4022,51100,108754880,0,0,0
MA207,20220218,20220218,133907500,13:39:07,2755,4022,51100,108754880,0,0,0
MA207,20220218,20220218,133908500,13:39:08,2755,4022,51100,108754880,0,0,0
MA207,20220218,20220218,133913500,13:39:14,2755,4022,51100,108754880,0,0,0
MA207,20220218,20220218,133914000,13:39:15,2755,4022,51100,108754880,0,0,0
MA207,20220218,20220218,133914500,13:39:18,2755,4022,51100,108754880,0,0,0
MA207,20220218,20220218,133918500,13:39:19,2755,4022,51100,108754880,0,0,0
MA207,20220218,20220218,133919000,13:39:19,2755,4022,51100,108754880,0,0,0
MA207,20220218,20220218,133920000,13:39:20,2755,4022,51100,108754880,0,0,0
MA207,20220218,20220218,133928000,13:39:28,2755,4022,51100,108754880,0,0,0
MA207,20220218,20220218,133932500,13:39:33,2755,4022,51100,108754880,0,0,0
MA207,20220218,20220218,133933500,13:39:33,2755,4022,51100,108754880,0,0,0
MA207,20220218,20220218,133934500,13:39:34,2755,4022,51100,108754880,0,0,0
MA207,20220218,20220218,133936000,13:39:36,2755,4022,51100,108754880,0,0,0
MA207,20220218,20220218,133937000,13:39:37,2755,4022,51100,108754880,0,0,0
MA207,20220218,20220218,133938000,13:39:38,2755,4022,51100,108754880,0,0,0
MA207,20220218,20220218,133938500,13:39:38,2755,4022,51100,108754880,0,0,0
MA207,20220218,20220218,133939500,13:39:40,2755,4022,51100,108754880,0,0,0
MA207,20220218,20220218,133940000,13:39:41,2755,4022,51100,108754880,0,0,0
MA207,20220218,20220218,133941000,13:39:41,2755,4022,51100,108754880,0,0,0
MA207,20220218,20220218,133943500,13:39:43,2755,4022,51100,108754880,0,0,0
MA207,20220218,20220218,133944500,13:39:45,2755,4022,51100,108754880,0,0,0
MA207,20220218,20220218,133945000,13:39:45,2755,4022,51100,108754880,0,0,0
MA207,20220218,20220218,133945500,13:39:46,2755,4022,51100,108754880,0,0,0
MA207,20220218,20220218,133946000,13:39:47,2755,4022,51100,108754880,0,0,0
MA207,20220218,20220218,133946500,13:39:47,2755,4022,51100,108754880,0,0,0
MA207,20220218,20220218,133947000,13:39:47,2755,4022,51100,108754880,0,0,0
MA207,20220218,20220218,133947500,13:39:47,2755,4022,51100,108754880,0,0,0
MA207,20220218,20220218,133949000,13:39:49,2755,4022,51100,108754880,0,0,0
MA207,20220218,20220218,133949500,13:39:50,2755,4022,51100,108754880,0,0,0
MA207,20220218,20220218,133952000,13:39:53,2755,4022,51100,108754880,0,0,0
MA207,20220218,20220218,133952500,13:39:53,2757,4032,51105,109025280,10,5,270400
MA207,20220218,20220218,133953000,13:39:54,2757,4032,51105,109025280,0,0,0
MA207,20220218,20220218,133955000,13:39:55,2757,4037,51105,109160480,5,0,135200
MA207,20220218,20220218,133955500,13:39:55,2757,4037,51105,109160480,0,0,0
MA207,20220218,20220218,133956000,13:39:56,2757,4037,51105,109160480,0,0,0
MA207,20220218,20220218,133957500,13:40:13,2757,4037,51105,109160480,0,0,0
MA207,20220218,20220218,133958000,13:40:13,2757,4037,51105,109160480,0,0,0
MA207,20220218,20220218,134012500,13:40:13,2757,4037,51105,109160480,0,0,0
MA207,20220218,20220218,134013500,13:40:14,2757,4037,51105,109160480,0,0,0
MA207,20220218,20220218,134014000,13:40:14,2757,4037,51105,109160480,0,0,0
MA207,20220218,20220218,134014500,13:40:16,2757,4037,51105,109160480,0,0,0
MA207,20220218,20220218,134015000,13:40:16,2757,4037,51105,109160480,0,0,0
MA207,20220218,20220218,134015500,13:40:16,2757,4037,51105,109160480,0,0,0
MA207,20220218,20220218,134016000,13:40:16,2757,4037,51105,109160480,0,0,0
MA207,20220218,20220218,134016500,13:40:17,2757,4037,51105,109160480,0,0,0
MA207,20220218,20220218,134017500,13:40:18,2757,4037,51105,109160480,0,0,0
MA207,20220218,20220218,134018000,13:40:19,2757,4037,51105,109160480,0,0,0
MA207,20220218,20220218,134020500,13:40:21,2757,4037,51105,109160480,0,0,0
MA207,20220218,20220218,134022500,13:40:23,2757,4037,51105,109160480,0,0,0
MA207,20220218,20220218,134023000,13:40:23,2757,4037,51105,109160480,0,0,0
MA207,20220218,20220218,134023500,13:40:24,2757,4037,51105,109160480,0,0,0
MA207,20220218,20220218,134024500,13:40:25,2757,4037,51105,109160480,0,0,0
MA207,20220218,20220218,134026000,13:40:26,2757,4037,51105,109160480,0,0,0
MA207,20220218,20220218,134026500,13:40:27,2757,4037,51105,109160480,0,0,0
MA207,20220218,20220218,134027000,13:40:27,2757,4037,51105,109160480,0,0,0
MA207,20220218,20220218,134027500,13:40:28,2757,4037,51105,109160480,0,0,0
MA207,20220218,20220218,134028000,13:40:28,2757,4037,51105,109160480,0,0,0
MA207,20220218,20220218,134028500,13:40:29,2757,4037,51105,109160480,0,0,0
MA207,20220218,20220218,134029000,13:40:30,2757,4037,51105,109160480,0,0,0
MA207,20220218,20220218,134029500,13:40:30,2757,4037,51105,109160480,0,0,0
MA207,20220218,20220218,134030000,13:40:30,2757,4037,51105,109160480,0,0,0
MA207,20220218,20220218,134030500,13:40:31,2757,4037,51105,109160480,0,0,0
MA207,20220218,20220218,134036500,13:40:36,2757,4037,51105,109160480,0,0,0
MA207,20220218,20220218,134037500,13:40:37,2757,4037,51105,109160480,0,0,0
MA207,20220218,20220218,134038000,13:40:38,2757,4037,51105,109160480,0,0,0
MA207,20220218,20220218,134039000,13:40:40,2757,4037,51105,109160480,0,0,0
MA207,20220218,20220218,134039500,13:40:40,2757,4037,51105,109160480,0,0,0
MA207,20220218,20220218,134040000,13:40:41,2757,4037,51105,109160480,0,0,0
MA207,20220218,20220218,134041000,13:40:42,2757,4037,51105,109160480,0,0,0
MA207,20220218,20220218,134041500,13:40:42,2757,4037,51105,109160480,0,0,0
MA207,20220218,20220218,134043000,13:40:44,2757,4037,51105,109160480,0,0,0
MA207,20220218,20220218,134043500,13:40:44,2757,4037,51105,109160480,0,0,0
MA207,20220218,20220218,134044500,13:40:44,2757,4037,51105,109160480,0,0,0
MA207,20220218,20220218,134046000,13:40:46,2757,4037,51105,109160480,0,0,0
MA207,20220218,20220218,134048000,13:40:48,2757,4037,51105,109160480,0,0,0
MA207,20220218,20220218,134050000,13:40:50,2757,4037,51105,109160480,0,0,0
MA207,20220218,20220218,134050500,13:40:50,2757,4037,51105,109160480,0,0,0
MA207,20220218,20220218,134051500,13:40:55,2757,4037,51105,109160480,0,0,0
MA207,20220218,20220218,134052000,13:40:55,2757,4037,51105,109160480,0,0,0
MA207,20220218,20220218,134054500,13:40:55,2757,4037,51105,109160480,0,0,0
MA207,20220218,20220218,134057500,13:40:58,2757,4037,51105,109160480,0,0,0
MA207,20220218,20220218,134100000,13:41:00,2757,4037,51105,109160480,0,0,0
MA207,20220218,20220218,134100500,13:41:00,2757,4037,51105,109160480,0,0,0
MA207,20220218,20220218,134101000,13:41:01,2757,4037,51105,109160480,0,0,0
MA207,20220218,20220218,134102000,13:41:02,2757,4037,51105,109160480,0,0,0
MA207,20220218,20220218,134102500,13:41:03,2757,4037,51105,109160480,0,0,0
MA207,20220218,20220218,134103000,13:41:04,2757,4037,51105,109160480,0,0,0
MA207,20220218,20220218,134104500,13:41:06,2757,4037,51105,109160480,0,0,0
MA207,20220218,20220218,134105500,13:41:06,2757,4037,51105,109160480,0,0,0
MA207,20220218,20220218,134106000,13:41:07,2757,4037,51105,109160480,0,0,0
MA207,20220218,20220218,134107000,13:41:09,2757,4037,51105,109160480,0,0,0
MA207,20220218,20220218,134108000,13:41:09,2757,4037,51105,109160480,0,0,0
MA207,20220218,20220218,134108500,13:41:10,2757,4037,51105,109160480,0,0,0
MA207,20220218,20220218,134109500,13:41:10,2757,4038,51105,109187520,1,0,27040
MA207,20220218,20220218,134110000,13:41:10,2758,4040,51106,109241600,2,1,54080
MA207,20220218,20220218,134110500,13:41:10,2758,4040,51106,109241600,0,0,0
MA207,20220218,20220218,134111500,13:41:12,2758,4040,51106,109241600,0,0,0
MA207,20220218,20220218,134112000,13:41:12,2758,4040,51106,109241600,0,0,0
MA207,20220218,20220218,134113500,13:41:13,2758,4041,51107,109268640,1,1,27040
MA207,20220218,20220218,134114500,13:41:16,2758,4041,51107,109268640,0,0,0
MA207,20220218,20220218,134115000,13:41:16,2758,4041,51107,109268640,0,0,0
MA207,20220218,20220218,134117500,13:41:18,2758,4041,51107,109268640,0,0,0
MA207,20220218,20220218,134123500,13:41:24,2758,4041,51107,109268640,0,0,0
MA207,20220218,20220218,134129500,13:41:30,2758,4041,51107,109268640,0,0,0
MA207,20220218,20220218,134130000,13:41:30,2758,4041,51107,109268640,0,0,0
MA207,20220218,20220218,134130500,13:41:31,2758,4041,51107,109268640,0,0,0
MA207,20220218,20220218,134131000,13:41:31,2758,4041,51107,109268640,0,0,0
MA207,20220218,20220218,134131500,13:41:32,2758,4041,51107,109268640,0,0,0
MA207,20220218,20220218,134132000,13:41:33,2758,4041,51107,109268640,0,0,0
MA207,20220218,20220218,134132500,13:41:33,2758,4041,51107,109268640,0,0,0
MA207,20220218,20220218,134133500,13:41:34,2758,4041,51107,109268640,0,0,0
MA207,20220218,20220218,134134000,13:41:34,2758,4041,51107,109268640,0,0,0
MA207,20220218,20220218,134134500,13:41:34,2758,4041,51107,109268640,0,0,0
MA207,20220218,20220218,134135000,13:41:35,2758,4041,51107,109268640,0,0,0
MA207,20220218,20220218,134135500,13:41:39,2758,4041,51107,109268640,0,0,0
MA207,20220218,20220218,134136500,13:41:39,2758,4041,51107,109268640,0,0,0
MA207,20220218,20220218,134138500,13:41:41,2758,4041,51107,109268640,0,0,0
MA207,20220218,20220218,134154500,13:42:04,2758,4041,51107,109268640,0,0,0
MA207,20220218,20220218,134158000,13:42:06,2758,4041,51107,109268640,0,0,0
MA207,20220218,20220218,134214500,13:42:15,2758,4041,51107,109268640,0,0,0
MA207,20220218,20220218,134217000,13:42:19,2758,4041,51107,109268640,0,0,0
MA207,20220218,20220218,134217500,13:42:20,2758,4041,51107,109268640,0,0,0
MA207,20220218,20220218,134218000,13:42:20,2758,4041,51107,109268640,0,0,0
MA207,20220218,20220218,134219000,13:42:20,2758,4041,51107,109268640,0,0,0
MA207,20220218,20220218,134223000,13:42:24,2758,4041,51107,109268640,0,0,0
MA207,20220218,20220218,134223500,13:42:24,2758,4041,51107,109268640,0,0,0
MA207,20220218,20220218,134224000,13:42:25,2758,4041,51107,109268640,0,0,0
MA207,20220218,20220218,134224500,13:42:25,2758,4041,51107,109268640,0,0,0
MA207,20220218,20220218,134225000,13:42:25,2758,4041,51107,109268640,0,0,0
MA207,20220218,20220218,134225500,13:42:26,2758,4041,51107,109268640,0,0,0
MA207,20220218,20220218,134226000,13:42:27,2758,4041,51107,109268640,0,0,0
MA207,20220218,20220218,134226500,13:42:28,2758,4041,51107,109268640,0,0,0
MA207,20220218,20220218,134227000,13:42:28,2758,4041,51107,109268640,0,0,0
MA207,20220218,20220218,134227500,13:42:29,2758,4041,51107,109268640,0,0,0
MA207,20220218,20220218,134228000,13:42:29,2758,4041,51107,109268640,0,0,0
MA207,20220218,20220218,134228500,13:42:29,2758,4041,51107,109268640,0,0,0
MA207,20220218,20220218,134229000,13:42:29,2758,4041,51107,109268640,0,0,0
MA207,20220218,20220218,134229500,13:42:29,2758,4041,51107,109268640,0,0,0
MA207,20220218,20220218,134240500,13:42:40,2758,4041,51107,109268640,0,0,0
MA207,20220218,20220218,134248500,13:42:48,2758,4041,51107,109268640,0,0,0
MA207,20220218,20220218,134254500,13:42:54,2758,4041,51107,109268640,0,0,0
MA207,20220218,20220218,134257000,13:42:59,2758,4041,51107,109268640,0,0,0
MA207,20220218,20220218,134259000,13:42:59,2758,4041,51107,109268640,0,0,0
MA207,20220218,20220218,134300000,13:43:02,2758,4041,51107,109268640,0,0,0
MA207,20220218,20220218,134300500,13:43:02,2758,4041,51107,109268640,0,0,0
MA207,20220218,20220218,134301000,13:43:02,2758,4041,51107,109268640,0,0,0
MA207,20220218,20220218,134302000,13:43:02,2758,4041,51107,109268640,0,0,0
MA207,20220218,20220218,134311000,13:43:14,2758,4041,51107,109268640,0,0,0
MA207,20220218,20220218,134312000,13:43:14,2758,4041,51107,109268640,0,0,0
MA207,20220218,20220218,134312500,13:43:14,2758,4041,51107,109268640,0,0,0
MA207,20220218,20220218,134314000,13:43:14,2758,4041,51107,109268640,0,0,0
MA207,20220218,20220218,134314500,13:43:15,2758,4041,51107,109268640,0,0,0
MA207,20220218,20220218,134315000,13:43:15,2758,4041,51107,109268640,0,0,0
MA207,20220218,20220218,134317000,13:43:17,2758,4041,51107,109268640,0,0,0
MA207,20220218,20220218,134318000,13:43:18,2758,4041,51107,109268640,0,0,0
MA207,20220218,20220218,134322000,13:43:22,2758,4041,51107,109268640,0,0,0
MA207,20220218,20220218,134324500,13:43:25,2758,4041,51107,109268640,0,0,0
MA207,20220218,20220218,134325000,13:43:25,2758,4041,51107,109268640,0,0,0
MA207,20220218,20220218,134325500,13:43:26,2758,4041,51107,109268640,0,0,0
MA207,20220218,20220218,134326000,13:43:26,2758,4041,51107,109268640,0,0,0
MA207,20220218,20220218,134326500,13:43:27,2758,4041,51107,109268640,0,0,0
MA207,20220218,20220218,134327000,13:43:27,2754,4050,51110,109552500,9,3,283860
MA207,20220218,20220218,134328000,13:43:29,2754,4050,51110,109552500,0,0,0
MA207,20220218,20220218,134328500,13:43:29,2754,4050,51110,109552500,0,0,0
MA207,20220218,20220218,134329000,13:43:29,2754,4050,51110,109552500,0,0,0
MA207,20220218,20220218,134330000,13:43:30,2754,4050,51110,109552500,0,0,0
MA207,20220218,20220218,134332000,13:43:32,2754,4050,51110,109552500,0,0,0
MA207,20220218,20220218,134335500,13:43:36,2754,4050,51110,109552500,0,0,0
MA207,20220218,20220218,134336500,13:43:37,2754,4050,51110,109552500,0,0,0
MA207,20220218,20220218,134337000,13:43:37,2754,4050,51110,109552500,0,0,0
MA207,20220218,20220218,134337500,13:43:38,2754,4050,51110,109552500,0,0,0
MA207,20220218,20220218,134338000,13:43:38,2754,4050,51110,109552500,0,0,0
MA207,20220218,20220218,134338500,13:43:38,2754,4050,51110,109552500,0,0,0
MA207,20220218,20220218,134348500,13:44:00,2754,4050,51110,109552500,0,0,0
MA207,20220218,20220218,134356500,13:44:04,2754,4050,51110,109552500,0,0,0
MA207,20220218,20220218,134403500,13:44:04,2754,4050,51110,109552500,0,0,0
MA207,20220218,20220218,134404000,13:44:05,2754,4050,51110,109552500,0,0,0
MA207,20220218,20220218,134405000,13:44:05,2754,4050,51110,109552500,0,0,0
MA207,20220218,20220218,134406000,13:44:06,2754,4050,51110,109552500,0,0,0
MA207,20220218,20220218,134409500,13:44:17,2754,4050,51110,109552500,0,0,0
MA207,20220218,20220218,134410000,13:44:17,2754,4050,51110,109552500,0,0,0
MA207,20220218,20220218,134427500,13:44:28,2754,4050,51110,109552500,0,0,0
MA207,20220218,20220218,134428000,13:44:29,2754,4050,51110,109552500,0,0,0
MA207,20220218,20220218,134445000,13:44:45,2754,4050,51110,109552500,0,0,0
MA207,20220218,20220218,134445500,13:44:46,2754,4050,51110,109552500,0,0,0
MA207,20220218,20220218,134446000,13:44:46,2754,4050,51110,109552500,0,0,0
MA207,20220218,20220218,134446500,13:44:46,2754,4050,51110,109552500,0,0,0
MA207,20220218,20220218,134450000,13:44:50,2754,4050,51110,109552500,0,0,0
MA207,20220218,20220218,134455000,13:44:55,2754,4050,51110,109552500,0,0,0
MA207,20220218,20220218,134455500,13:44:56,2754,4050,51110,109552500,0,0,0
MA207,20220218,20220218,134456000,13:44:56,2754,4050,51110,109552500,0,0,0
MA207,20220218,20220218,134456500,13:44:56,2754,4050,51110,109552500,0,0,0
MA207,20220218,20220218,134457000,13:44:57,2754,4050,51110,109552500,0,0,0
MA207,20220218,20220218,134500500,13:45:01,2754,4050,51110,109552500,0,0,0
MA207,20220218,20220218,134501000,13:45:01,2754,4050,51110,109552500,0,0,0
MA207,20220218,20220218,134504500,13:45:09,2754,4050,51110,109552500,0,0,0
MA207,20220218,20220218,134508000,13:45:09,2754,4050,51110,109552500,0,0,0
MA207,20220218,20220218,134508500,13:45:09,2754,4050,51110,109552500,0,0,0
MA207,20220218,20220218,134510000,13:45:10,2754,4050,51110,109552500,0,0,0
MA207,20220218,20220218,134510500,13:45:11,2754,4050,51110,109552500,0,0,0
MA207,20220218,20220218,134511000,13:45:11,2754,4050,51110,109552500,0,0,0
MA207,20220218,20220218,134511500,13:45:11,2754,4050,51110,109552500,0,0,0
MA207,20220218,20220218,134512000,13:45:13,2754,4050,51110,109552500,0,0,0
MA207,20220218,20220218,134518500,13:45:22,2754,4050,51110,109552500,0,0,0
MA207,20220218,20220218,134523000,13:45:24,2754,4050,51110,109552500,0,0,0
MA207,20220218,20220218,134523500,13:45:24,2754,4050,51110,109552500,0,0,0
MA207,20220218,20220218,134524500,13:45:26,2754,4050,51110,109552500,0,0,0
MA207,20220218,20220218,134525000,13:45:26,2754,4050,51110,109552500,0,0,0
MA207,20220218,20220218,134533000,13:45:33,2754,4050,51110,109552500,0,0,0
MA207,20220218,20220218,134533500,13:45:34,2754,4050,51110,109552500,0,0,0
MA207,20220218,20220218,134534000,13:45:35,2754,4050,51110,109552500,0,0,0
MA207,20220218,20220218,134534500,13:45:35,2754,4050,51110,109552500,0,0,0
MA207,20220218,20220218,134535000,13:45:35,2754,4050,51110,109552500,0,0,0
MA207,20220218,20220218,134535500,13:45:36,2754,4050,51110,109552500,0,0,0
MA207,20220218,20220218,134536000,13:45:37,2754,4050,51110,109552500,0,0,0
MA207,20220218,20220218,134536500,13:45:37,2754,4050,51110,109552500,0,0,0
MA207,20220218,20220218,134537000,13:45:37,2754,4050,51110,109552500,0,0,0
MA207,20220218,20220218,134537500,13:45:38,2754,4050,51110,109552500,0,0,0
MA207,20220218,20220218,134538000,13:45:38,2754,4050,51110,109552500,0,0,0
MA207,20220218,20220218,134538500,13:45:39,2754,4050,51110,109552500,0,0,0
MA207,20220218,20220218,134539000,13:45:40,2754,4050,51110,109552500,0,0,0
MA207,20220218,20220218,134539500,13:45:40,2754,4050,51110,109552500,0,0,0
MA207,20220218,20220218,134540000,13:45:40,2754,4050,51110,109552500,0,0,0
MA207,20220218,20220218,134541500,13:45:45,2754,4050,51110,109552500,0,0,0
MA207,20220218,20220218,134543000,13:45:46,2754,4050,51110,109552500,0,0,0
MA207,20220218,20220218,134543500,13:45:46,2754,4050,51110,109552500,0,0,0
MA207,20220218,20220218,134546000,13:45:47,2754,4050,51110,109552500,0,0,0
MA207,20220218,20220218,134547500,13:45:47,2754,4050,51110,109552500,0,0,0
MA207,20220218,20220218,134548000,13:45:48,2754,4050,51110,109552500,0,0,0
MA207,20220218,20220218,134550500,13:45:54,2754,4050,51110,109552500,0,0,0
MA207,20220218,20220218,134552500,13:45:54,2754,4050,51110,109552500,0,0,0
MA207,20220218,20220218,134555000,13:45:56,2754,4050,51110,109552500,0,0,0
MA207,20220218,20220218,134555500,13:45:57,2754,4050,51110,109552500,0,0,0
MA207,20220218,20220218,134556000,13:46:00,2754,4050,51110,109552500,0,0,0
MA207,20220218,20220218,134617500,13:46:18,2754,4050,51110,109552500,0,0,0
MA207,20220218,20220218,134618000,13:46:18,2754,4050,51110,109552500,0,0,0
MA207,20220218,20220218,134618500,13:46:19,2754,4050,51110,109552500,0,0,0
MA207,20220218,20220218,134619000,13:46:19,2754,4050,51110,109552500,0,0,0
MA207,20220218,20220218,134619500,13:46:19,2754,4050,51110,109552500,0,0,0
MA207,20220218,20220218,134620000,13:46:20,2754,4050,51110,109552500,0,0,0
MA207,20220218,20220218,134620500,13:46:21,2754,4050,51110,109552500,0,0,0
MA207,20220218,20220218,134621000,13:46:21,2754,4050,51110,109552500,0,0,0
MA207,20220218,20220218,134623000,13:46:30,2754,4050,51110,109552500,0,0,0
MA207,20220218,20220218,134626500,13:46:30,2754,4050,51110,109552500,0,0,0
MA207,20220218,20220218,134631000,13:46:31,2754,4050,51110,109552500,0,0,0
MA207,20220218,20220218,134631500,13:46:32,2754,4050,51110,109552500,0,0,0
MA207,20220218,20220218,134632000,13:46:32,2754,4050,51110,109552500,0,0,0
MA207,20220218,20220218,134632500,13:46:33,2754,4050,51110,109552500,0,0,0
MA207,20220218,20220218,134634500,13:46:35,2754,4050,51110,109552500,0,0,0
MA207,20220218,20220218,134635000,13:46:35,2754,4050,51110,109552500,0,0,0
MA207,20220218,20220218,134635500,13:46:36,2754,4050,51110,109552500,0,0,0
MA207,20220218,20220218,134636000,13:46:37,2754,4050,51110,109552500,0,0,0
MA207,20220218,20220218,134636500,13:46:37,2754,4050,51110,109552500,0,0,0
MA207,20220218,20220218,134637500,13:46:38,2754,4050,51110,109552500,0,0,0
MA207,20220218,20220218,134640000,13:46:42,2754,4050,51110,109552500,0,0,0
MA207,20220218,20220218,134640500,13:46:42,2754,4050,51110,109552500,0,0,0
MA207,20220218,20220218,134641000,13:46:42,2754,4050,51110,109552500,0,0,0
MA207,20220218,20220218,134641500,13:46:43,2754,4050,51110,109552500,0,0,0
MA207,20220218,20220218,134642500,13:46:43,2754,4050,51110,109552500,0,0,0
MA207,20220218,20220218,134643000,13:46:43,2754,4050,51110,109552500,0,0,0
MA207,20220218,20220218,134643500,13:46:44,2754,4050,51110,109552500,0,0,0
MA207,20220218,20220218,134644000,13:46:47,2754,4050,51110,109552500,0,0,0
MA207,20220218,20220218,134644500,13:46:47,2754,4050,51110,109552500,0,0,0
MA207,20220218,20220218,134645000,13:46:47,2754,4050,51110,109552500,0,0,0
MA207,20220218,20220218,134647500,13:46:47,2754,4050,51110,109552500,0,0,0
MA207,20220218,20220218,134656000,13:46:56,2754,4050,51110,109552500,0,0,0
MA207,20220218,20220218,134656500,13:46:56,2754,4050,51110,109552500,0,0,0
MA207,20220218,20220218,134657000,13:46:57,2754,4050,51110,109552500,0,0,0
MA207,20220218,20220218,134657500,13:46:57,2754,4050,51110,109552500,0,0,0
MA207,20220218,20220218,134658000,13:46:58,2754,4050,51110,109552500,0,0,0
MA207,20220218,20220218,134658500,13:46:59,2754,4050,51110,109552500,0,0,0
MA207,20220218,20220218,134701000,13:47:01,2754,4050,51110,109552500,0,0,0
MA207,20220218,20220218,134701500,13:47:02,2754,4050,51110,109552500,0,0,0
MA207,20220218,20220218,134702000,13:47:02,2754,4050,51110,109552500,0,0,0
MA207,20220218,20220218,134702500,13:47:03,2754,4050,51110,109552500,0,0,0
MA207,20220218,20220218,134705000,13:47:06,2754,4050,51110,109552500,0,0,0
MA207,20220218,20220218,134705500,13:47:06,2754,4050,51110,109552500,0,0,0
MA207,20220218,20220218,134709500,13:47:11,2754,4050,51110,109552500,0,0,0
MA207,20220218,20220218,134710500,13:47:12,2754,4050,51110,109552500,0,0,0
MA207,20220218,20220218,134711000,13:47:16,2754,4050,51110,109552500,0,0,0
MA207,20220218,20220218,134711500,13:47:16,2754,4050,51110,109552500,0,0,0
MA207,20220218,20220218,134716500,13:47:16,2754,4050,51110,109552500,0,0,0
MA207,20220218,20220218,134717000,13:47:17,2754,4050,51110,109552500,0,0,0
MA207,20220218,20220218,134717500,13:47:19,2754,4050,51110,109552500,0,0,0
MA207,20220218,20220218,134718000,13:47:19,2754,4050,51110,109552500,0,0,0
MA207,20220218,20220218,134718500,13:47:19,2754,4050,51110,109552500,0,0,0
MA207,20220218,20220218,134719500,13:47:19,2753,4051,51111,109579550,1,1,27050
MA207,20220218,20220218,134720000,13:47:20,2753,4051,51111,109579550,0,0,0
MA207,20220218,20220218,134720500,13:47:21,2751,4055,51112,109687750,4,1,108200
MA207,20220218,20220218,134721500,13:47:22,2751,4055,51112,109687750,0,0,0
MA207,20220218,20220218,134722500,13:47:26,2751,4055,51112,109687750,0,0,0
MA207,20220218,20220218,134723500,13:47:27,2751,4055,51112,109687750,0,0,0
MA207,20220218,20220218,134726500,13:47:27,2751,4055,51112,109687750,0,0,0
MA207,20220218,20220218,134727000,13:47:27,2751,4055,51112,109687750,0,0,0
MA207,20220218,20220218,134727500,13:47:28,2751,4055,51112,109687750,0,0,0
MA207,20220218,20220218,134730000,13:47:30,2751,4055,51112,109687750,0,0,0
MA207,20220218,20220218,134732000,13:47:32,2751,4055,51112,109687750,0,0,0
MA207,20220218,20220218,134732500,13:47:34,2751,4055,51112,109687750,0,0,0
MA207,20220218,20220218,134733000,13:47:34,2751,4055,51112,109687750,0,0,0
MA207,20220218,20220218,134735000,13:47:36,2752,4056,51112,109714800,1,0,27050
MA207,20220218,20220218,134740500,13:47:41,2752,4056,51112,109714800,0,0,0
MA207,20220218,20220218,134741000,13:47:41,2752,4056,51112,109714800,0,0,0
MA207,20220218,20220218,134817000,13:48:18,2752,4056,51112,109714800,0,0,0
MA207,20220218,20220218,134817500,13:48:19,2752,4056,51112,109714800,0,0,0
MA207,20220218,20220218,134818000,13:48:19,2752,4056,51112,109714800,0,0,0
MA207,20220218,20220218,134818500,13:48:20,2752,4056,51112,109714800,0,0,0
MA207,20220218,20220218,134821000,13:48:22,2752,4056,51112,109714800,0,0,0
MA207,20220218,20220218,134821500,13:48:23,2752,4056,51112,109714800,0,0,0
MA207,20220218,20220218,134837500,13:48:37,2752,4056,51112,109714800,0,0,0
MA207,20220218,20220218,134838000,13:48:38,2752,4056,51112,109714800,0,0,0
MA207,20220218,20220218,134838500,13:48:38,2752,4056,51112,109714800,0,0,0
MA207,20220218,20220218,134839000,13:48:39,2752,4056,51112,109714800,0,0,0
MA207,20220218,20220218,134843500,13:48:43,2752,4056,51112,109714800,0,0,0
MA207,20220218,20220218,134844000,13:48:44,2752,4056,51112,109714800,0,0,0
MA207,20220218,20220218,134844500,13:48:44,2752,4056,51112,109714800,0,0,0
MA207,20220218,20220218,134903000,13:49:03,2752,4056,51112,109714800,0,0,0
MA207,20220218,20220218,134908500,13:49:08,2752,4056,51112,109714800,0,0,0
MA207,20220218,20220218,134909000,13:49:09,2752,4056,51112,109714800,0,0,0
MA207,20220218,20220218,134909500,13:49:10,2752,4056,51112,109714800,0,0,0
MA207,20220218,20220218,134910000,13:49:10,2752,4056,51112,109714800,0,0,0
MA207,20220218,20220218,134910500,13:49:10,2752,4056,51112,109714800,0,0,0
MA207,20220218,20220218,134911500,13:49:12,2754,4059,51112,109795950,3,0,81150
MA207,20220218,20220218,134912000,13:49:12,2754,4059,51112,109795950,0,0,0
MA207,20220218,20220218,134912500,13:49:13,2754,4059,51112,109795950,0,0,0
MA207,20220218,20220218,134929500,13:49:30,2754,4059,51112,109795950,0,0,0
MA207,20220218,20220218,134930000,13:49:31,2754,4059,51112,109795950,0,0,0
MA207,20220218,20220218,134930500,13:49:31,2754,4059,51112,109795950,0,0,0
MA207,20220218,20220218,134931000,13:49:31,2754,4059,51112,109795950,0,0,0
MA207,20220218,20220218,134931500,13:49:32,2754,4059,51112,109795950,0,0,0
MA207,20220218,20220218,134933500,13:49:34,2754,4059,51112,109795950,0,0,0
MA207,20220218,20220218,134934000,13:49:34,2754,4059,51112,109795950,0,0,0
MA207,20220218,20220218,134935000,13:49:35,2754,4059,51112,109795950,0,0,0
MA207,20220218,20220218,134935500,13:49:36,2754,4059,51112,109795950,0,0,0
MA207,20220218,20220218,134937000,13:49:37,2754,4059,51112,109795950,0,0,0
MA207,20220218,20220218,134939500,13:49:39,2754,4059,51112,109795950,0,0,0
MA207,20220218,20220218,134940000,13:49:40,2754,4059,51112,109795950,0,0,0
MA207,20220218,20220218,134940500,13:49:40,2754,4059,51112,109795950,0,0,0
MA207,20220218,20220218,134941000,13:49:41,2754,4059,51112,109795950,0,0,0
MA207,20220218,20220218,134941500,13:49:42,2754,4059,51112,109795950,0,0,0
MA207,20220218,20220218,134947500,13:49:47,2754,4059,51112,109795950,0,0,0
MA207,20220218,20220218,134948500,13:49:48,2754,4059,51112,109795950,0,0,0
MA207,20220218,20220218,134949500,13:49:50,2754,4059,51112,109795950,0,0,0
MA207,20220218,20220218,134950000,13:49:50,2754,4059,51112,109795950,0,0,0
MA207,20220218,20220218,134950500,13:49:51,2754,4059,51112,109795950,0,0,0
MA207,20220218,20220218,134951000,13:49:51,2754,4059,51112,109795950,0,0,0
MA207,20220218,20220218,134953500,13:49:55,2754,4059,51112,109795950,0,0,0
MA207,20220218,20220218,134956000,13:49:56,2754,4059,51112,109795950,0,0,0
MA207,20220218,20220218,134958000,13:49:58,2754,4059,51112,109795950,0,0,0
MA207,20220218,20220218,135001000,13:50:01,2754,4059,51112,109795950,0,0,0
MA207,20220218,20220218,135002500,13:50:03,2754,4059,51112,109795950,0,0,0
MA207,20220218,20220218,135003000,13:50:03,2754,4059,51112,109795950,0,0,0
MA207,20220218,20220218,135003500,13:50:04,2754,4059,51112,109795950,0,0,0
MA207,20220218,20220218,135004000,13:50:04,2754,4059,51112,109795950,0,0,0
MA207,20220218,20220218,135004500,13:50:05,2754,4059,51112,109795950,0,0,0
MA207,20220218,20220218,135005000,13:50:05,2754,4059,51112,109795950,0,0,0
MA207,20220218,20220218,135006000,13:50:06,2754,4059,51112,109795950,0,0,0
MA207,20220218,20220218,135006500,13:50:07,2754,4059,51112,109795950,0,0,0
MA207,20220218,20220218,135007000,13:50:07,2754,4059,51112,109795950,0,0,0
MA207,20220218,20220218,135007500,13:50:09,2754,4059,51112,109795950,0,0,0
MA207,20220218,20220218,135008000,13:50:25,2754,4059,51112,109795950,0,0,0
MA207,20220218,20220218,135009000,13:50:26,2754,4059,51112,109795950,0,0,0
MA207,20220218,20220218,135009500,13:50:26,2754,4059,51112,109795950,0,0,0
MA207,20220218,20220218,135024000,13:50:26,2754,4059,51112,109795950,0,0,0
MA207,20220218,20220218,135029500,13:50:35,2754,4059,51112,109795950,0,0,0
MA207,20220218,20220218,135033500,13:50:37,2754,4059,51112,109795950,0,0,0
MA207,20220218,20220218,135043000,13:50:43,2754,4059,51112,109795950,0,0,0
MA207,20220218,20220218,135043500,13:50:45,2754,4059,51112,109795950,0,0,0
MA207,20220218,20220218,135044500,13:50:45,2754,4059,51112,109795950,0,0,0
MA207,20220218,20220218,135045000,13:50:45,2754,4059,51112,109795950,0,0,0
MA207,20220218,20220218,135045500,13:50:46,2754,4059,51112,109795950,0,0,0
MA207,20220218,20220218,135102000,13:51:02,2754,4059,51112,109795950,0,0,0
MA207,20220218,20220218,135102500,13:51:02,2754,4059,51112,109795950,0,0,0
MA207,20220218,20220218,135104500,13:51:05,2754,4059,51112,109795950,0,0,0
MA207,20220218,20220218,135105000,13:51:05,2754,4059,51112,109795950,0,0,0
MA207,20220218,20220218,135106000,13:51:06,2754,4059,51112,109795950,0,0,0
MA207,20220218,20220218,135106500,13:51:11,2754,4059,51112,109795950,0,0,0
MA207,20220218,20220218,135107000,13:51:20,2754,4059,51112,109795950,0,0,0
MA207,20220218,20220218,135107500,13:51:21,2754,4059,51112,109795950,0,0,0
MA207,20220218,20220218,135108000,13:51:21,2754,4059,51112,109795950,0,0,0
MA207,20220218,20220218,135108500,13:51:21,2754,4059,51112,109795950,0,0,0
MA207,20220218,20220218,135125000,13:51:25,2754,4059,51112,109795950,0,0,0
MA207,20220218,20220218,135125500,13:51:26,2754,4059,51112,109795950,0,0,0
MA207,20220218,20220218,135126000,13:51:27,2754,4059,51112,109795950,0,0,0
MA207,20220218,20220218,135126500,13:51:27,2754,4059,51112,109795950,0,0,0
MA207,20220218,20220218,135127000,13:51:27,2754,4059,51112,109795950,0,0,0
MA207,20220218,20220218,135127500,13:51:28,2754,4059,51112,109795950,0,0,0
MA207,20220218,20220218,135128000,13:51:28,2754,4059,51112,109795950,0,0,0
MA207,20220218,20220218,135128500,13:51:29,2754,4059,51112,109795950,0,0,0
MA207,20220218,20220218,135129000,13:51:29,2754,4059,51112,109795950,0,0,0
MA207,20220218,20220218,135129500,13:51:30,2754,4059,51112,109795950,0,0,0
MA207,20220218,20220218,135130000,13:51:30,2754,4059,51112,109795950,0,0,0
MA207,20220218,20220218,135130500,13:51:31,2754,4059,51112,109795950,0,0,0
MA207,20220218,20220218,135132000,13:51:32,2754,4059,51112,109795950,0,0,0
MA207,20220218,20220218,135132500,13:51:33,2754,4059,51112,109795950,0,0,0
MA207,20220218,20220218,135134000,13:51:34,2754,4059,51112,109795950,0,0,0
MA207,20220218,20220218,135135500,13:51:35,2754,4059,51112,109795950,0,0,0
MA207,20220218,20220218,135137500,13:51:38,2754,4059,51112,109795950,0,0,0
MA207,20220218,20220218,135141000,13:51:41,2754,4059,51112,109795950,0,0,0
MA207,20220218,20220218,135143000,13:51:43,2754,4059,51112,109795950,0,0,0
MA207,20220218,20220218,135146000,13:51:46,2754,4059,51112,109795950,0,0,0
MA207,20220218,20220218,135147500,13:51:48,2754,4059,51112,109795950,0,0,0
MA207,20220218,20220218,135148500,13:51:49,2754,4059,51112,109795950,0,0,0
MA207,20220218,20220218,135150000,13:51:50,2754,4059,51112,109795950,0,0,0
MA207,20220218,20220218,135151500,13:51:52,2754,4059,51112,109795950,0,0,0
MA207,20220218,20220218,135152500,13:51:52,2754,4059,51112,109795950,0,0,0
MA207,20220218,20220218,135154000,13:51:54,2754,4059,51112,109795950,0,0,0
MA207,20220218,20220218,135156000,13:51:56,2754,4059,51112,109795950,0,0,0
MA207,20220218,20220218,135156500,13:51:57,2754,4059,51112,109795950,0,0,0
MA207,20220218,20220218,135159500,13:51:59,2754,4059,51112,109795950,0,0,0
MA207,20220218,20220218,135201000,13:52:01,2754,4059,51112,109795950,0,0,0
MA207,20220218,20220218,135201500,13:52:03,2754,4059,51112,109795950,0,0,0
MA207,20220218,20220218,135202000,13:52:03,2754,4059,51112,109795950,0,0,0
MA207,20220218,20220218,135203500,13:52:04,2754,4059,51112,109795950,0,0,0
MA207,20220218,20220218,135209500,13:52:11,2754,4059,51112,109795950,0,0,0
MA207,20220218,20220218,135210000,13:52:11,2754,4059,51112,109795950,0,0,0
MA207,20220218,20220218,135212500,13:52:13,2754,4059,51112,109795950,0,0,0
MA207,20220218,20220218,135213000,13:52:13,2754,4059,51112,109795950,0,0,0
MA207,20220218,20220218,135213500,13:52:14,2754,4059,51112,109795950,0,0,0
MA207,20220218,20220218,135214000,13:52:14,2754,4059,51112,109795950,0,0,0
MA207,20220218,20220218,135214500,13:52:15,2754,4059,51112,109795950,0,0,0
MA207,20220218,20220218,135215000,13:52:15,2754,4059,51112,109795950,0,0,0
MA207,20220218,20220218,135215500,13:52:15,2754,4059,51112,109795950,0,0,0
MA207,20220218,20220218,135216500,13:52:17,2754,4059,51112,109795950,0,0,0
MA207,20220218,20220218,135218500,13:52:20,2754,4059,51112,109795950,0,0,0
MA207,20220218,20220218,135219500,13:52:24,2754,4059,51112,109795950,0,0,0
MA207,20220218,20220218,135220000,13:52:24,2754,4059,51112,109795950,0,0,0
MA207,20220218,20220218,135220500,13:52:24,2754,4059,51112,109795950,0,0,0
MA207,20220218,20220218,135227500,13:52:27,2754,4059,51112,109795950,0,0,0
MA207,20220218,20220218,135228000,13:52:28,2754,4059,51112,109795950,0,0,0
MA207,20220218,20220218,135229500,13:52:31,2754,4059,51112,109795950,0,0,0
MA207,20220218,20220218,135230000,13:52:31,2754,4059,51112,109795950,0,0,0
MA207,20220218,20220218,135230500,13:52:32,2754,4059,51112,109795950,0,0,0
MA207,20220218,20220218,135231000,13:52:32,2754,4059,51112,109795950,0,0,0
MA207,20220218,20220218,135231500,13:52:32,2754,4059,51112,109795950,0,0,0
MA207,20220218,20220218,135232000,13:52:33,2754,4059,51112,109795950,0,0,0
MA207,20220218,20220218,135232500,13:52:33,2754,4059,51112,109795950,0,0,0
MA207,20220218,20220218,135235500,13:52:36,2754,4059,51112,109795950,0,0,0
MA207,20220218,20220218,135236000,13:52:37,2754,4059,51112,109795950,0,0,0
MA207,20220218,20220218,135248000,13:52:48,2754,4059,51112,109795950,0,0,0
MA207,20220218,20220218,135248500,13:52:49,2754,4059,51112,109795950,0,0,0
MA207,20220218,20220218,135255000,13:52:55,2754,4059,51112,109795950,0,0,0
MA207,20220218,20220218,135255500,13:52:55,2754,4059,51112,109795950,0,0,0
MA207,20220218,20220218,135256500,13:52:57,2754,4059,51112,109795950,0,0,0
MA207,20220218,20220218,135257000,13:52:57,2754,4059,51112,109795950,0,0,0
MA207,20220218,20220218,135257500,13:52:57,2754,4059,51112,109795950,0,0,0
MA207,20220218,20220218,135258500,13:52:59,2754,4059,51112,109795950,0,0,0
MA207,20220218,20220218,135259000,13:53:00,2754,4059,51112,109795950,0,0,0
MA207,20220218,20220218,135259500,13:53:00,2754,4059,51112,109795950,0,0,0
MA207,20220218,20220218,135300000,13:53:00,2754,4059,51112,109795950,0,0,0
MA207,20220218,20220218,135300500,13:53:01,2754,4059,51112,109795950,0,0,0
MA207,20220218,20220218,135302500,13:53:03,2754,4059,51112,109795950,0,0,0
MA207,20220218,20220218,135303000,13:53:04,2754,4059,51112,109795950,0,0,0
MA207,20220218,20220218,135303500,13:53:05,2754,4059,51112,109795950,0,0,0
MA207,20220218,20220218,135304000,13:53:06,2754,4059,51112,109795950,0,0,0
MA207,20220218,20220218,135304500,13:53:06,2754,4059,51112,109795950,0,0,0
MA207,20220218,20220218,135306000,13:53:08,2754,4059,51112,109795950,0,0,0
MA207,20220218,20220218,135306500,13:53:09,2754,4059,51112,109795950,0,0,0
MA207,20220218,20220218,135308500,13:53:09,2754,4059,51112,109795950,0,0,0
MA207,20220218,20220218,135309000,13:53:09,2754,4059,51112,109795950,0,0,0
MA207,20220218,20220218,135310000,13:53:10,2754,4059,51112,109795950,0,0,0
MA207,20220218,20220218,135310500,13:53:11,2754,4059,51112,109795950,0,0,0
MA207,20220218,20220218,135315500,13:53:16,2754,4059,51112,109795950,0,0,0
MA207,20220218,20220218,135317000,13:53:20,2754,4059,51112,109795950,0,0,0
MA207,20220218,20220218,135317500,13:53:20,2754,4059,51112,109795950,0,0,0
MA207,20220218,20220218,135319500,13:53:20,2754,4059,51112,109795950,0,0,0
MA207,20220218,20220218,135320000,13:53:20,2748,4071,51116,110120550,12,4,324600
MA207,20220218,20220218,135320500,13:53:21,2748,4071,51116,110120550,0,0,0
MA207,20220218,20220218,135321000,13:53:21,2748,4071,51116,110120550,0,0,0
MA207,20220218,20220218,135321500,13:53:22,2748,4071,51116,110120550,0,0,0
MA207,20220218,20220218,135322000,13:53:22,2748,4071,51116,110120550,0,0,0
MA207,20220218,20220218,135323000,13:53:23,2748,4071,51116,110120550,0,0,0
MA207,20220218,20220218,135324000,13:53:26,2748,4071,51116,110120550,0,0,0
MA207,20220218,20220218,135325000,13:53:26,2748,4071,51116,110120550,0,0,0
MA207,20220218,20220218,135325500,13:53:26,2748,4071,51116,110120550,0,0,0
MA207,20220218,20220218,135326000,13:53:26,2748,4071,51116,110120550,0,0,0
MA207,20220218,20220218,135326500,13:53:26,2748,4071,51116,110120550,0,0,0
MA207,20220218,20220218,135327500,13:53:28,2748,4071,51116,110120550,0,0,0
MA207,20220218,20220218,135335500,13:53:36,2748,4071,51116,110120550,0,0,0
MA207,20220218,20220218,135345000,13:53:46,2748,4071,51116,110120550,0,0,0
MA207,20220218,20220218,135345500,13:53:46,2748,4071,51116,110120550,0,0,0
MA207,20220218,20220218,135346000,13:53:47,2748,4071,51116,110120550,0,0,0
MA207,20220218,20220218,135347000,13:53:47,2748,4071,51116,110120550,0,0,0
MA207,20220218,20220218,135347500,13:53:48,2748,4071,51116,110120550,0,0,0
MA207,20220218,20220218,135348000,13:53:48,2748,4071,51116,110120550,0,0,0
MA207,20220218,20220218,135349000,13:53:49,2748,4071,51116,110120550,0,0,0
MA207,20220218,20220218,135349500,13:53:50,2748,4071,51116,110120550,0,0,0
MA207,20220218,20220218,135351500,13:53:53,2748,4071,51116,110120550,0,0,0
MA207,20220218,20220218,135352500,13:53:53,2748,4071,51116,110120550,0,0,0
MA207,20220218,20220218,135357500,13:53:58,2748,4071,51116,110120550,0,0,0
MA207,20220218,20220218,135400000,13:54:08,2747,4073,51117,110174650,2,1,54100
MA207,20220218,20220218,135400500,13:54:08,2747,4073,51117,110174650,0,0,0
MA207,20220218,20220218,135406500,13:54:09,2747,4073,51117,110174650,0,0,0
MA207,20220218,20220218,135408500,13:54:09,2747,4073,51117,110174650,0,0,0
MA207,20220218,20220218,135409000,13:54:09,2747,4073,51117,110174650,0,0,0
MA207,20220218,20220218,135409500,13:54:10,2747,4073,51117,110174650,0,0,0
MA207,20220218,20220218,135411500,13:54:12,2747,4073,51117,110174650,0,0,0
MA207,20220218,20220218,135412000,13:54:12,2747,4073,51117,110174650,0,0,0
MA207,20220218,20220218,135412500,13:54:13,2747,4073,51117,110174650,0,0,0
MA207,20220218,20220218,135413000,13:54:13,2747,4073,51117,110174650,0,0,0
MA207,20220218,20220218,135413500,13:54:14,2747,4073,51117,110174650,0,0,0
MA207,20220218,20220218,135427000,13:54:28,2747,4073,51117,110174650,0,0,0
MA207,20220218,20220218,135433500,13:54:34,2747,4073,51117,110174650,0,0,0
MA207,20220218,20220218,135434000,13:54:34,2747,4073,51117,110174650,0,0,0
MA207,20220218,20220218,135434500,13:54:34,2747,4073,51117,110174650,0,0,0
MA207,20220218,20220218,135438000,13:54:38,2747,4073,51117,110174650,0,0,0
MA207,20220218,20220218,135438500,13:54:39,2747,4073,51117,110174650,0,0,0
MA207,20220218,20220218,135439000,13:54:39,2747,4073,51117,110174650,0,0,0
MA207,20220218,20220218,135439500,13:54:40,2747,4073,51117,110174650,0,0,0
MA207,20220218,20220218,135440500,13:54:41,2747,4073,51117,110174650,0,0,0
MA207,20220218,20220218,135501500,13:55:02,2747,4073,51117,110174650,0,0,0
MA207,20220218,20220218,135502000,13:55:03,2747,4073,51117,110174650,0,0,0
MA207,20220218,20220218,135502500,13:55:03,2747,4073,51117,110174650,0,0,0
MA207,20220218,20220218,135503000,13:55:03,2747,4073,51117,110174650,0,0,0
MA207,20220218,20220218,135503500,13:55:04,2747,4073,51117,110174650,0,0,0
MA207,20220218,20220218,135505500,13:55:06,2747,4073,51117,110174650,0,0,0
MA207,20220218,20220218,135506000,13:55:06,2747,4073,51117,110174650,0,0,0
MA207,20220218,20220218,135506500,13:55:06,2747,4073,51117,110174650,0,0,0
MA207,20220218,20220218,135507000,13:55:11,2747,4073,51117,110174650,0,0,0
MA207,20220218,20220218,135507500,13:55:11,2747,4073,51117,110174650,0,0,0
MA207,20220218,20220218,135508000,13:55:12,2747,4073,51117,110174650,0,0,0
MA207,20220218,20220218,135511500,13:55:12,2747,4073,51117,110174650,0,0,0
MA207,20220218,20220218,135512000,13:55:12,2747,4073,51117,110174650,0,0,0
MA207,20220218,20220218,135512500,13:55:13,2747,4073,51117,110174650,0,0,0
MA207,20220218,20220218,135513000,13:55:14,2747,4073,51117,110174650,0,0,0
MA207,20220218,20220218,135513500,13:55:15,2747,4073,51117,110174650,0,0,0
MA207,20220218,20220218,135514000,13:55:15,2747,4073,51117,110174650,0,0,0
MA207,20220218,20220218,135515500,13:55:16,2747,4073,51117,110174650,0,0,0
MA207,20220218,20220218,135519500,13:55:25,2747,4073,51117,110174650,0,0,0
MA207,20220218,20220218,135529000,13:55:29,2747,4073,51117,110174650,0,0,0
MA207,20220218,20220218,135536000,13:55:36,2747,4073,51117,110174650,0,0,0
MA207,20220218,20220218,135536500,13:55:37,2747,4073,51117,110174650,0,0,0
MA207,20220218,20220218,135537000,13:55:37,2747,4073,51117,110174650,0,0,0
MA207,20220218,20220218,135537500,13:55:37,2747,4073,51117,110174650,0,0,0
MA207,20220218,20220218,135538000,13:55:38,2747,4073,51117,110174650,0,0,0
MA207,20220218,20220218,135543000,13:55:45,2747,4073,51117,110174650,0,0,0
MA207,20220218,20220218,135543500,13:55:45,2747,4073,51117,110174650,0,0,0
MA207,20220218,20220218,135544000,13:55:45,2747,4073,51117,110174650,0,0,0
MA207,20220218,20220218,135544500,13:55:45,2747,4073,51117,110174650,0,0,0
MA207,20220218,20220218,135545000,13:55:45,2747,4073,51117,110174650,0,0,0
MA207,20220218,20220218,135545500,13:55:46,2747,4073,51117,110174650,0,0,0
MA207,20220218,20220218,135546000,13:55:46,2747,4073,51117,110174650,0,0,0
MA207,20220218,20220218,135546500,13:55:47,2747,4073,51117,110174650,0,0,0
MA207,20220218,20220218,135547000,13:55:47,2747,4073,51117,110174650,0,0,0
MA207,20220218,20220218,135547500,13:55:47,2747,4073,51117,110174650,0,0,0
MA207,20220218,20220218,135548000,13:55:48,2747,4073,51117,110174650,0,0,0
MA207,20220218,20220218,135548500,13:55:48,2747,4073,51117,110174650,0,0,0
MA207,20220218,20220218,135549000,13:55:50,2747,4073,51117,110174650,0,0,0
MA207,20220218,20220218,135549500,13:55:50,2747,4073,51117,110174650,0,0,0
MA207,20220218,20220218,135550000,13:55:50,2747,4073,51117,110174650,0,0,0
MA207,20220218,20220218,135550500,13:55:50,2747,4073,51117,110174650,0,0,0
MA207,20220218,20220218,135551000,13:55:52,2747,4073,51117,110174650,0,0,0
MA207,20220218,20220218,135551500,13:55:52,2747,4073,51117,110174650,0,0,0
MA207,20220218,20220218,135552000,13:55:52,2747,4073,51117,110174650,0,0,0
MA207,20220218,20220218,135552500,13:55:52,2747,4073,51117,110174650,0,0,0
MA207,20220218,20220218,135553000,13:55:53,2747,4073,51117,110174650,0,0,0
MA207,20220218,20220218,135617500,13:56:23,2747,4073,51117,110174650,0,0,0
MA207,20220218,20220218,135633500,13:56:35,2747,4073,51117,110174650,0,0,0
