MA205,20220218,20220218,112003000,11:20:09,2758,715356,763627,19500604560,715356,-41388,19500604560
MA205,20220218,20220218,112004500,11:20:09,2758,715540,763668,19505620400,184,41,5015840
MA205,20220218,20220218,112005000,11:20:10,2757,715728,763803,19510745280,188,135,5124880
MA205,20220218,20220218,112006000,11:20:10,2758,715839,763841,19513771140,111,38,3025860
MA205,20220218,20220218,112006500,11:20:10,2758,715842,763841,19513852920,3,0,81780
MA205,20220218,20220218,112007000,11:20:10,2758,715843,763841,19513880180,1,0,27260
MA205,20220218,20220218,112007500,11:20:10,2759,715872,763848,19514670720,29,7,790540
MA205,20220218,20220218,112008000,11:20:10,2759,715877,763850,19514807020,5,2,136300
MA205,20220218,20220218,112008500,11:20:10,2758,715883,763851,19514970580,6,1,163560
MA205,20220218,20220218,112009000,11:20:10,2759,715885,763853,19515025100,2,2,54520
MA205,20220218,20220218,112009500,11:20:10,2759,715888,763855,19515106880,3,2,81780
MA205,20220218,20220218,112010000,11:20:10,2758,715989,763931,19517860140,101,76,2753260
MA205,20220218,20220218,112010500,11:20:10,2758,715989,763931,19517860140,0,0,0
MA205,20220218,20220218,112011000,11:20:11,2758,715990,763931,19517887400,1,0,27260
MA205,20220218,20220218,112011500,11:20:12,2759,715996,763932,19518050960,6,1,163560
MA205,20220218,20220218,112012000,11:20:12,2758,716013,763933,19518514380,17,1,463420
MA205,20220218,20220218,112012500,11:20:12,2758,716018,763933,19518650680,5,0,136300
MA205,20220218,20220218,112013000,11:20:13,2759,716020,763934,19518705200,2,1,54520
MA205,20220218,20220218,112013500,11:20:13,2759,716022,763936,19518759720,2,2,54520
MA205,20220218,20220218,112014000,11:20:14,2759,716032,763936,19519032320,10,0,272600
MA205,20220218,20220218,112014500,11:20:14,2759,716040,763936,19519250400,8,0,218080
MA205,20220218,20220218,112015000,11:20:15,2758,716041,763937,19519277660,1,1,27260
MA205,20220218,20220218,112015500,11:20:16,2759,716170,764033,19522794200,129,96,3516540
MA205,20220218,20220218,112016000,11:20:16,2758,716185,764042,19523203100,15,9,408900
MA205,20220218,20220218,112016500,11:20:16,2758,716259,764085,19525220340,74,43,2017240
MA205,20220218,20220218,112017000,11:20:17,2758,716266,764089,19525411160,7,4,190820
MA205,20220218,20220218,112017500,11:20:17,2758,716267,764089,19525438420,1,0,27260
MA205,20220218,20220218,112018000,11:20:18,2758,716269,764091,19525492940,2,2,54520
MA205,20220218,20220218,112018500,11:20:18,2758,716272,764093,19525574720,3,2,81780
MA205,20220218,20220218,112019000,11:20:19,2759,716581,763923,19533998060,309,-170,8423340
MA205,20220218,20220218,112019500,11:20:20,2758,716728,763996,19538005280,147,73,4007220
MA205,20220218,20220218,112020000,11:20:20,2759,716730,763998,19538059800,2,2,54520
MA205,20220218,20220218,112020500,11:20:20,2759,716734,764000,19538168840,4,2,109040
MA205,20220218,20220218,112021000,11:20:21,2759,716756,763993,19538768560,22,-7,599720
MA205,20220218,20220218,112021500,11:20:21,2758,716777,764000,19539341020,21,7,572460
MA205,20220218,20220218,112022000,11:20:22,2759,716814,764008,19540349640,37,8,1008620
MA205,20220218,20220218,112022500,11:20:23,2758,716857,764047,19541521820,43,39,1172180
MA205,20220218,20220218,112023000,11:20:23,2759,716858,764048,19541549080,1,1,27260
MA205,20220218,20220218,112023500,11:20:23,2759,716897,764047,19542612220,39,-1,1063140
MA205,20220218,20220218,112024000,11:20:24,2759,716902,764048,19542748520,5,1,136300
MA205,20220218,20220218,112024500,11:20:24,2759,716978,764055,19544820280,76,7,2071760
MA205,20220218,20220218,112025000,11:20:25,2758,717128,764147,19548909280,150,92,4089000
MA205,20220218,20220218,112025500,11:20:26,2759,717132,764151,19549018320,4,4,109040
MA205,20220218,20220218,112026000,11:20:26,2758,717135,764153,19549100100,3,2,81780
MA205,20220218,20220218,112026500,11:20:26,2759,717136,764153,19549127360,1,0,27260
MA205,20220218,20220218,112027000,11:20:27,2759,717150,764158,19549509000,14,5,381640
MA205,20220218,20220218,112027500,11:20:28,2759,717178,764155,19550272280,28,-3,763280
MA205,20220218,20220218,112028000,11:20:28,2758,717199,764174,19550844740,21,19,572460
MA205,20220218,20220218,112028500,11:20:28,2759,717236,764183,19551853360,37,9,1008620
MA205,20220218,20220218,112029000,11:20:29,2759,717265,764201,19552643900,29,18,790540
MA205,20220218,20220218,112029500,11:20:30,2759,717339,764204,19554661140,74,3,2017240
MA205,20220218,20220218,112030000,11:20:31,2758,717345,764203,19554824700,6,-1,163560
MA205,20220218,20220218,112030500,11:20:31,2758,717396,764211,19556214960,51,8,1390260
MA205,20220218,20220218,112031000,11:20:32,2758,717637,764222,19562784620,241,11,6569660
MA205,20220218,20220218,112031500,11:20:32,2758,717671,764240,19563711460,34,18,926840
MA205,20220218,20220218,112032000,11:20:32,2758,717684,764241,19564065840,13,1,354380
MA205,20220218,20220218,112032500,11:20:32,2758,717693,764241,19564311180,9,0,245340
MA205,20220218,20220218,112033000,11:20:33,2758,717694,764241,19564338440,1,0,27260
MA205,20220218,20220218,112033500,11:20:33,2758,717705,764250,19564638300,11,9,299860
MA205,20220218,20220218,112034000,11:20:34,2758,717712,764257,19564829120,7,7,190820
MA205,20220218,20220218,112034500,11:20:34,2757,717713,764258,19564856380,1,1,27260
MA205,20220218,20220218,112035000,11:20:35,2758,717717,764262,19564965420,4,4,109040
MA205,20220218,20220218,112035500,11:20:35,2758,717719,764264,19565019940,2,2,54520
MA205,20220218,20220218,112036000,11:20:36,2758,717763,764275,19566219380,44,11,1199440
MA205,20220218,20220218,112036500,11:20:37,2758,717767,764278,19566328420,4,3,109040
MA205,20220218,20220218,112037000,11:20:37,2758,717772,764283,19566464720,5,5,136300
MA205,20220218,20220218,112037500,11:20:38,2759,717781,764284,19566710060,9,1,245340
MA205,20220218,20220218,112038000,11:20:38,2759,717787,764284,19566873620,6,0,163560
MA205,20220218,20220218,112038500,11:20:38,2759,717796,764290,19567118960,9,6,245340
MA205,20220218,20220218,112039000,11:20:39,2758,717808,764300,19567446080,12,10,327120
MA205,20220218,20220218,112039500,11:20:40,2759,717813,764304,19567582380,5,4,136300
MA205,20220218,20220218,112040000,11:20:40,2758,717816,764305,19567664160,3,1,81780
MA205,20220218,20220218,112040500,11:20:41,2759,717826,764314,19567936760,10,9,272600
MA205,20220218,20220218,112041000,11:20:41,2759,717829,764317,19568018540,3,3,81780
MA205,20220218,20220218,112041500,11:20:41,2759,717831,764319,19568073060,2,2,54520
MA205,20220218,20220218,112042000,11:20:42,2758,717832,764319,19568100320,1,0,27260
MA205,20220218,20220218,112042500,11:20:42,2759,717833,764320,19568127580,1,1,27260
MA205,20220218,20220218,112043000,11:20:43,2759,717842,764329,19568372920,9,9,245340
MA205,20220218,20220218,112043500,11:20:44,2759,717862,764343,19568918120,20,14,545200
MA205,20220218,20220218,112044000,11:20:44,2759,717867,764348,19569054420,5,5,136300
MA205,20220218,20220218,112044500,11:20:45,2758,717876,764352,19569299760,9,4,245340
MA205,20220218,20220218,112045000,11:20:45,2758,717880,764354,19569408800,4,2,109040
MA205,20220218,20220218,112045500,11:20:46,2759,717883,764357,19569490580,3,3,81780
MA205,20220218,20220218,112046000,11:20:46,2759,717889,764363,19569654140,6,6,163560
MA205,20220218,20220218,112046500,11:20:46,2758,717896,764370,19569844960,7,7,190820
MA205,20220218,20220218,112047000,11:20:47,2758,717896,764370,19569844960,0,0,0
MA205,20220218,20220218,112047500,11:20:48,2758,717896,764370,19569844960,0,0,0
MA205,20220218,20220218,112048000,11:20:48,2758,717908,764380,19570172080,12,10,327120
MA205,20220218,20220218,112048500,11:20:50,2758,717908,764380,19570172080,0,0,0
MA205,20220218,20220218,112049000,11:20:50,2758,717909,764380,19570199340,1,0,27260
MA205,20220218,20220218,112049500,11:20:50,2759,717932,764394,19570826320,23,14,626980
MA205,20220218,20220218,112050500,11:20:50,2759,717934,764393,19570880840,2,-1,54520
MA205,20220218,20220218,112051000,11:20:51,2759,717997,764418,19572598220,63,25,1717380
MA205,20220218,20220218,112051500,11:20:51,2759,718000,764420,19572680000,3,2,81780
MA205,20220218,20220218,112052000,11:20:53,2759,718000,764420,19572680000,0,0,0
MA205,20220218,20220218,112052500,11:20:53,2760,718001,764420,19572707260,1,0,27260
MA205,20220218,20220218,112053000,11:20:53,2759,718343,764326,19582030180,342,-94,9322920
MA205,20220218,20220218,112053500,11:20:53,2759,718351,764327,19582248260,8,1,218080
MA205,20220218,20220218,112054000,11:20:54,2759,718356,764329,19582384560,5,2,136300
MA205,20220218,20220218,112054500,11:20:55,2759,718357,764328,19582411820,1,-1,27260
MA205,20220218,20220218,112055000,11:20:55,2759,718360,764325,19582493600,3,-3,81780
MA205,20220218,20220218,112055500,11:20:56,2759,718364,764321,19582602640,4,-4,109040
MA205,20220218,20220218,112056000,11:20:56,2758,718368,764321,19582711680,4,0,109040
MA205,20220218,20220218,112056500,11:20:56,2759,718372,764321,19582820720,4,0,109040
MA205,20220218,20220218,112057000,11:20:58,2759,718385,764322,19583175100,13,1,354380
MA205,20220218,20220218,112057500,11:20:58,2759,718387,764320,19583229620,2,-2,54520
MA205,20220218,20220218,112058000,11:20:58,2759,718387,764320,19583229620,0,0,0
MA205,20220218,20220218,112058500,11:20:59,2759,718416,764334,19584020160,29,14,790540
MA205,20220218,20220218,112059000,11:20:59,2759,718416,764334,19584020160,0,0,0
MA205,20220218,20220218,112059500,11:21:00,2758,718424,764335,19584238240,8,1,218080
MA205,20220218,20220218,112100000,11:21:00,2759,718449,764342,19584919740,25,7,681500
MA205,20220218,20220218,112100500,11:21:01,2759,718456,764348,19585110560,7,6,190820
MA205,20220218,20220218,112101000,11:21:01,2760,718498,764385,19586255480,42,37,1144920
MA205,20220218,20220218,112101500,11:21:02,2760,718498,764385,19586255480,0,0,0
MA205,20220218,20220218,112102000,11:21:02,2760,718501,764384,19586337260,3,-1,81780
MA205,20220218,20220218,112102500,11:21:03,2759,718513,764388,19586664380,12,4,327120
MA205,20220218,20220218,112103000,11:21:03,2759,718591,764333,19588790660,78,-55,2126280
MA205,20220218,20220218,112103500,11:21:04,2759,718609,764340,19589281340,18,7,490680
MA205,20220218,20220218,112104000,11:21:04,2759,718648,764340,19590344480,39,0,1063140
MA205,20220218,20220218,112104500,11:21:05,2759,718667,764326,19590862420,19,-14,517940
MA205,20220218,20220218,112105000,11:21:05,2759,718752,764261,19593179520,85,-65,2317100
MA205,20220218,20220218,112105500,11:21:06,2760,718759,764266,19593370340,7,5,190820
MA205,20220218,20220218,112106000,11:21:07,2759,718771,764276,19593697460,12,10,327120
MA205,20220218,20220218,112106500,11:21:07,2759,718773,764276,19593751980,2,0,54520
MA205,20220218,20220218,112107000,11:21:10,2759,718777,764279,19593861020,4,3,109040
MA205,20220218,20220218,112107500,11:21:10,2760,718797,764274,19594406220,20,-5,545200
MA205,20220218,20220218,112108000,11:21:10,2759,718808,764281,19594706080,11,7,299860
MA205,20220218,20220218,112108500,11:21:10,2760,718817,764283,19594951420,9,2,245340
MA205,20220218,20220218,112110000,11:21:10,2759,718860,764302,19596123600,43,19,1172180
MA205,20220218,20220218,112110500,11:21:11,2759,718870,764307,19596396200,10,5,272600
MA205,20220218,20220218,112111000,11:21:11,2759,718871,764307,19596423460,1,0,27260
MA205,20220218,20220218,112111500,11:21:12,2760,718875,764307,19596532500,4,0,109040
MA205,20220218,20220218,112112000,11:21:12,2760,718879,764310,19596641540,4,3,109040
MA205,20220218,20220218,112112500,11:21:13,2759,718886,764309,19596832360,7,-1,190820
MA205,20220218,20220218,112113000,11:21:13,2759,718904,764317,19597323040,18,8,490680
MA205,20220218,20220218,112113500,11:21:13,2759,718919,764324,19597731940,15,7,408900
MA205,20220218,20220218,112114000,11:21:14,2760,718923,764328,19597840980,4,4,109040
MA205,20220218,20220218,112114500,11:21:14,2759,718934,764325,19598140840,11,-3,299860
MA205,20220218,20220218,112115000,11:21:15,2759,718943,764330,19598386180,9,5,245340
MA205,20220218,20220218,112115500,11:21:15,2760,718946,764332,19598467960,3,2,81780
MA205,20220218,20220218,112116000,11:21:16,2759,718956,764332,19598740560,10,0,272600
MA205,20220218,20220218,112116500,11:21:17,2759,718958,764333,19598795080,2,1,54520
MA205,20220218,20220218,112117000,11:21:17,2760,718960,764334,19598849600,2,1,54520
MA205,20220218,20220218,112117500,11:21:18,2760,718967,764339,19599040420,7,5,190820
MA205,20220218,20220218,112118000,11:21:18,2759,718982,764353,19599449320,15,14,408900
MA205,20220218,20220218,112118500,11:21:18,2759,718984,764353,19599503840,2,0,54520
MA205,20220218,20220218,112119000,11:21:19,2759,718985,764353,19599531100,1,0,27260
MA205,20220218,20220218,112119500,11:21:19,2759,718988,764351,19599612880,3,-2,81780
MA205,20220218,20220218,112120000,11:21:20,2759,718990,764350,19599667400,2,-1,54520
MA205,20220218,20220218,112120500,11:21:21,2760,718992,764351,19599721920,2,1,54520
MA205,20220218,20220218,112121000,11:21:22,2759,718998,764353,19599885480,6,2,163560
MA205,20220218,20220218,112121500,11:21:22,2759,719008,764353,19600158080,10,0,272600
MA205,20220218,20220218,112122000,11:21:22,2759,719016,764361,19600376160,8,8,218080
MA205,20220218,20220218,112122500,11:21:22,2760,719017,764361,19600403420,1,0,27260
MA205,20220218,20220218,112123000,11:21:23,2760,719024,764365,19600594240,7,4,190820
MA205,20220218,20220218,112123500,11:21:23,2759,719040,764372,19601030400,16,7,436160
MA205,20220218,20220218,112124000,11:21:24,2759,719078,764388,19602066280,38,16,1035880
MA205,20220218,20220218,112124500,11:21:25,2760,719082,764392,19602175320,4,4,109040
MA205,20220218,20220218,112125000,11:22:29,2759,719108,764414,19602884080,26,22,708760
MA205,20220218,20220218,112125500,11:23:32,2759,719111,764415,19602965860,3,1,81780
MA205,20220218,20220218,112126000,11:23:33,2759,719111,764415,19602965860,0,0,0
MA205,20220218,20220218,112126500,11:23:33,2759,719113,764415,19603020380,2,0,54520
MA205,20220218,20220218,112332500,11:23:33,2757,722470,765703,19694532200,3357,1288,91511820
MA205,20220218,20220218,112333000,11:23:33,2757,722472,765705,19694586720,2,2,54520
MA205,20220218,20220218,112333500,11:23:33,2757,722476,765706,19694695760,4,1,109040
MA205,20220218,20220218,112334000,11:23:34,2758,722479,765706,19694777540,3,0,81780
MA205,20220218,20220218,112334500,11:23:34,2758,722481,765705,19694832060,2,-1,54520
MA205,20220218,20220218,112335000,11:23:35,2757,722540,765707,19696440400,59,2,1608340
MA205,20220218,20220218,112335500,11:23:35,2758,722544,765707,19696549440,4,0,109040
MA205,20220218,20220218,112336000,11:23:36,2757,722548,765708,19696658480,4,1,109040
MA205,20220218,20220218,112336500,11:23:38,2757,722554,765708,19696822040,6,0,163560
MA205,20220218,20220218,112337500,11:23:38,2757,722562,765710,19697040120,8,2,218080
MA205,20220218,20220218,112338000,11:23:38,2757,722570,765713,19697258200,8,3,218080
MA205,20220218,20220218,112338500,11:23:38,2757,722572,765713,19697312720,2,0,54520
MA205,20220218,20220218,112339000,11:23:39,2757,722574,765715,19697367240,2,2,54520
MA205,20220218,20220218,112339500,11:23:39,2758,722577,765716,19697449020,3,1,81780
MA205,20220218,20220218,112340000,11:23:40,2757,722578,765717,19697476280,1,1,27260
MA205,20220218,20220218,112341000,11:23:41,2758,722760,765782,19702437600,182,65,4961320
MA205,20220218,20220218,112341500,11:23:42,2758,722762,765782,19702492120,2,0,54520
MA205,20220218,20220218,112342000,11:23:42,2758,722770,765790,19702710200,8,8,218080
MA205,20220218,20220218,112342500,11:23:42,2759,722775,765785,19702846500,5,-5,136300
MA205,20220218,20220218,112343000,11:23:43,2758,722781,765781,19703010060,6,-4,163560
MA205,20220218,20220218,112343500,11:23:43,2758,722784,765781,19703091840,3,0,81780
MA205,20220218,20220218,112344000,11:23:48,2758,722867,765777,19705354420,83,-4,2262580
MA205,20220218,20220218,112344500,11:23:48,2758,722873,765775,19705517980,6,-2,163560
MA205,20220218,20220218,112345000,11:23:48,2758,722880,765775,19705708800,7,0,190820
MA205,20220218,20220218,112345500,11:23:48,2758,722889,765776,19705954140,9,1,245340
MA205,20220218,20220218,112347500,11:23:48,2758,722893,765779,19706063180,4,3,109040
MA205,20220218,20220218,112348500,11:23:49,2758,722896,765781,19706144960,3,2,81780
MA205,20220218,20220218,112349000,11:23:49,2758,722897,765781,19706172220,1,0,27260
MA205,20220218,20220218,112349500,11:23:50,2759,723224,765941,19715086240,327,160,8914020
MA205,20220218,20220218,112350000,11:23:50,2759,723243,765942,19715604180,19,1,517940
MA205,20220218,20220218,112350500,11:23:50,2760,723251,765950,19715822260,8,8,218080
MA205,20220218,20220218,112351500,11:23:51,2759,723257,765951,19715985820,6,1,163560
MA205,20220218,20220218,112352500,11:23:52,2760,723467,766099,19721710420,210,148,5724600
MA205,20220218,20220218,112353000,11:23:53,2760,723511,766120,19722909860,44,21,1199440
MA205,20220218,20220218,112353500,11:23:53,2759,723517,766123,19723073420,6,3,163560
MA205,20220218,20220218,112354500,11:23:55,2759,723533,766127,19723509580,16,4,436160
MA205,20220218,20220218,112355000,11:23:55,2759,723542,766129,19723754920,9,2,245340
MA205,20220218,20220218,112356000,11:23:56,2759,723545,766131,19723836700,3,2,81780
MA205,20220218,20220218,112356500,11:23:56,2759,723554,766134,19724082040,9,3,245340
MA205,20220218,20220218,112357000,11:23:57,2760,723557,766137,19724163820,3,3,81780
MA205,20220218,20220218,112358000,11:23:58,2759,723563,766138,19724327380,6,1,163560
MA205,20220218,20220218,112358500,11:23:58,2760,723606,766176,19725499560,43,38,1172180
MA205,20220218,20220218,112359000,11:23:59,2759,723630,766159,19726153800,24,-17,654240
MA205,20220218,20220218,112359500,11:23:59,2760,723667,766171,19727162420,37,12,1008620
MA205,20220218,20220218,112400000,11:24:00,2760,723679,766176,19727489540,12,5,327120
MA205,20220218,20220218,112400500,11:24:00,2760,723685,766176,19727653100,6,0,163560
MA205,20220218,20220218,112401500,11:24:01,2760,723721,766195,19728634460,36,19,981360
MA205,20220218,20220218,112402000,11:24:02,2760,723730,766188,19728879800,9,-7,245340
MA205,20220218,20220218,112403000,11:24:03,2759,723733,766189,19728961580,3,1,81780
MA205,20220218,20220218,112403500,11:24:04,2760,723749,766182,19729397740,16,-7,436160
MA205,20220218,20220218,112404000,11:24:04,2760,723749,766182,19729397740,0,0,0
MA205,20220218,20220218,112405000,11:24:05,2759,723750,766183,19729425000,1,1,27260
MA205,20220218,20220218,112405500,11:24:05,2760,723755,766184,19729561300,5,1,136300
MA205,20220218,20220218,112406000,11:24:06,2759,723767,766192,19729888420,12,8,327120
MA205,20220218,20220218,112406500,11:24:06,2760,723774,766194,19730079240,7,2,190820
MA205,20220218,20220218,112407000,11:24:07,2760,723777,766195,19730161020,3,1,81780
MA205,20220218,20220218,112407500,11:24:08,2760,723784,766193,19730351840,7,-2,190820
MA205,20220218,20220218,112408000,11:24:08,2759,723785,766193,19730379100,1,0,27260
MA205,20220218,20220218,112409000,11:24:11,2760,723798,766189,19730733480,13,-4,354380
MA205,20220218,20220218,112409500,11:24:11,2760,723817,766180,19731251420,19,-9,517940
MA205,20220218,20220218,112410000,11:24:12,2760,723819,766179,19731305940,2,-1,54520
MA205,20220218,20220218,112411500,11:24:12,2760,723844,766188,19731987440,25,9,681500
MA205,20220218,20220218,112412500,11:24:13,2759,723850,766190,19732151000,6,2,163560
MA205,20220218,20220218,112413000,11:24:13,2759,723857,766196,19732341820,7,6,190820
MA205,20220218,20220218,112413500,11:24:14,2759,723857,766196,19732341820,0,0,0
MA205,20220218,20220218,112414500,11:24:14,2760,723886,766203,19733132360,29,7,790540
MA205,20220218,20220218,112415000,11:24:15,2759,723889,766206,19733214140,3,3,81780
MA205,20220218,20220218,112415500,11:24:15,2759,723889,766206,19733214140,0,0,0
MA205,20220218,20220218,112416500,11:24:17,2760,723902,766217,19733568520,13,11,354380
MA205,20220218,20220218,112417000,11:24:17,2760,723916,766227,19733950160,14,10,381640
MA205,20220218,20220218,112417500,11:24:18,2760,724485,766606,19749461100,569,379,15510940
MA205,20220218,20220218,112418000,11:24:18,2760,724499,766605,19749842740,14,-1,381640
MA205,20220218,20220218,112418500,11:24:19,2759,724502,766604,19749924520,3,-1,81780
MA205,20220218,20220218,112419000,11:24:19,2759,724509,766603,19750115340,7,-1,190820
MA205,20220218,20220218,112419500,11:24:19,2760,724534,766597,19750796840,25,-6,681500
MA205,20220218,20220218,112420000,11:24:20,2759,724536,766596,19750851360,2,-1,54520
MA205,20220218,20220218,112420500,11:24:20,2759,724549,766598,19751205740,13,2,354380
MA205,20220218,20220218,112421000,11:24:21,2759,724562,766598,19751560120,13,0,354380
MA205,20220218,20220218,112422000,11:24:22,2759,724571,766597,19751805460,9,-1,245340
MA205,20220218,20220218,112422500,11:24:23,2759,724572,766597,19751832720,1,0,27260
MA205,20220218,20220218,112423000,11:24:23,2759,724572,766597,19751832720,0,0,0
MA205,20220218,20220218,112423500,11:24:24,2759,724611,766626,19752895860,39,29,1063140
MA205,20220218,20220218,112424000,11:24:24,2759,724665,766672,19754367900,54,46,1472040
MA205,20220218,20220218,112424500,11:24:24,2759,724681,766687,19754804060,16,15,436160
MA205,20220218,20220218,112425000,11:24:25,2760,724700,766695,19755322000,19,8,517940
MA205,20220218,20220218,112425500,11:24:25,2760,724706,766700,19755485560,6,5,163560
MA205,20220218,20220218,112426000,11:24:26,2760,724710,766701,19755594600,4,1,109040
MA205,20220218,20220218,112426500,11:24:26,2760,724715,766706,19755730900,5,5,136300
MA205,20220218,20220218,112427000,11:24:27,2760,724726,766714,19756030760,11,8,299860
MA205,20220218,20220218,112427500,11:24:28,2760,724735,766722,19756276100,9,8,245340
MA205,20220218,20220218,112428000,11:24:28,2759,724739,766720,19756385140,4,-2,109040
MA205,20220218,20220218,112428500,11:24:28,2759,724753,766716,19756766780,14,-4,381640
MA205,20220218,20220218,112429000,11:24:29,2760,724792,766754,19757829920,39,38,1063140
MA205,20220218,20220218,112429500,11:24:29,2759,724799,766760,19758020740,7,6,190820
MA205,20220218,20220218,112430000,11:24:30,2759,724801,766761,19758075260,2,1,54520
MA205,20220218,20220218,112430500,11:24:30,2759,724807,766761,19758238820,6,0,163560
MA205,20220218,20220218,112431000,11:24:31,2760,724808,766761,19758266080,1,0,27260
MA205,20220218,20220218,112431500,11:24:31,2760,724811,766763,19758347860,3,2,81780
MA205,20220218,20220218,112432000,11:24:32,2759,724821,766767,19758620460,10,4,272600
MA205,20220218,20220218,112432500,11:24:32,2760,724835,766779,19759002100,14,12,381640
MA205,20220218,20220218,112433500,11:24:33,2760,724836,766780,19759029360,1,1,27260
MA205,20220218,20220218,112434000,11:24:34,2760,724836,766780,19759029360,0,0,0
MA205,20220218,20220218,112434500,11:24:34,2759,724838,766782,19759083880,2,2,54520
MA205,20220218,20220218,112435000,11:24:35,2760,724885,766802,19760365100,47,20,1281220
MA205,20220218,20220218,112435500,11:24:35,2760,725028,766699,19764263280,143,-103,3898180
MA205,20220218,20220218,112436000,11:24:36,2760,725028,766699,19764263280,0,0,0
MA205,20220218,20220218,112436500,11:24:36,2760,725029,766700,19764290540,1,1,27260
MA205,20220218,20220218,112437000,11:24:37,2760,725034,766700,19764426840,5,0,136300
MA205,20220218,20220218,112437500,11:24:37,2759,725036,766700,19764481360,2,0,54520
MA205,20220218,20220218,112438000,11:24:39,2759,725047,766689,19764781220,11,-11,299860
MA205,20220218,20220218,112438500,11:24:39,2759,725075,766684,19765544500,28,-5,763280
MA205,20220218,20220218,112439000,11:24:40,2760,725287,766888,19771323620,212,204,5779120
MA205,20220218,20220218,112439500,11:24:40,2759,725289,766890,19771378140,2,2,54520
MA205,20220218,20220218,112440000,11:24:40,2760,725290,766891,19771405400,1,1,27260
MA205,20220218,20220218,112440500,11:24:40,2760,725298,766892,19771623480,8,1,218080
MA205,20220218,20220218,112441000,11:24:41,2759,725313,766896,19772032380,15,4,408900
MA205,20220218,20220218,112441500,11:24:41,2759,725315,766897,19772086900,2,1,54520
MA205,20220218,20220218,112442000,11:24:42,2759,725316,766898,19772114160,1,1,27260
MA205,20220218,20220218,112442500,11:24:42,2759,725317,766898,19772141420,1,0,27260
MA205,20220218,20220218,112443000,11:24:43,2759,725319,766900,19772195940,2,2,54520
MA205,20220218,20220218,112443500,11:24:43,2760,725320,766901,19772223200,1,1,27260
MA205,20220218,20220218,112444000,11:24:44,2759,725322,766901,19772277720,2,0,54520
MA205,20220218,20220218,112444500,11:24:44,2759,725323,766902,19772304980,1,1,27260
MA205,20220218,20220218,112445000,11:24:45,2759,725326,766901,19772386760,3,-1,81780
MA205,20220218,20220218,112445500,11:24:45,2760,725427,766984,19775140020,101,83,2753260
MA205,20220218,20220218,112446000,11:24:46,2759,725432,766986,19775276320,5,2,136300
MA205,20220218,20220218,112446500,11:24:46,2759,725445,766986,19775630700,13,0,354380
MA205,20220218,20220218,112447000,11:24:47,2760,725448,766984,19775712480,3,-2,81780
MA205,20220218,20220218,112447500,11:24:47,2760,725448,766984,19775712480,0,0,0
MA205,20220218,20220218,112448000,11:24:48,2759,725452,766987,19775821520,4,3,109040
MA205,20220218,20220218,112448500,11:24:48,2759,725457,766991,19775957820,5,4,136300
MA205,20220218,20220218,112449000,11:24:49,2759,725458,766991,19775985080,1,0,27260
MA205,20220218,20220218,112449500,11:24:49,2760,725459,766991,19776012340,1,0,27260
MA205,20220218,20220218,112450000,11:24:50,2760,725464,766994,19776148640,5,3,136300
MA205,20220218,20220218,112450500,11:24:50,2760,725464,766994,19776148640,0,0,0
MA205,20220218,20220218,112451000,11:24:51,2759,725480,766993,19776584800,16,-1,436160
MA205,20220218,20220218,112451500,11:24:51,2759,725492,766998,19776911920,12,5,327120
MA205,20220218,20220218,112452000,11:24:52,2759,725492,766998,19776911920,0,0,0
MA205,20220218,20220218,112452500,11:24:52,2759,725492,766998,19776911920,0,0,0
MA205,20220218,20220218,112453000,11:24:53,2760,725494,767000,19776966440,2,2,54520
MA205,20220218,20220218,112453500,11:24:53,2760,725494,767000,19776966440,0,0,0
MA205,20220218,20220218,112454500,11:24:54,2759,725497,767000,19777048220,3,0,81780
MA205,20220218,20220218,112455000,11:24:55,2759,725499,767001,19777102740,2,1,54520
MA205,20220218,20220218,112455500,11:24:56,2759,725502,767002,19777184520,3,1,81780
MA205,20220218,20220218,112456000,11:24:56,2759,725514,767012,19777511640,12,10,327120
MA205,20220218,20220218,112456500,11:24:56,2759,725520,767012,19777675200,6,0,163560
MA205,20220218,20220218,112457000,11:24:57,2759,725520,767012,19777675200,0,0,0
MA205,20220218,20220218,112457500,11:24:57,2760,725535,767024,19778084100,15,12,408900
MA205,20220218,20220218,112458000,11:24:58,2759,725542,767027,19778274920,7,3,190820
MA205,20220218,20220218,112458500,11:24:58,2759,725544,767029,19778329440,2,2,54520
MA205,20220218,20220218,112459000,11:24:59,2759,725544,767029,19778329440,0,0,0
MA205,20220218,20220218,112459500,11:24:59,2760,725546,767029,19778383960,2,0,54520
MA205,20220218,20220218,112500000,11:25:00,2759,725547,767029,19778411220,1,0,27260
MA205,20220218,20220218,112500500,11:25:01,2759,725547,767029,19778411220,0,0,0
MA205,20220218,20220218,112501000,11:25:02,2759,725563,767034,19778847380,16,5,436160
MA205,20220218,20220218,112501500,11:25:03,2759,726205,767358,19803610350,642,324,24762970
MA205,20220218,20220218,112502000,11:25:05,2760,727012,767678,19825617240,807,320,22006890
MA205,20220218,20220218,112502500,11:25:06,2761,727020,767675,19825835400,8,-3,218160
MA205,20220218,20220218,112504500,11:25:06,2761,727514,767565,19839306780,494,-110,13471380
MA205,20220218,20220218,112505500,11:25:06,2761,727940,767529,19850923800,426,-36,11617020
MA205,20220218,20220218,112506000,11:25:07,2761,728322,767455,19861340940,382,-74,10417140
MA205,20220218,20220218,112506500,11:25:07,2762,728737,767426,19872657990,415,-29,11317050
MA205,20220218,20220218,112507000,11:25:07,2762,729164,767602,19884302280,427,176,11644290
MA205,20220218,20220218,112507500,11:25:07,2762,729171,767602,19884493170,7,0,190890
MA205,20220218,20220218,112508000,11:25:08,2762,729180,767603,19884738600,9,1,245430
MA205,20220218,20220218,112508500,11:25:08,2761,729190,767609,19885011300,10,6,272700
MA205,20220218,20220218,112509000,11:25:09,2762,729205,767609,19885420350,15,0,409050
MA205,20220218,20220218,112509500,11:25:09,2761,729327,767653,19888747290,122,44,3326940
MA205,20220218,20220218,112510000,11:25:10,2761,729353,767677,19889456310,26,24,709020
MA205,20220218,20220218,112510500,11:25:10,2761,729384,767672,19890301680,31,-5,845370
MA205,20220218,20220218,112511000,11:25:11,2762,729396,767667,19890628920,12,-5,327240
MA205,20220218,20220218,112511500,11:25:11,2761,729400,767664,19890738000,4,-3,109080
MA205,20220218,20220218,112512000,11:25:12,2761,729401,767663,19890765270,1,-1,27270
MA205,20220218,20220218,112512500,11:25:12,2761,729418,767662,19891228860,17,-1,463590
MA205,20220218,20220218,112513000,11:25:13,2761,729436,767664,19891719720,18,2,490860
MA205,20220218,20220218,112513500,11:25:15,2762,729442,767665,19891883340,6,1,163620
MA205,20220218,20220218,112514000,11:25:15,2762,729446,767668,19891992420,4,3,109080
MA205,20220218,20220218,112514500,11:25:15,2761,729452,767664,19892156040,6,-4,163620
MA205,20220218,20220218,112515000,11:25:16,2762,729454,767663,19892210580,2,-1,54540
MA205,20220218,20220218,112515500,11:25:16,2761,729463,767656,19892456010,9,-7,245430
MA205,20220218,20220218,112516000,11:25:16,2761,729468,767654,19892592360,5,-2,136350
MA205,20220218,20220218,112516500,11:25:16,2762,729480,767657,19892919600,12,3,327240
MA205,20220218,20220218,112517000,11:25:17,2762,729481,767657,19892946870,1,0,27270
MA205,20220218,20220218,112517500,11:25:18,2761,729517,767631,19893928590,36,-26,981720
MA205,20220218,20220218,112518000,11:25:18,2762,729538,767611,19894501260,21,-20,572670
MA205,20220218,20220218,112518500,11:25:19,2761,729543,767608,19894637610,5,-3,136350
MA205,20220218,20220218,112519000,11:25:19,2762,729557,767607,19895019390,14,-1,381780
MA205,20220218,20220218,112519500,11:25:19,2761,729583,767588,19895728410,26,-19,709020
MA205,20220218,20220218,112520000,11:25:20,2762,729596,767584,19896082920,13,-4,354510
MA205,20220218,20220218,112520500,11:25:21,2762,729609,767584,19896437430,13,0,354510
MA205,20220218,20220218,112521000,11:25:21,2762,729612,767587,19896519240,3,3,81810
MA205,20220218,20220218,112521500,11:25:22,2762,729616,767586,19896628320,4,-1,109080
MA205,20220218,20220218,112522000,11:25:22,2761,729623,767587,19896819210,7,1,190890
MA205,20220218,20220218,112522500,11:25:22,2762,729630,767590,19897010100,7,3,190890
MA205,20220218,20220218,112523000,11:25:23,2762,729636,767590,19897173720,6,0,163620
MA205,20220218,20220218,112523500,11:25:24,2761,729653,767605,19897637310,17,15,463590
MA205,20220218,20220218,112524000,11:25:25,2761,729671,767604,19898128170,18,-1,490860
MA205,20220218,20220218,112524500,11:25:25,2762,729696,767585,19898809920,25,-19,681750
MA205,20220218,20220218,112525000,11:25:25,2762,729707,767581,19899109890,11,-4,299970
MA205,20220218,20220218,112525500,11:25:26,2762,729710,767581,19899191700,3,0,81810
MA205,20220218,20220218,112526000,11:25:26,2762,729713,767578,19899273510,3,-3,81810
MA205,20220218,20220218,112526500,11:25:27,2761,729940,767583,19905463800,227,5,6190290
MA205,20220218,20220218,112527000,11:25:27,2762,729951,767581,19905763770,11,-2,299970
MA205,20220218,20220218,112527500,11:25:28,2762,729956,767580,19905900120,5,-1,136350
MA205,20220218,20220218,112528000,11:25:28,2762,729958,767579,19905954660,2,-1,54540
MA205,20220218,20220218,112528500,11:25:28,2762,729959,767579,19905981930,1,0,27270
MA205,20220218,20220218,112529000,11:25:29,2762,729980,767565,19906554600,21,-14,572670
MA205,20220218,20220218,112529500,11:25:30,2761,730134,767557,19910754180,154,-8,4199580
MA205,20220218,20220218,112530000,11:25:30,2761,730369,767704,19917162630,235,147,6408450
MA205,20220218,20220218,112530500,11:25:31,2760,730523,767719,19921362210,154,15,4199580
MA205,20220218,20220218,112531000,11:25:31,2760,730531,767712,19921580370,8,-7,218160
MA205,20220218,20220218,112531500,11:25:32,2760,730531,767712,19921580370,0,0,0
MA205,20220218,20220218,112532000,11:25:32,2760,730532,767712,19921607640,1,0,27270
MA205,20220218,20220218,112532500,11:25:33,2760,730537,767712,19921743990,5,0,136350
MA205,20220218,20220218,112533000,11:25:33,2760,730552,767714,19922153040,15,2,409050
MA205,20220218,20220218,112533500,11:25:33,2759,730562,767723,19922425740,10,9,272700
MA205,20220218,20220218,112534000,11:25:34,2760,730567,767724,19922562090,5,1,136350
MA205,20220218,20220218,112534500,11:25:35,2759,730568,767724,19922589360,1,0,27270
MA205,20220218,20220218,112535000,11:25:36,2760,730580,767718,19922916600,12,-6,327240
MA205,20220218,20220218,112535500,11:25:37,2760,730584,767718,19923025680,4,0,109080
MA205,20220218,20220218,112536000,11:25:37,2759,730590,767720,19923189300,6,2,163620
MA205,20220218,20220218,112536500,11:25:37,2759,730593,767720,19923271110,3,0,81810
MA205,20220218,20220218,112537000,11:25:38,2759,730597,767721,19923380190,4,1,109080
MA205,20220218,20220218,112537500,11:25:38,2759,730608,767717,19923680160,11,-4,299970
MA205,20220218,20220218,112538000,11:25:38,2759,730614,767711,19923843780,6,-6,163620
MA205,20220218,20220218,112538500,11:25:39,2760,730619,767711,19923980130,5,0,136350
MA205,20220218,20220218,112539000,11:25:39,2759,730626,767711,19924171020,7,0,190890
MA205,20220218,20220218,112539500,11:25:40,2759,730632,767712,19924334640,6,1,163620
MA205,20220218,20220218,112540000,11:25:40,2759,730635,767711,19924416450,3,-1,81810
MA205,20220218,20220218,112540500,11:25:40,2759,730637,767711,19924470990,2,0,54540
MA205,20220218,20220218,112541000,11:25:41,2759,730643,767712,19924634610,6,1,163620
MA205,20220218,20220218,112541500,11:25:41,2759,730653,767715,19924907310,10,3,272700
MA205,20220218,20220218,112542000,11:25:42,2759,730656,767713,19924989120,3,-2,81810
MA205,20220218,20220218,112542500,11:25:42,2760,730660,767710,19925098200,4,-3,109080
MA205,20220218,20220218,112543000,11:25:43,2760,730665,767707,19925234550,5,-3,136350
MA205,20220218,20220218,112543500,11:25:43,2759,730672,767708,19925425440,7,1,190890
MA205,20220218,20220218,112544000,11:25:44,2760,730676,767705,19925534520,4,-3,109080
MA205,20220218,20220218,112544500,11:25:44,2759,730679,767705,19925616330,3,0,81810
MA205,20220218,20220218,112545000,11:25:45,2760,730840,767832,19930006800,161,127,4390470
MA205,20220218,20220218,112545500,11:25:46,2760,730844,767835,19930115880,4,3,109080
MA205,20220218,20220218,112546000,11:25:47,2760,730848,767836,19930224960,4,1,109080
MA205,20220218,20220218,112546500,11:25:48,2760,730888,767873,19931315760,40,37,1090800
MA205,20220218,20220218,112547000,11:25:48,2760,730891,767874,19931397570,3,1,81810
MA205,20220218,20220218,112547500,11:25:48,2759,730894,767874,19931479380,3,0,81810
MA205,20220218,20220218,112548000,11:25:48,2759,730897,767875,19931561190,3,1,81810
MA205,20220218,20220218,112548500,11:25:48,2759,730898,767876,19931588460,1,1,27270
MA205,20220218,20220218,112549000,11:25:49,2759,730898,767876,19931588460,0,0,0
MA205,20220218,20220218,112549500,11:25:49,2760,730916,767882,19932079320,18,6,490860
MA205,20220218,20220218,112550000,11:25:50,2760,730919,767883,19932161130,3,1,81810
MA205,20220218,20220218,112550500,11:25:51,2759,730938,767876,19932679260,19,-7,518130
MA205,20220218,20220218,112551000,11:25:51,2759,730956,767874,19933170120,18,-2,490860
MA205,20220218,20220218,112551500,11:25:51,2760,730964,767870,19933388280,8,-4,218160
MA205,20220218,20220218,112552000,11:25:52,2760,730966,767869,19933442820,2,-1,54540
MA205,20220218,20220218,112552500,11:25:52,2760,730968,767868,19933497360,2,-1,54540
MA205,20220218,20220218,112553000,11:25:53,2759,730969,767867,19933524630,1,-1,27270
MA205,20220218,20220218,112553500,11:25:54,2759,730971,767867,19933579170,2,0,54540
MA205,20220218,20220218,112554000,11:25:54,2759,730979,767865,19933797330,8,-2,218160
MA205,20220218,20220218,112554500,11:25:55,2759,730979,767865,19933797330,0,0,0
MA205,20220218,20220218,112555000,11:25:55,2760,730983,767865,19933906410,4,0,109080
MA205,20220218,20220218,112555500,11:25:56,2759,730984,767864,19933933680,1,-1,27270
MA205,20220218,20220218,112556000,11:25:57,2759,730988,767862,19934042760,4,-2,109080
MA205,20220218,20220218,112556500,11:25:57,2760,730990,767862,19934097300,2,0,54540
MA205,20220218,20220218,112557000,11:25:57,2759,730993,767860,19934179110,3,-2,81810
MA205,20220218,20220218,112557500,11:25:57,2759,731008,767864,19934588160,15,4,409050
MA205,20220218,20220218,112558000,11:25:59,2759,731010,767862,19934642700,2,-2,54540
MA205,20220218,20220218,112558500,11:25:59,2760,731012,767861,19934697240,2,-1,54540
MA205,20220218,20220218,112559000,11:26:00,2760,731016,767862,19934806320,4,1,109080
MA205,20220218,20220218,112559500,11:26:00,2759,731018,767861,19934860860,2,-1,54540
MA205,20220218,20220218,112600000,11:26:00,2759,731018,767861,19934860860,0,0,0
MA205,20220218,20220218,112600500,11:26:01,2760,731033,767861,19935269910,15,0,409050
MA205,20220218,20220218,112601000,11:26:01,2760,731153,767906,19938542310,120,45,3272400
MA205,20220218,20220218,112601500,11:26:01,2761,731158,767910,19938678660,5,4,136350
MA205,20220218,20220218,112602000,11:26:03,2761,731167,767912,19938924090,9,2,245430
MA205,20220218,20220218,112602500,11:26:03,2760,731245,767981,19941051150,78,69,2127060
MA205,20220218,20220218,112603000,11:26:03,2760,731248,767979,19941132960,3,-2,81810
MA205,20220218,20220218,112603500,11:26:04,2760,731257,767980,19941378390,9,1,245430
MA205,20220218,20220218,112604000,11:26:05,2760,731258,767979,19941405660,1,-1,27270
MA205,20220218,20220218,112604500,11:26:05,2761,731260,767979,19941460200,2,0,54540
MA205,20220218,20220218,112605000,11:26:05,2761,731366,768039,19944350820,106,60,2890620
MA205,20220218,20220218,112605500,11:26:06,2761,731369,768038,19944432630,3,-1,81810
MA205,20220218,20220218,112606000,11:26:06,2761,731378,768033,19944678060,9,-5,245430
MA205,20220218,20220218,112606500,11:26:07,2761,731379,768033,19944705330,1,0,27270
MA205,20220218,20220218,112607000,11:26:09,2761,731390,768023,19945005300,11,-10,299970
MA205,20220218,20220218,112607500,11:26:09,2761,731398,768021,19945223460,8,-2,218160
MA205,20220218,20220218,112608000,11:26:09,2761,731400,768020,19945278000,2,-1,54540
MA205,20220218,20220218,112609000,11:26:09,2762,731412,768016,19945605240,12,-4,327240
MA205,20220218,20220218,112609500,11:26:10,2762,731619,768039,19951250130,207,23,5644890
MA205,20220218,20220218,112610000,11:26:10,2761,731620,768038,19951277400,1,-1,27270
MA205,20220218,20220218,112610500,11:26:10,2762,731624,768041,19951386480,4,3,109080
MA205,20220218,20220218,112611000,11:26:11,2762,731632,768040,19951604640,8,-1,218160
MA205,20220218,20220218,112611500,11:26:13,2762,731635,768040,19951686450,3,0,81810
MA205,20220218,20220218,112612000,11:26:14,2762,731636,768039,19951713720,1,-1,27270
MA205,20220218,20220218,112612500,11:26:14,2762,731639,768039,19951795530,3,0,81810
MA205,20220218,20220218,112613000,11:26:15,2762,731644,768037,19951931880,5,-2,136350
MA205,20220218,20220218,112614000,11:26:15,2762,731647,768036,19952013690,3,-1,81810
MA205,20220218,20220218,112614500,11:26:15,2762,731650,768035,19952095500,3,-1,81810
MA205,20220218,20220218,112615000,11:26:16,2762,731662,768041,19952422740,12,6,327240
MA205,20220218,20220218,112615500,11:26:16,2761,731668,768038,19952586360,6,-3,163620
MA205,20220218,20220218,112616000,11:26:16,2762,731679,768036,19952886330,11,-2,299970
MA205,20220218,20220218,112616500,11:26:17,2762,732063,768062,19963358010,384,26,10471680
MA205,20220218,20220218,112617000,11:26:17,2762,732074,768063,19963657980,11,1,299970
MA205,20220218,20220218,112617500,11:26:17,2762,732094,768081,19964203380,20,18,545400
MA205,20220218,20220218,112618000,11:26:18,2762,732096,768082,19964257920,2,1,54540
MA205,20220218,20220218,112618500,11:26:18,2761,732101,768087,19964394270,5,5,136350
MA205,20220218,20220218,112619000,11:26:19,2762,732106,768091,19964530620,5,4,136350
MA205,20220218,20220218,112619500,11:26:20,2761,732107,768091,19964557890,1,0,27270
MA205,20220218,20220218,112620000,11:26:20,2762,732124,768090,19965021480,17,-1,463590
MA205,20220218,20220218,112620500,11:26:20,2761,732128,768090,19965130560,4,0,109080
MA205,20220218,20220218,112621000,11:26:21,2761,732162,768124,19966057740,34,34,927180
MA205,20220218,20220218,112621500,11:26:21,2761,732195,768157,19966957650,33,33,899910
MA205,20220218,20220218,112622000,11:26:22,2762,732247,768156,19968375690,52,-1,1418040
MA205,20220218,20220218,112622500,11:26:23,2762,732247,768156,19968375690,0,0,0
MA205,20220218,20220218,112623000,11:26:23,2762,732248,768156,19968402960,1,0,27270
MA205,20220218,20220218,112623500,11:26:23,2761,732254,768162,19968566580,6,6,163620
MA205,20220218,20220218,112624000,11:26:24,2761,732261,768163,19968757470,7,1,190890
MA205,20220218,20220218,112624500,11:26:24,2762,732294,768183,19969657380,33,20,899910
MA205,20220218,20220218,112625000,11:26:25,2762,732305,768194,19969957350,11,11,299970
MA205,20220218,20220218,112625500,11:26:25,2761,732335,768222,19970775450,30,28,818100
MA205,20220218,20220218,112626000,11:26:26,2762,732345,768227,19971048150,10,5,272700
MA205,20220218,20220218,112626500,11:26:26,2761,732346,768227,19971075420,1,0,27270
MA205,20220218,20220218,112627000,11:26:27,2761,732365,768235,19971593550,19,8,518130
MA205,20220218,20220218,112627500,11:26:27,2762,732371,768236,19971757170,6,1,163620
MA205,20220218,20220218,112628000,11:26:28,2762,732401,768218,19972575270,30,-18,818100
MA205,20220218,20220218,112628500,11:26:28,2762,732403,768219,19972629810,2,1,54540
MA205,20220218,20220218,112629000,11:26:29,2762,732486,768293,19974893220,83,74,2263410
MA205,20220218,20220218,112629500,11:26:30,2761,732493,768300,19975084110,7,7,190890
MA205,20220218,20220218,112630000,11:26:31,2761,732496,768300,19975165920,3,0,81810
MA205,20220218,20220218,112630500,11:26:31,2762,732500,768302,19975275000,4,2,109080
MA205,20220218,20220218,112631000,11:26:31,2762,732508,768301,19975493160,8,-1,218160
MA205,20220218,20220218,112631500,11:26:32,2762,732524,768303,19975929480,16,2,436320
MA205,20220218,20220218,112632000,11:26:32,2762,732526,768304,19975984020,2,1,54540
MA205,20220218,20220218,112632500,11:26:32,2761,732528,768306,19976038560,2,2,54540
MA205,20220218,20220218,112633000,11:26:33,2762,732545,768320,19976502150,17,14,463590
MA205,20220218,20220218,112633500,11:26:34,2762,732610,768320,19978274700,65,0,1772550
MA205,20220218,20220218,112634000,11:26:34,2763,732872,768399,19985419440,262,79,7144740
MA205,20220218,20220218,112634500,11:26:37,2763,733023,768370,19989537210,151,-29,4117770
MA205,20220218,20220218,112635000,11:26:37,2762,733041,768368,19990028070,18,-2,490860
MA205,20220218,20220218,112635500,11:26:38,2762,733043,768370,19990082610,2,2,54540
MA205,20220218,20220218,112636000,11:26:38,2762,733046,768372,19990164420,3,2,81810
MA205,20220218,20220218,112637000,11:26:38,2762,733053,768378,19990355310,7,6,190890
MA205,20220218,20220218,112637500,11:27:10,2762,733162,768446,19993327740,109,68,2972430
MA205,20220218,20220218,112638000,11:27:10,2762,733174,768457,19993654980,12,11,327240
MA205,20220218,20220218,112638500,11:27:10,2762,733182,768463,19993873140,8,6,218160
MA205,20220218,20220218,112653500,11:27:10,2763,733834,768567,20011653180,652,104,17780040
MA205,20220218,20220218,112654000,11:27:12,2762,733857,768567,20012280390,23,0,627210
MA205,20220218,20220218,112710000,11:27:12,2763,735328,768921,20052394560,1471,354,40114170
MA205,20220218,20220218,112710500,11:27:12,2763,735343,768935,20052803610,15,14,409050
MA205,20220218,20220218,112712000,11:27:12,2763,735409,768985,20054603430,66,50,1799820
MA205,20220218,20220218,112712500,11:27:13,2763,735640,768927,20060902800,231,-58,6299370
MA205,20220218,20220218,112713000,11:27:13,2763,735657,768936,20061366390,17,9,463590
MA205,20220218,20220218,112713500,11:27:14,2763,735658,768937,20061393660,1,1,27270
MA205,20220218,20220218,112714000,11:27:14,2763,735663,768937,20061530010,5,0,136350
MA205,20220218,20220218,112714500,11:27:15,2764,735822,769072,20065865940,159,135,4335930
MA205,20220218,20220218,112715000,11:27:15,2764,735829,769077,20066056830,7,5,190890
MA205,20220218,20220218,112715500,11:27:16,2763,735838,769079,20066302260,9,2,245430
MA205,20220218,20220218,112716000,11:27:17,2763,735862,769101,20066956740,24,22,654480
MA205,20220218,20220218,112716500,11:27:17,2763,735915,769138,20068402050,53,37,1445310
MA205,20220218,20220218,112717000,11:27:17,2763,735934,769143,20068920180,19,5,518130
MA205,20220218,20220218,112717500,11:27:17,2764,735947,769140,20069274690,13,-3,354510
MA205,20220218,20220218,112718000,11:27:18,2763,735950,769142,20069356500,3,2,81810
MA205,20220218,20220218,112718500,11:27:19,2763,735953,769142,20069438310,3,0,81810
MA205,20220218,20220218,112719000,11:27:19,2762,735959,769142,20069601930,6,0,163620
MA205,20220218,20220218,112719500,11:27:20,2763,735962,769142,20069683740,3,0,81810
MA205,20220218,20220218,112720000,11:27:20,2762,736050,769146,20072083500,88,4,2399760
MA205,20220218,20220218,112720500,11:27:21,2763,736060,769148,20072356200,10,2,272700
MA205,20220218,20220218,112721000,11:27:21,2762,736061,769148,20072383470,1,0,27270
MA205,20220218,20220218,112721500,11:27:22,2763,736065,769146,20072492550,4,-2,109080
MA205,20220218,20220218,112722000,11:27:22,2763,736073,769151,20072710710,8,5,218160
MA205,20220218,20220218,112722500,11:27:23,2763,736083,769152,20072983410,10,1,272700
MA205,20220218,20220218,112723000,11:27:27,2763,736084,769152,20073010680,1,0,27270
MA205,20220218,20220218,112723500,11:27:27,2763,736111,769142,20073746970,27,-10,736290
MA205,20220218,20220218,112724000,11:27:27,2763,736117,769141,20073910590,6,-1,163620
MA205,20220218,20220218,112726500,11:27:27,2762,736359,769123,20080509930,242,-18,6599340
MA205,20220218,20220218,112727000,11:27:27,2763,736372,769112,20080864440,13,-11,354510
MA205,20220218,20220218,112727500,11:27:27,2763,736378,769115,20081028060,6,3,163620
MA205,20220218,20220218,112728000,11:27:28,2763,736385,769115,20081218950,7,0,190890
MA205,20220218,20220218,112728500,11:27:28,2762,736450,769086,20082991500,65,-29,1772550
MA205,20220218,20220218,112729000,11:27:29,2763,736457,769083,20083182390,7,-3,190890
MA205,20220218,20220218,112729500,11:27:29,2763,736463,769081,20083346010,6,-2,163620
MA205,20220218,20220218,112730000,11:27:30,2763,736467,769078,20083455090,4,-3,109080
MA205,20220218,20220218,112730500,11:27:31,2763,736610,769165,20087354700,143,87,3899610
MA205,20220218,20220218,112731000,11:27:32,2762,736618,769169,20087572860,8,4,218160
MA205,20220218,20220218,112731500,11:27:35,2762,736645,769166,20088309150,27,-3,736290
MA205,20220218,20220218,112732000,11:27:35,2761,736676,769192,20089154520,31,26,845370
MA205,20220218,20220218,112732500,11:27:36,2761,736679,769195,20089236330,3,3,81810
MA205,20220218,20220218,112735500,11:27:36,2763,736745,769228,20091036150,66,33,1799820
MA205,20220218,20220218,112736000,11:27:36,2763,736801,769278,20092563270,56,50,1527120
MA205,20220218,20220218,112736500,11:27:38,2762,736809,769284,20092781430,8,6,218160
MA205,20220218,20220218,112737000,11:27:38,2762,736826,769298,20093245020,17,14,463590
MA205,20220218,20220218,112737500,11:27:38,2763,736829,769298,20093326830,3,0,81810
MA205,20220218,20220218,112738000,11:27:38,2762,736845,769292,20093763150,16,-6,436320
MA205,20220218,20220218,112738500,11:27:39,2763,736890,769304,20094990300,45,12,1227150
MA205,20220218,20220218,112739000,11:27:39,2763,736898,769304,20095208460,8,0,218160
MA205,20220218,20220218,112739500,11:27:39,2763,736900,769305,20095263000,2,1,54540
MA205,20220218,20220218,112740000,11:27:40,2762,736904,769308,20095372080,4,3,109080
MA205,20220218,20220218,112740500,11:27:40,2763,736919,769315,20095781130,15,7,409050
MA205,20220218,20220218,112741000,11:27:41,2762,736929,769323,20096053830,10,8,272700
MA205,20220218,20220218,112741500,11:27:41,2762,736935,769328,20096217450,6,5,163620
MA205,20220218,20220218,112742000,11:27:42,2762,736962,769330,20096953740,27,2,736290
MA205,20220218,20220218,112742500,11:27:43,2763,736974,769327,20097280980,12,-3,327240
MA205,20220218,20220218,112743000,11:27:43,2763,736986,769331,20097608220,12,4,327240
MA205,20220218,20220218,112743500,11:27:43,2762,737026,769340,20098699020,40,9,1090800
MA205,20220218,20220218,112744000,11:27:44,2763,737031,769341,20098835370,5,1,136350
MA205,20220218,20220218,112744500,11:27:45,2763,737038,769340,20099026260,7,-1,190890
MA205,20220218,20220218,112745000,11:27:46,2762,737049,769336,20099326230,11,-4,299970
MA205,20220218,20220218,112745500,11:27:46,2763,737059,769333,20099598930,10,-3,272700
MA205,20220218,20220218,112746000,11:27:46,2763,737062,769334,20099680740,3,1,81810
MA205,20220218,20220218,112746500,11:27:47,2763,737067,769337,20099817090,5,3,136350
MA205,20220218,20220218,112747000,11:27:47,2762,737097,769332,20100635190,30,-5,818100
MA205,20220218,20220218,112747500,11:27:47,2763,737120,769336,20101262400,23,4,627210
MA205,20220218,20220218,112748000,11:27:53,2763,737125,769339,20101398750,5,3,136350
MA205,20220218,20220218,112748500,11:27:54,2763,737132,769343,20101589640,7,4,190890
MA205,20220218,20220218,112749000,11:27:54,2762,737133,769344,20101616910,1,1,27270
MA205,20220218,20220218,112749500,11:27:54,2763,737138,769347,20101753260,5,3,136350
MA205,20220218,20220218,112754000,11:27:54,2763,737300,769408,20106171000,162,61,4417740
MA205,20220218,20220218,112754500,11:27:55,2763,737320,769399,20106716400,20,-9,545400
MA205,20220218,20220218,112755000,11:27:55,2763,737339,769407,20107234530,19,8,518130
MA205,20220218,20220218,112755500,11:27:55,2764,737354,769408,20107643580,15,1,409050
MA205,20220218,20220218,112756000,11:27:56,2763,737371,769402,20108107170,17,-6,463590
MA205,20220218,20220218,112756500,11:27:56,2764,737373,769401,20108161710,2,-1,54540
MA205,20220218,20220218,112757000,11:27:57,2763,737380,769399,20108352600,7,-2,190890
MA205,20220218,20220218,112757500,11:27:57,2764,737992,769542,20125041840,612,143,16689240
MA205,20220218,20220218,112758000,11:27:58,2764,738020,769550,20125805400,28,8,763560
MA205,20220218,20220218,112758500,11:27:59,2764,738078,769576,20127387060,58,26,1581660
MA205,20220218,20220218,112759000,11:27:59,2765,738087,769582,20127632490,9,6,245430
MA205,20220218,20220218,112759500,11:27:59,2765,738715,769395,20144758050,628,-187,17125560
MA205,20220218,20220218,112800000,11:28:01,2764,738857,769445,20148630390,142,50,3872340
MA205,20220218,20220218,112800500,11:28:01,2764,738883,769452,20149339410,26,7,709020
MA205,20220218,20220218,112801000,11:28:01,2764,738907,769441,20149993890,24,-11,654480
MA205,20220218,20220218,112801500,11:28:02,2765,738929,769455,20150593830,22,14,599940
MA205,20220218,20220218,112802000,11:28:03,2765,739682,769097,20171128140,753,-358,20534310
MA205,20220218,20220218,112802500,11:28:03,2765,739773,769078,20173609710,91,-19,2481570
MA205,20220218,20220218,112803000,11:28:04,2766,739814,769057,20174727780,41,-21,1118070
MA205,20220218,20220218,112803500,11:28:04,2766,740301,769091,20188008270,487,34,13280490
MA205,20220218,20220218,112804000,11:28:04,2766,740367,769091,20189808090,66,0,1799820
MA205,20220218,20220218,112804500,11:28:05,2766,740389,769092,20190408030,22,1,599940
MA205,20220218,20220218,112805000,11:28:06,2766,740413,769097,20191062510,24,5,654480
MA205,20220218,20220218,112805500,11:28:06,2767,740437,769093,20191716990,24,-4,654480
MA205,20220218,20220218,112806000,11:28:10,2767,740621,769123,20196734670,184,30,5017680
MA205,20220218,20220218,112806500,11:28:10,2768,740864,769067,20203361280,243,-56,6626610
MA205,20220218,20220218,112807000,11:28:10,2768,741073,769008,20209060710,209,-59,5699430
MA205,20220218,20220218,112807500,11:28:11,2767,741102,768995,20209851540,29,-13,790830
MA205,20220218,20220218,112810000,11:28:11,2767,741192,769010,20212305840,90,15,2454300
MA205,20220218,20220218,112810500,11:28:11,2768,741215,769006,20212933050,23,-4,627210
MA205,20220218,20220218,112811000,11:28:12,2767,741237,768991,20213532990,22,-15,599940
MA205,20220218,20220218,112811500,11:28:12,2767,741254,768986,20213996580,17,-5,463590
MA205,20220218,20220218,112812000,11:28:12,2768,741271,768977,20214460170,17,-9,463590
MA205,20220218,20220218,112812500,11:28:13,2767,741287,768981,20214896490,16,4,436320
MA205,20220218,20220218,112813000,11:28:13,2767,741616,769040,20223868320,329,59,8971830
MA205,20220218,20220218,112813500,11:28:14,2767,741622,769044,20224031940,6,4,163620
MA205,20220218,20220218,112814000,11:28:14,2766,741638,769038,20224468260,16,-6,436320
MA205,20220218,20220218,112814500,11:28:14,2766,741651,769039,20224822770,13,1,354510
MA205,20220218,20220218,112815000,11:28:15,2767,741699,769076,20226131730,48,37,1308960
MA205,20220218,20220218,112815500,11:28:15,2767,741714,769080,20226540780,15,4,409050
MA205,20220218,20220218,112816000,11:28:16,2767,741724,769080,20226813480,10,0,272700
MA205,20220218,20220218,112816500,11:28:16,2766,741805,769145,20229022350,81,65,2208870
MA205,20220218,20220218,112817000,11:28:17,2766,742048,769043,20235648960,243,-102,6626610
MA205,20220218,20220218,112817500,11:28:17,2766,742061,769032,20236003470,13,-11,354510
MA205,20220218,20220218,112818000,11:28:18,2766,742066,769033,20236139820,5,1,136350
MA205,20220218,20220218,112818500,11:28:18,2766,742072,769033,20236303440,6,0,163620
MA205,20220218,20220218,112819000,11:28:19,2766,742101,769011,20237094270,29,-22,790830
MA205,20220218,20220218,112819500,11:28:19,2766,742111,769010,20237366970,10,-1,272700
MA205,20220218,20220218,112820000,11:28:20,2765,742209,769009,20240039430,98,-1,2672460
MA205,20220218,20220218,112820500,11:28:20,2765,742234,769007,20240721180,25,-2,681750
MA205,20220218,20220218,112821000,11:28:21,2765,742246,769001,20241048420,12,-6,327240
MA205,20220218,20220218,112821500,11:28:22,2766,742275,769009,20241839250,29,8,790830
MA205,20220218,20220218,112822000,11:28:22,2766,742295,768995,20242384650,20,-14,545400
MA205,20220218,20220218,112822500,11:28:22,2765,742323,768998,20243148210,28,3,763560
MA205,20220218,20220218,112823000,11:28:23,2765,742332,768998,20243393640,9,0,245430
MA205,20220218,20220218,112823500,11:28:23,2765,742358,768997,20244102660,26,-1,709020
MA205,20220218,20220218,112824000,11:28:24,2766,742367,769000,20244348090,9,3,245430
MA205,20220218,20220218,112824500,11:28:24,2766,742382,768989,20244757140,15,-11,409050
MA205,20220218,20220218,112825000,11:28:25,2765,742390,768985,20244975300,8,-4,218160
MA205,20220218,20220218,112825500,11:28:25,2766,742407,768988,20245438890,17,3,463590
MA205,20220218,20220218,112826000,11:28:26,2765,742417,768987,20245711590,10,-1,272700
MA205,20220218,20220218,112826500,11:28:27,2765,742422,768989,20245847940,5,2,136350
MA205,20220218,20220218,112827000,11:28:27,2765,742429,768991,20246038830,7,2,190890
MA205,20220218,20220218,112827500,11:28:27,2766,742435,768994,20246202450,6,3,163620
MA205,20220218,20220218,112828000,11:28:28,2766,742502,768982,20248029540,67,-12,1827090
MA205,20220218,20220218,112828500,11:28:28,2765,742509,768983,20248220430,7,1,190890
MA205,20220218,20220218,112829000,11:28:29,2765,742690,769039,20253156300,181,56,4935870
MA205,20220218,20220218,112829500,11:28:29,2765,742822,769121,20256755940,132,82,3599640
MA205,20220218,20220218,112830000,11:28:30,2764,742907,769178,20259073890,85,57,2317950
MA205,20220218,20220218,112830500,11:28:31,2763,742973,769239,20260873710,66,61,1799820
MA205,20220218,20220218,112831000,11:28:31,2763,742984,769246,20261173680,11,7,299970
MA205,20220218,20220218,112831500,11:28:31,2764,743043,769286,20262782610,59,40,1608930
MA205,20220218,20220218,112832000,11:28:32,2765,743048,769289,20262918960,5,3,136350
MA205,20220218,20220218,112832500,11:28:33,2765,743057,769292,20263164390,9,3,245430
MA205,20220218,20220218,112833000,11:28:33,2763,743085,769315,20263927950,28,23,763560
MA205,20220218,20220218,112833500,11:28:34,2764,743096,769322,20264227920,11,7,299970
MA205,20220218,20220218,112834000,11:28:34,2764,743105,769329,20264473350,9,7,245430
MA205,20220218,20220218,112834500,11:28:34,2764,743168,769384,20266191360,63,55,1718010
MA205,20220218,20220218,112835000,11:28:35,2763,743229,769426,20267854830,61,42,1663470
MA205,20220218,20220218,112835500,11:28:36,2763,743259,769438,20268672930,30,12,818100
MA205,20220218,20220218,112836000,11:28:37,2765,743282,769419,20269300140,23,-19,627210
MA205,20220218,20220218,112836500,11:28:37,2764,743297,769422,20269709190,15,3,409050
MA205,20220218,20220218,112837000,11:28:37,2765,743300,769425,20269791000,3,3,81810
MA205,20220218,20220218,112837500,11:28:38,2765,743317,769425,20270254590,17,0,463590
MA205,20220218,20220218,112838000,11:28:38,2764,743321,769422,20270363670,4,-3,109080
MA205,20220218,20220218,112838500,11:28:38,2765,743328,769420,20270554560,7,-2,190890
MA205,20220218,20220218,112839000,11:28:40,2763,743354,769421,20271263580,26,1,709020
MA205,20220218,20220218,112839500,11:28:40,2764,743370,769416,20271699900,16,-5,436320
MA205,20220218,20220218,112840000,11:28:40,2764,743382,769420,20272027140,12,4,327240
MA205,20220218,20220218,112840500,11:28:40,2764,743396,769425,20272408920,14,5,381780
MA205,20220218,20220218,112841000,11:28:41,2764,743401,769425,20272545270,5,0,136350
MA205,20220218,20220218,112841500,11:28:41,2764,743406,769429,20272681620,5,4,136350
MA205,20220218,20220218,112842000,11:28:42,2764,743417,769434,20272981590,11,5,299970
MA205,20220218,20220218,112842500,11:28:42,2764,743417,769434,20272981590,0,0,0
MA205,20220218,20220218,112843000,11:28:43,2763,743426,769437,20273227020,9,3,245430
MA205,20220218,20220218,112843500,11:28:44,2764,743432,769441,20273390640,6,4,163620
MA205,20220218,20220218,112844000,11:28:44,2764,743445,769454,20273745150,13,13,354510
MA205,20220218,20220218,112844500,11:28:44,2763,743487,769423,20274890490,42,-31,1145340
MA205,20220218,20220218,112845000,11:28:45,2764,743504,769420,20275354080,17,-3,463590
MA205,20220218,20220218,112845500,11:28:45,2764,743575,769436,20277290250,71,16,1936170
MA205,20220218,20220218,112846000,11:28:46,2764,743585,769438,20277562950,10,2,272700
MA205,20220218,20220218,112846500,11:28:46,2764,743615,769461,20278381050,30,23,818100
MA205,20220218,20220218,112847000,11:28:47,2764,743622,769466,20278571940,7,5,190890
MA205,20220218,20220218,112847500,11:28:47,2764,743624,769466,20278626480,2,0,54540
MA205,20220218,20220218,112848000,11:28:48,2765,743642,769475,20279117340,18,9,490860
MA205,20220218,20220218,112848500,11:28:48,2765,743698,769475,20280644460,56,0,1527120
MA205,20220218,20220218,112849000,11:28:49,2764,743704,769479,20280808080,6,4,163620
MA205,20220218,20220218,112849500,11:28:50,2764,743706,769480,20280862620,2,1,54540
MA205,20220218,20220218,112850000,11:28:50,2765,743715,769488,20281108050,9,8,245430
MA205,20220218,20220218,112850500,11:28:50,2765,743721,769486,20281271670,6,-2,163620
MA205,20220218,20220218,112851000,11:28:51,2765,743731,769489,20281544370,10,3,272700
MA205,20220218,20220218,112851500,11:28:51,2764,743743,769493,20281871610,12,4,327240
MA205,20220218,20220218,112852000,11:28:52,2765,743758,769506,20282280660,15,13,409050
MA205,20220218,20220218,112852500,11:28:53,2764,743769,769508,20282580630,11,2,299970
MA205,20220218,20220218,112853000,11:28:54,2764,743874,769609,20285443980,105,101,2863350
MA205,20220218,20220218,112853500,11:28:54,2764,743898,769604,20286098460,24,-5,654480
MA205,20220218,20220218,112854000,11:28:54,2765,743957,769584,20287707390,59,-20,1608930
MA205,20220218,20220218,112854500,11:28:54,2765,743964,769591,20287898280,7,7,190890
MA205,20220218,20220218,112855000,11:28:55,2764,743968,769595,20288007360,4,4,109080
MA205,20220218,20220218,112855500,11:28:56,2765,743990,769610,20288607300,22,15,599940
MA205,20220218,20220218,112856000,11:28:56,2764,744003,769618,20288961810,13,8,354510
MA205,20220218,20220218,112856500,11:28:56,2765,744005,769617,20289016350,2,-1,54540
MA205,20220218,20220218,112857000,11:28:57,2764,744047,769600,20290161690,42,-17,1145340
MA205,20220218,20220218,112857500,11:28:58,2764,744049,769602,20290216230,2,2,54540
MA205,20220218,20220218,112858000,11:28:58,2765,744054,769602,20290352580,5,0,136350
MA205,20220218,20220218,112858500,11:28:59,2765,744057,769603,20290434390,3,1,81810
MA205,20220218,20220218,112859000,11:28:59,2764,744089,769590,20291307030,32,-13,872640
MA205,20220218,20220218,112859500,11:29:00,2764,744119,769565,20292125130,30,-25,818100
MA205,20220218,20220218,112900000,11:29:00,2764,744314,769557,20297442780,195,-8,5317650
MA205,20220218,20220218,112900500,11:29:01,2764,744319,769561,20297579130,5,4,136350
MA205,20220218,20220218,112901000,11:29:01,2764,744402,769568,20299842540,83,7,2263410
MA205,20220218,20220218,112901500,11:29:02,2765,744566,769582,20304314820,164,14,4472280
MA205,20220218,20220218,112902000,11:29:02,2764,744584,769579,20304805680,18,-3,490860
MA205,20220218,20220218,112902500,11:29:03,2764,744594,769583,20305078380,10,4,272700
MA205,20220218,20220218,112903000,11:29:03,2765,744613,769585,20305596510,19,2,518130
MA205,20220218,20220218,112903500,11:29:04,2764,744619,769584,20305760130,6,-1,163620
MA205,20220218,20220218,112904000,11:29:04,2764,744643,769602,20306414610,24,18,654480
MA205,20220218,20220218,112904500,11:29:04,2765,744655,769602,20306741850,12,0,327240
MA205,20220218,20220218,112905000,11:29:05,2764,744667,769594,20307069090,12,-8,327240
MA205,20220218,20220218,112905500,11:29:06,2765,744671,769594,20307178170,4,0,109080
MA205,20220218,20220218,112906000,11:29:06,2764,744680,769593,20307423600,9,-1,245430
MA205,20220218,20220218,112906500,11:29:06,2765,744687,769593,20307614490,7,0,190890
MA205,20220218,20220218,112907000,11:29:07,2764,744742,769629,20309114340,55,36,1499850
MA205,20220218,20220218,112907500,11:29:08,2764,744758,769641,20309550660,16,12,436320
MA205,20220218,20220218,112908000,11:29:08,2764,744760,769643,20309605200,2,2,54540
MA205,20220218,20220218,112908500,11:29:08,2764,744771,769645,20309905170,11,2,299970
MA205,20220218,20220218,112909000,11:29:09,2764,744783,769650,20310232410,12,5,327240
MA205,20220218,20220218,112909500,11:29:09,2763,744810,769663,20310968700,27,13,736290
MA205,20220218,20220218,112910000,11:29:10,2764,744839,769648,20311759530,29,-15,790830
MA205,20220218,20220218,112910500,11:29:10,2763,744846,769641,20311950420,7,-7,190890
MA205,20220218,20220218,112911000,11:29:11,2763,744852,769637,20312114040,6,-4,163620
MA205,20220218,20220218,112911500,11:29:12,2763,745034,769622,20317077180,182,-15,4963140
MA205,20220218,20220218,112912000,11:29:12,2763,745036,769623,20317131720,2,1,54540
MA205,20220218,20220218,112912500,11:29:12,2763,745052,769609,20317568040,16,-14,436320
MA205,20220218,20220218,112913000,11:29:13,2763,745063,769610,20317868010,11,1,299970
MA205,20220218,20220218,112913500,11:29:14,2763,745109,769604,20319122430,46,-6,1254420
MA205,20220218,20220218,112914000,11:29:14,2762,745121,769601,20319449670,12,-3,327240
MA205,20220218,20220218,112914500,11:29:15,2762,745138,769598,20319913260,17,-3,463590
MA205,20220218,20220218,112915000,11:29:15,2762,745145,769599,20320104150,7,1,190890
MA205,20220218,20220218,112915500,11:29:16,2763,745253,769573,20323049310,108,-26,2945160
MA205,20220218,20220218,112916000,11:29:16,2762,745264,769573,20323349280,11,0,299970
MA205,20220218,20220218,112916500,11:29:17,2763,745269,769573,20323485630,5,0,136350
MA205,20220218,20220218,112917000,11:29:20,2763,745290,769582,20324058300,21,9,572670
MA205,20220218,20220218,112917500,11:29:21,2763,745354,769554,20325803580,64,-28,1745280
MA205,20220218,20220218,112918000,11:29:21,2762,745361,769553,20325994470,7,-1,190890
MA205,20220218,20220218,112920500,11:29:21,2762,745397,769558,20326976190,36,5,981720
MA205,20220218,20220218,112921000,11:29:22,2762,745416,769556,20327494320,19,-2,518130
MA205,20220218,20220218,112921500,11:29:24,2763,745421,769557,20327630670,5,1,136350
MA205,20220218,20220218,112922000,11:29:24,2763,745432,769562,20327930640,11,5,299970
MA205,20220218,20220218,112922500,11:29:24,2762,745447,769558,20328339690,15,-4,409050
MA205,20220218,20220218,112923000,11:29:24,2762,745452,769560,20328476040,5,2,136350
MA205,20220218,20220218,112924000,11:29:24,2763,745476,769557,20329130520,24,-3,654480
MA205,20220218,20220218,112924500,11:29:24,2762,745489,769563,20329485030,13,6,354510
MA205,20220218,20220218,112925000,11:29:25,2763,745517,769557,20330248590,28,-6,763560
MA205,20220218,20220218,112925500,11:29:25,2762,745523,769556,20330412210,6,-1,163620
MA205,20220218,20220218,112926000,11:29:26,2762,745549,769562,20331121230,26,6,709020
MA205,20220218,20220218,112926500,11:29:26,2762,745590,769562,20332239300,41,0,1118070
MA205,20220218,20220218,112927000,11:29:27,2763,745599,769559,20332484730,9,-3,245430
MA205,20220218,20220218,112927500,11:29:27,2762,745614,769550,20332893780,15,-9,409050
MA205,20220218,20220218,112928000,11:29:28,2762,745616,769548,20332948320,2,-2,54540
MA205,20220218,20220218,112928500,11:29:28,2762,745627,769542,20333248290,11,-6,299970
MA205,20220218,20220218,112929000,11:29:29,2763,745636,769542,20333493720,9,0,245430
MA205,20220218,20220218,112929500,11:29:29,2763,745656,769532,20334039120,20,-10,545400
MA205,20220218,20220218,112930000,11:29:30,2762,745672,769539,20334475440,16,7,436320
MA205,20220218,20220218,112930500,11:29:30,2763,745808,769498,20338184160,136,-41,3708720
MA205,20220218,20220218,112931000,11:29:32,2762,745874,769532,20339983980,66,34,1799820
MA205,20220218,20220218,112931500,11:29:32,2763,745884,769534,20340256680,10,2,272700
MA205,20220218,20220218,112932000,11:29:36,2762,745900,769538,20340693000,16,4,436320
MA205,20220218,20220218,112932500,11:29:36,2763,745904,769537,20340802080,4,-1,109080
MA205,20220218,20220218,112933000,11:29:37,2763,745909,769539,20340938430,5,2,136350
MA205,20220218,20220218,112933500,11:29:38,2762,745938,769553,20341729260,29,14,790830
MA205,20220218,20220218,112936500,11:29:38,2762,746005,769576,20343556350,67,23,1827090
MA205,20220218,20220218,112937000,11:29:38,2762,746011,769578,20343719970,6,2,163620
MA205,20220218,20220218,112937500,11:29:38,2762,746017,769580,20343883590,6,2,163620
MA205,20220218,20220218,112938000,11:29:38,2762,746023,769578,20344047210,6,-2,163620
MA205,20220218,20220218,112938500,11:29:39,2762,746030,769572,20344238100,7,-6,190890
MA205,20220218,20220218,112939000,11:29:39,2763,746033,769573,20344319910,3,1,81810
MA205,20220218,20220218,112939500,11:29:40,2762,746194,769646,20348710380,161,73,4390470
MA205,20220218,20220218,112940000,11:29:40,2762,746219,769635,20349392130,25,-11,681750
MA205,20220218,20220218,112940500,11:29:40,2762,746249,769641,20350210230,30,6,818100
MA205,20220218,20220218,112941000,11:29:41,2762,746254,769638,20350346580,5,-3,136350
MA205,20220218,20220218,112941500,11:29:42,2762,746259,769637,20350482930,5,-1,136350
MA205,20220218,20220218,112942000,11:29:42,2762,746272,769634,20350837440,13,-3,354510
MA205,20220218,20220218,112942500,11:29:44,2763,746294,769622,20358900320,22,-12,8062880
MA205,20220218,20220218,112943000,11:29:45,2762,746319,769621,20359582320,25,-1,682000
MA205,20220218,20220218,112943500,11:29:45,2763,746344,769623,20360264320,25,2,682000
MA205,20220218,20220218,112944000,11:29:45,2762,746354,769616,20360537120,10,-7,272800
MA205,20220218,20220218,112944500,11:29:45,2762,746361,769612,20360728080,7,-4,190960
MA205,20220218,20220218,112945000,11:29:46,2762,746363,769612,20360782640,2,0,54560
MA205,20220218,20220218,112945500,11:29:46,2763,746379,769608,20361219120,16,-4,436480
MA205,20220218,20220218,112946000,11:29:46,2762,746391,769614,20361546480,12,6,327360
MA205,20220218,20220218,112946500,11:29:47,2762,746401,769610,20361819280,10,-4,272800
MA205,20220218,20220218,112947000,11:29:47,2762,746409,769604,20362037520,8,-6,218240
MA205,20220218,20220218,112947500,11:29:48,2762,746417,769604,20362255760,8,0,218240
MA205,20220218,20220218,112948000,11:29:48,2761,746420,769603,20362337600,3,-1,81840
MA205,20220218,20220218,112948500,11:29:49,2762,746432,769612,20362664960,12,9,327360
MA205,20220218,20220218,112949000,11:29:50,2762,746451,769613,20363183280,19,1,518320
MA205,20220218,20220218,112949500,11:29:50,2762,746459,769620,20363401520,8,7,218240
MA205,20220218,20220218,112950000,11:29:51,2761,746464,769621,20363537920,5,1,136400
MA205,20220218,20220218,112950500,11:29:51,2761,746562,769605,20366211360,98,-16,2673440
MA205,20220218,20220218,112951500,11:29:52,2761,746715,769580,20370385200,153,-25,4173840
MA205,20220218,20220218,112952000,11:29:52,2760,746881,769480,20374913680,166,-100,4528480
MA205,20220218,20220218,112952500,11:29:53,2761,746970,769416,20377341600,89,-64,2427920
MA205,20220218,20220218,112953000,11:29:54,2762,747026,769402,20378869280,56,-14,1527680
MA205,20220218,20220218,112953500,11:29:54,2762,747040,769406,20379251200,14,4,381920
MA205,20220218,20220218,112954000,11:29:54,2761,747054,769406,20379633120,14,0,381920
MA205,20220218,20220218,112954500,11:29:54,2761,747058,769406,20379742240,4,0,109120
MA205,20220218,20220218,112955000,11:29:55,2761,747064,769408,20379905920,6,2,163680
MA205,20220218,20220218,112955500,11:29:56,2761,747140,769396,20381979200,76,-12,2073280
MA205,20220218,20220218,112956000,11:29:56,2762,747158,769399,20382470240,18,3,491040
MA205,20220218,20220218,112956500,11:30:00,2760,747216,769394,20384052480,58,-5,1582240
MA205,20220218,20220218,112957000,11:30:00,2761,747256,769409,20385143680,40,15,1091200
MA205,20220218,20220218,112957500,11:30:02,2762,747291,769425,20386098480,35,16,954800
MA205,20220218,20220218,112959500,11:30:02,2762,747387,769456,20388717360,96,31,2618880
MA205,20220218,20220218,113000000,11:30:03,2761,747410,769466,20389344800,23,10,627440
MA205,20220218,20220218,113000500,11:30:03,2761,747427,769465,20389808560,17,-1,463760
MA205,20220218,20220218,133000500,13:30:00,2761,747427,769465,20389808560,0,0,0
MA205,20220218,20220218,133001000,13:30:01,2762,747819,769484,20400502320,392,19,10693760
MA205,20220218,20220218,133001500,13:30:02,2763,747931,769551,20403557680,112,67,3055360
MA205,20220218,20220218,133002000,13:30:08,2763,748140,769596,20409259200,209,45,5701520
MA205,20220218,20220218,133002500,13:30:10,2764,748236,769654,20411878080,96,58,2618880
MA205,20220218,20220218,133008000,13:30:10,2764,749145,769654,20436675600,909,0,24797520
MA205,20220218,20220218,133009500,13:30:10,2764,749853,770081,20455989840,708,427,19314240
MA205,20220218,20220218,133010000,13:30:11,2762,749887,770111,20456917360,34,30,927520
MA205,20220218,20220218,133010500,13:30:12,2763,749891,770114,20457026480,4,3,109120
MA205,20220218,20220218,133011000,13:30:12,2764,749899,770119,20457244720,8,5,218240
MA205,20220218,20220218,133011500,13:30:13,2763,749904,770122,20457381120,5,3,136400
MA205,20220218,20220218,133012500,13:30:13,2762,749951,770154,20458663280,47,32,1282160
MA205,20220218,20220218,133013000,13:30:13,2762,750053,770239,20461445840,102,85,2782560
MA205,20220218,20220218,133013500,13:30:14,2763,750355,770496,20469684400,302,257,8238560
MA205,20220218,20220218,133014000,13:30:15,2763,750374,770514,20470202720,19,18,518320
MA205,20220218,20220218,133014500,13:30:16,2763,750381,770520,20470393680,7,6,190960
MA205,20220218,20220218,133015000,13:30:17,2763,750395,770531,20470775600,14,11,381920
MA205,20220218,20220218,133016500,13:30:18,2763,750482,770589,20473148960,87,58,2373360
MA205,20220218,20220218,133017000,13:30:18,2763,750579,770651,20475795120,97,62,2646160
MA205,20220218,20220218,133017500,13:30:18,2763,750655,770696,20477868400,76,45,2073280
MA205,20220218,20220218,133018000,13:30:19,2763,750693,770711,20478905040,38,15,1036640
MA205,20220218,20220218,133018500,13:30:20,2764,750740,770724,20480187200,47,13,1282160
MA205,20220218,20220218,133019000,13:30:20,2764,750772,770754,20481060160,32,30,872960
MA205,20220218,20220218,133019500,13:30:20,2764,750798,770780,20481769440,26,26,709280
MA205,20220218,20220218,133020000,13:30:21,2764,750803,770781,20481905840,5,1,136400
MA205,20220218,20220218,133020500,13:30:21,2765,751054,770869,20488753120,251,88,6847280
MA205,20220218,20220218,133021000,13:30:21,2766,751094,770861,20489844320,40,-8,1091200
MA205,20220218,20220218,133021500,13:30:22,2765,751267,770977,20494563760,173,116,4719440
MA205,20220218,20220218,133022000,13:30:38,2764,751354,771048,20496937120,87,71,2373360
MA205,20220218,20220218,133022500,13:30:38,2765,751377,771069,20497564560,23,21,627440
MA205,20220218,20220218,133023000,13:30:39,2765,751383,771069,20497728240,6,0,163680
MA205,20220218,20220218,133038000,13:30:40,2764,752134,771385,20518215520,751,316,20487280
MA205,20220218,20220218,133038500,13:30:42,2764,752169,771388,20519170320,35,3,954800
MA205,20220218,20220218,133040500,13:30:42,2763,752221,771428,20520588880,52,40,1418560
MA205,20220218,20220218,133041000,13:30:43,2764,752248,771454,20521325440,27,26,736560
MA205,20220218,20220218,133042500,13:30:44,2763,752269,771452,20521898320,21,-2,572880
MA205,20220218,20220218,133043000,13:30:44,2764,752276,771458,20522089280,7,6,190960
MA205,20220218,20220218,133043500,13:30:44,2763,752281,771458,20522225680,5,0,136400
MA205,20220218,20220218,133044500,13:30:45,2764,752306,771481,20522907680,25,23,682000
MA205,20220218,20220218,133045000,13:30:46,2764,752378,771493,20524871840,72,12,1964160
MA205,20220218,20220218,133045500,13:30:47,2764,752498,771596,20528145440,120,103,3273600
MA205,20220218,20220218,133046000,13:30:47,2764,752500,771595,20528200000,2,-1,54560
MA205,20220218,20220218,133046500,13:30:47,2764,752508,771594,20528418240,8,-1,218240
MA205,20220218,20220218,133047000,13:30:48,2765,752517,771603,20528663760,9,9,245520
MA205,20220218,20220218,133047500,13:30:48,2764,752555,771591,20529700400,38,-12,1036640
MA205,20220218,20220218,133048000,13:30:48,2765,752570,771588,20530109600,15,-3,409200
MA205,20220218,20220218,133048500,13:30:49,2764,752573,771587,20530191440,3,-1,81840
MA205,20220218,20220218,133049000,13:30:50,2765,752578,771583,20530327840,5,-4,136400
MA205,20220218,20220218,133049500,13:30:50,2764,752584,771578,20530491520,6,-5,163680
MA205,20220218,20220218,133050000,13:30:51,2765,752591,771575,20530682480,7,-3,190960
MA205,20220218,20220218,133050500,13:30:51,2765,752643,771540,20532101040,52,-35,1418560
MA205,20220218,20220218,133051000,13:30:52,2765,752659,771540,20532537520,16,0,436480
MA205,20220218,20220218,133051500,13:30:52,2765,752669,771539,20532810320,10,-1,272800
MA205,20220218,20220218,133052000,13:30:53,2764,752689,771531,20533355920,20,-8,545600
MA205,20220218,20220218,133052500,13:30:53,2765,752706,771534,20533819680,17,3,463760
MA205,20220218,20220218,133053000,13:30:54,2763,752710,771534,20533928800,4,0,109120
MA205,20220218,20220218,133053500,13:30:54,2763,752841,771464,20537502480,131,-70,3573680
MA205,20220218,20220218,133054000,13:30:54,2764,752969,771410,20540994320,128,-54,3491840
MA205,20220218,20220218,133054500,13:30:55,2765,752981,771413,20541321680,12,3,327360
MA205,20220218,20220218,133055000,13:30:56,2764,753028,771443,20542603840,47,30,1282160
MA205,20220218,20220218,133055500,13:30:56,2763,753182,771551,20546804960,154,108,4201120
MA205,20220218,20220218,133056000,13:30:57,2764,753190,771555,20547023200,8,4,218240
MA205,20220218,20220218,133056500,13:30:57,2764,753191,771555,20547050480,1,0,27280
MA205,20220218,20220218,133057000,13:30:58,2764,753192,771555,20547077760,1,0,27280
MA205,20220218,20220218,133057500,13:30:58,2763,753213,771546,20547650640,21,-9,572880
MA205,20220218,20220218,133058000,13:30:58,2764,753223,771549,20547923440,10,3,272800
MA205,20220218,20220218,133058500,13:30:59,2764,753227,771549,20548032560,4,0,109120
MA205,20220218,20220218,133059000,13:30:59,2763,753232,771552,20548168960,5,3,136400
MA205,20220218,20220218,133059500,13:30:59,2764,753234,771554,20548223520,2,2,54560
MA205,20220218,20220218,133100000,13:31:00,2764,753236,771555,20548278080,2,1,54560
MA205,20220218,20220218,133100500,13:31:01,2763,753249,771565,20548632720,13,10,354640
MA205,20220218,20220218,133101000,13:31:01,2764,753320,771594,20550569600,71,29,1936880
MA205,20220218,20220218,133101500,13:31:01,2764,753349,771595,20551360720,29,1,791120
MA205,20220218,20220218,133102000,13:31:02,2765,753354,771592,20551497120,5,-3,136400
MA205,20220218,20220218,133102500,13:31:02,2765,753362,771591,20551715360,8,-1,218240
MA205,20220218,20220218,133103000,13:31:03,2764,753374,771589,20552042720,12,-2,327360
MA205,20220218,20220218,133103500,13:31:04,2764,753383,771587,20552288240,9,-2,245520
MA205,20220218,20220218,133104000,13:31:06,2764,753396,771591,20552642880,13,4,354640
MA205,20220218,20220218,133104500,13:31:06,2764,753400,771591,20552752000,4,0,109120
MA205,20220218,20220218,133105500,13:31:07,2765,753624,771709,20558862720,224,118,6110720
MA205,20220218,20220218,133106000,13:31:08,2765,753629,771714,20558999120,5,5,136400
MA205,20220218,20220218,133107500,13:31:08,2765,753696,771750,20560826880,67,36,1827760
MA205,20220218,20220218,133108500,13:31:09,2764,753742,771784,20562081760,46,34,1254880
MA205,20220218,20220218,133109000,13:31:09,2765,753748,771790,20562245440,6,6,163680
MA205,20220218,20220218,133109500,13:31:10,2765,753756,771797,20562463680,8,7,218240
MA205,20220218,20220218,133110000,13:31:11,2765,753757,771797,20562490960,1,0,27280
MA205,20220218,20220218,133110500,13:31:11,2765,753760,771799,20562572800,3,2,81840
MA205,20220218,20220218,133111000,13:31:11,2764,753899,771872,20566364720,139,73,3791920
MA205,20220218,20220218,133111500,13:31:12,2764,753916,771883,20566828480,17,11,463760
MA205,20220218,20220218,133112000,13:31:13,2764,753918,771885,20566883040,2,2,54560
MA205,20220218,20220218,133112500,13:31:13,2764,753930,771887,20567210400,12,2,327360
MA205,20220218,20220218,133113000,13:31:13,2763,753935,771891,20567346800,5,4,136400
MA205,20220218,20220218,133113500,13:31:14,2764,753936,771892,20567374080,1,1,27280
MA205,20220218,20220218,133114000,13:31:15,2764,753937,771893,20567401360,1,1,27280
MA205,20220218,20220218,133114500,13:31:15,2764,753945,771900,20567619600,8,7,218240
MA205,20220218,20220218,133115000,13:31:15,2764,753948,771902,20567701440,3,2,81840
MA205,20220218,20220218,133115500,13:31:15,2763,753953,771902,20567837840,5,0,136400
MA205,20220218,20220218,133116000,13:31:16,2764,753966,771903,20568192480,13,1,354640
MA205,20220218,20220218,133116500,13:31:17,2764,753968,771905,20568247040,2,2,54560
MA205,20220218,20220218,133117000,13:31:17,2763,753979,771916,20568547120,11,11,300080
MA205,20220218,20220218,133117500,13:31:18,2764,753983,771916,20568656240,4,0,109120
MA205,20220218,20220218,133118000,13:31:19,2763,754035,771926,20570074800,52,10,1418560
MA205,20220218,20220218,133118500,13:31:19,2764,754040,771931,20570211200,5,5,136400
MA205,20220218,20220218,133119000,13:31:19,2764,754041,771931,20570238480,1,0,27280
MA205,20220218,20220218,133119500,13:31:20,2764,754046,771932,20570374880,5,1,136400
MA205,20220218,20220218,133120000,13:31:20,2764,754053,771931,20570565840,7,-1,190960
MA205,20220218,20220218,133120500,13:31:21,2764,754054,771932,20570593120,1,1,27280
MA205,20220218,20220218,133121000,13:31:21,2764,754072,771948,20571084160,18,16,491040
MA205,20220218,20220218,133121500,13:31:22,2764,754072,771948,20571084160,0,0,0
MA205,20220218,20220218,133122000,13:31:22,2764,754072,771948,20571084160,0,0,0
MA205,20220218,20220218,133122500,13:31:25,2763,754075,771951,20571166000,3,3,81840
MA205,20220218,20220218,133123000,13:31:25,2763,754079,771954,20571275120,4,3,109120
MA205,20220218,20220218,133123500,13:31:25,2764,754080,771954,20571302400,1,0,27280
MA205,20220218,20220218,133124000,13:31:25,2764,754084,771958,20571411520,4,4,109120
MA205,20220218,20220218,133124500,13:31:25,2764,754090,771957,20571575200,6,-1,163680
MA205,20220218,20220218,133156000,13:31:56,2763,754095,771960,20571711600,5,3,136400
MA205,20220218,20220218,133158000,13:31:58,2763,754107,771962,20572038960,12,2,327360
MA205,20220218,20220218,133158500,13:31:58,2763,754339,772182,20578367920,232,220,6328960
MA205,20220218,20220218,133159500,13:32:00,2764,754348,772185,20578613440,9,3,245520
MA205,20220218,20220218,133200000,13:32:00,2763,755717,772793,20615959760,1369,608,37346320
MA205,20220218,20220218,133200500,13:32:01,2763,755723,772798,20616123440,6,5,163680
MA205,20220218,20220218,133201000,13:32:01,2764,755747,772807,20616778160,24,9,654720
MA205,20220218,20220218,133201500,13:32:01,2764,755751,772806,20616887280,4,-1,109120
MA205,20220218,20220218,133202000,13:32:03,2764,755752,772806,20616914560,1,0,27280
MA205,20220218,20220218,133202500,13:32:04,2764,755754,772806,20616969120,2,0,54560
MA205,20220218,20220218,133203000,13:32:05,2763,755758,772808,20617078240,4,2,109120
MA205,20220218,20220218,133203500,13:32:05,2763,755758,772808,20617078240,0,0,0
MA205,20220218,20220218,133204000,13:32:05,2763,755767,772809,20617323760,9,1,245520
MA205,20220218,20220218,133205000,13:32:05,2763,755773,772810,20617487440,6,1,163680
MA205,20220218,20220218,133205500,13:32:06,2763,755779,772811,20617651120,6,1,163680
MA205,20220218,20220218,133206000,13:32:07,2764,755790,772810,20617951200,11,-1,300080
MA205,20220218,20220218,133206500,13:32:07,2764,755805,772810,20618360400,15,0,409200
MA205,20220218,20220218,133207000,13:32:07,2763,755813,772811,20618578640,8,1,218240
MA205,20220218,20220218,133207500,13:32:07,2763,755819,772813,20618742320,6,2,163680
MA205,20220218,20220218,133208000,13:32:09,2763,755836,772813,20619206080,17,0,463760
MA205,20220218,20220218,133208500,13:32:10,2763,755840,772811,20619315200,4,-2,109120
MA205,20220218,20220218,133209000,13:32:10,2763,756318,772759,20632355040,478,-52,13039840
MA205,20220218,20220218,133209500,13:32:10,2763,756460,772812,20636228800,142,53,3873760
MA205,20220218,20220218,133210000,13:32:11,2762,756648,772891,20641357440,188,79,5128640
MA205,20220218,20220218,133210500,13:32:13,2762,756649,772891,20641384720,1,0,27280
MA205,20220218,20220218,133211000,13:32:14,2762,756651,772892,20641439280,2,1,54560
MA205,20220218,20220218,133213000,13:32:15,2761,756677,772892,20642148560,26,0,709280
MA205,20220218,20220218,133214000,13:32:15,2762,756684,772893,20642339520,7,1,190960
MA205,20220218,20220218,133214500,13:32:16,2761,756689,772890,20642475920,5,-3,136400
MA205,20220218,20220218,133215000,13:32:16,2761,756740,772849,20643867200,51,-41,1391280
MA205,20220218,20220218,133215500,13:32:16,2761,756745,772847,20644003600,5,-2,136400
MA205,20220218,20220218,133216000,13:32:17,2761,756749,772844,20644112720,4,-3,109120
MA205,20220218,20220218,133216500,13:32:17,2761,756868,772734,20647359040,119,-110,3246320
MA205,20220218,20220218,133217000,13:32:17,2761,756891,772744,20647986480,23,10,627440
MA205,20220218,20220218,133217500,13:32:18,2761,756944,772718,20649432320,53,-26,1445840
MA205,20220218,20220218,133218000,13:32:18,2761,756951,772717,20649623280,7,-1,190960
MA205,20220218,20220218,133218500,13:32:19,2761,756962,772719,20649923360,11,2,300080
MA205,20220218,20220218,133219000,13:32:20,2761,756968,772715,20650087040,6,-4,163680
MA205,20220218,20220218,133219500,13:32:20,2761,756972,772712,20650196160,4,-3,109120
MA205,20220218,20220218,133220000,13:32:20,2761,756993,772716,20650769040,21,4,572880
MA205,20220218,20220218,133220500,13:32:21,2761,757000,772719,20650960000,7,3,190960
MA205,20220218,20220218,133221000,13:32:21,2761,757003,772718,20651041840,3,-1,81840
MA205,20220218,20220218,133221500,13:32:22,2762,757149,772789,20655024720,146,71,3982880
MA205,20220218,20220218,133222000,13:32:22,2762,757243,772791,20657589040,94,2,2564320
MA205,20220218,20220218,133222500,13:32:23,2763,757269,772774,20658298320,26,-17,709280
MA205,20220218,20220218,133223000,13:32:24,2762,757272,772774,20658380160,3,0,81840
MA205,20220218,20220218,133223500,13:32:24,2762,757290,772786,20658871200,18,12,491040
MA205,20220218,20220218,133224000,13:32:24,2762,757306,772788,20659307680,16,2,436480
MA205,20220218,20220218,133224500,13:32:25,2762,757334,772813,20660071520,28,25,763840
MA205,20220218,20220218,133225000,13:32:25,2762,757353,772811,20660589840,19,-2,518320
MA205,20220218,20220218,133225500,13:32:26,2762,757361,772819,20660808080,8,8,218240
MA205,20220218,20220218,133226000,13:32:27,2762,757370,772823,20661053600,9,4,245520
MA205,20220218,20220218,133226500,13:32:27,2763,757385,772831,20661462800,15,8,409200
MA205,20220218,20220218,133227000,13:32:27,2762,757393,772832,20661681040,8,1,218240
MA205,20220218,20220218,133227500,13:32:28,2762,757398,772829,20661817440,5,-3,136400
MA205,20220218,20220218,133228000,13:32:32,2762,757401,772826,20661899280,3,-3,81840
MA205,20220218,20220218,133228500,13:32:32,2762,757409,772824,20662117520,8,-2,218240
MA205,20220218,20220218,133229000,13:32:33,2762,757483,772806,20664136240,74,-18,2018720
MA205,20220218,20220218,133232000,13:32:34,2762,757580,772821,20666782400,97,15,2646160
MA205,20220218,20220218,133232500,13:32:35,2762,757587,772821,20666973360,7,0,190960
MA205,20220218,20220218,133234500,13:32:35,2761,757713,772912,20670410640,126,91,3437280
MA205,20220218,20220218,133235000,13:32:36,2762,757715,772913,20670465200,2,1,54560
MA205,20220218,20220218,133235500,13:32:36,2761,757720,772914,20670601600,5,1,136400
MA205,20220218,20220218,133236000,13:32:37,2762,757728,772920,20670819840,8,6,218240
MA205,20220218,20220218,133236500,13:32:37,2761,757744,772920,20671256320,16,0,436480
MA205,20220218,20220218,133237000,13:32:37,2762,757753,772920,20671501840,9,0,245520
MA205,20220218,20220218,133237500,13:32:37,2761,757758,772922,20671638240,5,2,136400
MA205,20220218,20220218,133238000,13:32:38,2761,757765,772924,20671829200,7,2,190960
MA205,20220218,20220218,133238500,13:32:39,2761,757774,772927,20672074720,9,3,245520
MA205,20220218,20220218,133239000,13:32:39,2761,758032,773114,20679112960,258,187,7038240
MA205,20220218,20220218,133239500,13:32:40,2761,758058,773116,20679822240,26,2,709280
MA205,20220218,20220218,133240000,13:32:40,2761,758064,773121,20679985920,6,5,163680
MA205,20220218,20220218,133240500,13:32:40,2761,758067,773123,20680067760,3,2,81840
MA205,20220218,20220218,133241000,13:32:41,2760,758079,773129,20680395120,12,6,327360
MA205,20220218,20220218,133241500,13:32:42,2760,758118,773136,20681459040,39,7,1063920
MA205,20220218,20220218,133242000,13:32:42,2760,758121,773135,20681540880,3,-1,81840
MA205,20220218,20220218,133242500,13:32:42,2760,758127,773139,20681704560,6,4,163680
MA205,20220218,20220218,133243000,13:32:43,2760,758144,773132,20682168320,17,-7,463760
MA205,20220218,20220218,133243500,13:32:43,2760,758255,773222,20685196400,111,90,3028080
MA205,20220218,20220218,133244000,13:32:44,2760,758267,773227,20685523760,12,5,327360
MA205,20220218,20220218,133244500,13:32:45,2760,758272,773227,20685660160,5,0,136400
MA205,20220218,20220218,133245000,13:32:45,2760,758295,773219,20686287600,23,-8,627440
MA205,20220218,20220218,133245500,13:32:45,2760,758323,773235,20687051440,28,16,763840
MA205,20220218,20220218,133246000,13:32:47,2760,758353,773240,20687869840,30,5,818400
MA205,20220218,20220218,133246500,13:32:47,2760,758419,773286,20689670320,66,46,1800480
MA205,20220218,20220218,133247000,13:32:47,2760,758474,773306,20691170720,55,20,1500400
MA205,20220218,20220218,133247500,13:32:48,2760,758498,773312,20691825440,24,6,654720
MA205,20220218,20220218,133248000,13:32:48,2759,758530,773311,20692698400,32,-1,872960
MA205,20220218,20220218,133248500,13:32:49,2759,758807,773263,20700254960,277,-48,7556560
MA205,20220218,20220218,133249000,13:32:49,2759,758833,773259,20700964240,26,-4,709280
MA205,20220218,20220218,133249500,13:32:49,2759,758843,773262,20701237040,10,3,272800
MA205,20220218,20220218,133250000,13:32:51,2759,758868,773257,20701919040,25,-5,682000
MA205,20220218,20220218,133250500,13:32:52,2758,758925,773240,20703474000,57,-17,1554960
MA205,20220218,20220218,133251000,13:32:52,2758,759007,773228,20705710960,82,-12,2236960
MA205,20220218,20220218,133251500,13:32:53,2758,759094,773295,20708084320,87,67,2373360
MA205,20220218,20220218,133252500,13:32:53,2758,759364,773534,20715449920,270,239,7365600
MA205,20220218,20220218,133253000,13:32:53,2759,759431,773552,20717277680,67,18,1827760
MA205,20220218,20220218,133253500,13:32:54,2759,759479,773599,20718587120,48,47,1309440
MA205,20220218,20220218,133254000,13:32:54,2758,759499,773605,20719132720,20,6,545600
MA205,20220218,20220218,133254500,13:32:55,2758,759509,773609,20719405520,10,4,272800
MA205,20220218,20220218,133255000,13:32:55,2759,759550,773625,20720524000,41,16,1118480
MA205,20220218,20220218,133255500,13:32:55,2759,759569,773629,20721042320,19,4,518320
MA205,20220218,20220218,133256000,13:32:56,2758,759785,773785,20726934800,216,156,5892480
MA205,20220218,20220218,133256500,13:32:56,2758,759937,773850,20731081360,152,65,4146560
MA205,20220218,20220218,133257000,13:32:59,2757,759945,773854,20731299600,8,4,218240
MA205,20220218,20220218,133257500,13:33:00,2757,759983,773857,20732336240,38,3,1036640
MA205,20220218,20220218,133258000,13:33:00,2757,760000,773858,20732800000,17,1,463760
MA205,20220218,20220218,133259500,13:33:00,2757,760044,773853,20734000320,44,-5,1200320
MA205,20220218,20220218,133300000,13:33:01,2758,760070,773863,20734709600,26,10,709280
MA205,20220218,20220218,133300500,13:33:01,2758,760289,773951,20740683920,219,88,5974320
MA205,20220218,20220218,133301000,13:33:02,2757,760725,774143,20752578000,436,192,11894080
MA205,20220218,20220218,133301500,13:33:02,2758,760838,774189,20755660640,113,46,3082640
MA205,20220218,20220218,133302000,13:33:03,2759,760867,774210,20756451760,29,21,791120
MA205,20220218,20220218,133302500,13:33:03,2759,760875,774215,20756670000,8,5,218240
MA205,20220218,20220218,133303000,13:33:03,2760,760895,774230,20757215600,20,15,545600
MA205,20220218,20220218,133303500,13:33:04,2759,760897,774232,20757270160,2,2,54560
MA205,20220218,20220218,133304000,13:33:04,2759,760901,774233,20757379280,4,1,109120
MA205,20220218,20220218,133304500,13:33:05,2759,760944,774268,20758552320,43,35,1173040
MA205,20220218,20220218,133305000,13:33:05,2760,760948,774270,20758661440,4,2,109120
MA205,20220218,20220218,133305500,13:33:05,2759,760997,774317,20759998160,49,47,1336720
MA205,20220218,20220218,133306000,13:33:06,2760,761218,774485,20766027040,221,168,6028880
MA205,20220218,20220218,133306500,13:33:06,2760,761276,774488,20767609280,58,3,1582240
MA205,20220218,20220218,133307000,13:33:07,2760,761287,774490,20767909360,11,2,300080
MA205,20220218,20220218,133307500,13:33:08,2760,761288,774490,20767936640,1,0,27280
MA205,20220218,20220218,133308000,13:33:08,2761,761295,774496,20768127600,7,6,190960
MA205,20220218,20220218,133308500,13:33:09,2760,761431,774623,20771837680,136,127,3710080
MA205,20220218,20220218,133309000,13:33:09,2760,761434,774625,20771919520,3,2,81840
MA205,20220218,20220218,133309500,13:33:11,2760,761776,774898,20781249280,342,273,9329760
MA205,20220218,20220218,133310000,13:33:11,2760,761781,774902,20781385680,5,4,136400
MA205,20220218,20220218,133310500,13:33:12,2760,761808,774929,20782122240,27,27,736560
MA205,20220218,20220218,133311000,13:33:12,2760,761814,774935,20782285920,6,6,163680
MA205,20220218,20220218,133311500,13:33:14,2761,761820,774941,20782449600,6,6,163680
MA205,20220218,20220218,133312000,13:33:14,2760,761824,774945,20782558720,4,4,109120
MA205,20220218,20220218,133312500,13:33:14,2761,761830,774948,20782722400,6,3,163680
MA205,20220218,20220218,133313500,13:33:14,2761,762024,775012,20788014720,194,64,5292320
MA205,20220218,20220218,133314000,13:33:17,2761,762154,775006,20791561120,130,-6,3546400
MA205,20220218,20220218,133314500,13:33:17,2761,762274,775044,20794834720,120,38,3273600
MA205,20220218,20220218,133315000,13:33:18,2762,762276,775046,20794889280,2,2,54560
MA205,20220218,20220218,133315500,13:33:18,2762,762463,775225,20799990640,187,179,5101360
MA205,20220218,20220218,133317000,13:33:18,2763,762482,775231,20800508960,19,6,518320
MA205,20220218,20220218,133317500,13:33:19,2762,762501,775243,20801027280,19,12,518320
MA205,20220218,20220218,133318000,13:33:19,2763,762502,775244,20801054560,1,1,27280
MA205,20220218,20220218,133318500,13:33:19,2762,762508,775240,20801218240,6,-4,163680
MA205,20220218,20220218,133319000,13:33:20,2763,762524,775238,20801654720,16,-2,436480
MA205,20220218,20220218,133319500,13:33:20,2762,762529,775240,20801791120,5,2,136400
MA205,20220218,20220218,133320000,13:33:21,2762,762536,775242,20801982080,7,2,190960
MA205,20220218,20220218,133320500,13:33:21,2762,762584,775279,20803291520,48,37,1309440
MA205,20220218,20220218,133321000,13:33:22,2762,762609,775258,20803973520,25,-21,682000
MA205,20220218,20220218,133321500,13:33:22,2762,762634,775242,20804655520,25,-16,682000
MA205,20220218,20220218,133322000,13:33:22,2762,762638,775242,20804764640,4,0,109120
MA205,20220218,20220218,133322500,13:33:22,2762,762650,775247,20805092000,12,5,327360
MA205,20220218,20220218,133323000,13:33:23,2762,762708,775296,20806674240,58,49,1582240
MA205,20220218,20220218,133323500,13:33:24,2763,762728,775294,20807219840,20,-2,545600
MA205,20220218,20220218,133324000,13:33:24,2761,763163,775437,20819086640,435,143,11866800
MA205,20220218,20220218,133324500,13:33:25,2762,763183,775429,20819632240,20,-8,545600
MA205,20220218,20220218,133325000,13:33:26,2763,763253,775420,20821541840,70,-9,1909600
MA205,20220218,20220218,133325500,13:33:27,2762,763256,775421,20821623680,3,1,81840
MA205,20220218,20220218,133326000,13:33:28,2762,763267,775428,20821923760,11,7,300080
MA205,20220218,20220218,133326500,13:33:29,2763,763269,775426,20821978320,2,-2,54560
MA205,20220218,20220218,133327000,13:33:29,2762,763279,775429,20822251120,10,3,272800
MA205,20220218,20220218,133327500,13:33:29,2762,763282,775431,20822332960,3,2,81840
MA205,20220218,20220218,133328500,13:33:30,2762,763296,775434,20822714880,14,3,381920
MA205,20220218,20220218,133329500,13:33:30,2763,763318,775441,20823315040,22,7,600160
MA205,20220218,20220218,133330000,13:33:30,2762,763323,775442,20823451440,5,1,136400
MA205,20220218,20220218,133330500,13:33:31,2761,763331,775448,20823669680,8,6,218240
MA205,20220218,20220218,133331000,13:33:32,2762,763334,775450,20823751520,3,2,81840
MA205,20220218,20220218,133331500,13:33:32,2762,763369,775472,20824706320,35,22,954800
MA205,20220218,20220218,133332000,13:33:32,2762,763382,775466,20825060960,13,-6,354640
MA205,20220218,20220218,133332500,13:33:33,2762,763386,775465,20825170080,4,-1,109120
MA205,20220218,20220218,133333000,13:33:33,2762,763392,775459,20825333760,6,-6,163680
MA205,20220218,20220218,133333500,13:33:33,2761,763394,775461,20825388320,2,2,54560
MA205,20220218,20220218,133334000,13:33:34,2761,763399,775462,20825524720,5,1,136400
MA205,20220218,20220218,133334500,13:33:35,2762,763403,775462,20825633840,4,0,109120
MA205,20220218,20220218,133335000,13:33:35,2762,763406,775464,20825715680,3,2,81840
MA205,20220218,20220218,133335500,13:33:35,2761,763413,775464,20825906640,7,0,190960
MA205,20220218,20220218,133336000,13:33:36,2761,763413,775464,20825906640,0,0,0
MA205,20220218,20220218,133336500,13:33:36,2761,763417,775465,20826015760,4,1,109120
MA205,20220218,20220218,133337000,13:33:37,2761,763444,775492,20826752320,27,27,736560
MA205,20220218,20220218,133337500,13:33:37,2761,763446,775493,20826806880,2,1,54560
MA205,20220218,20220218,133338000,13:33:38,2761,763450,775493,20826916000,4,0,109120
MA205,20220218,20220218,133338500,13:33:39,2761,763475,775517,20827598000,25,24,682000
MA205,20220218,20220218,133339000,13:33:39,2761,763478,775518,20827679840,3,1,81840
MA205,20220218,20220218,133339500,13:33:40,2761,763485,775522,20827870800,7,4,190960
MA205,20220218,20220218,133340000,13:33:40,2762,763486,775523,20827898080,1,1,27280
MA205,20220218,20220218,133340500,13:33:41,2762,763504,775533,20828389120,18,10,491040
MA205,20220218,20220218,133341000,13:33:41,2762,763507,775536,20828470960,3,3,81840
MA205,20220218,20220218,133341500,13:33:42,2761,763516,775534,20828716480,9,-2,245520
MA205,20220218,20220218,133342000,13:33:42,2762,763522,775530,20828880160,6,-4,163680
MA205,20220218,20220218,133342500,13:33:42,2761,763525,775531,20828962000,3,1,81840
MA205,20220218,20220218,133343500,13:33:44,2762,763551,775555,20829671280,26,24,709280
MA205,20220218,20220218,133344000,13:33:45,2761,763560,775563,20829916800,9,8,245520
MA205,20220218,20220218,133344500,13:33:45,2761,763561,775562,20829944080,1,-1,27280
MA205,20220218,20220218,133345000,13:33:45,2761,763577,775565,20830380560,16,3,436480
MA205,20220218,20220218,133345500,13:33:47,2761,763580,775566,20830462400,3,1,81840
MA205,20220218,20220218,133346000,13:33:48,2762,763582,775566,20830516960,2,0,54560
MA205,20220218,20220218,133347000,13:33:48,2761,763608,775587,20831226240,26,21,709280
MA205,20220218,20220218,133347500,13:33:49,2761,763610,775588,20831280800,2,1,54560
MA205,20220218,20220218,133348000,13:33:49,2761,763628,775598,20831771840,18,10,491040
MA205,20220218,20220218,133348500,13:33:49,2761,763635,775603,20831962800,7,5,190960
MA205,20220218,20220218,133349000,13:33:50,2761,763637,775603,20832017360,2,0,54560
MA205,20220218,20220218,133349500,13:33:50,2762,763643,775604,20832181040,6,1,163680
MA205,20220218,20220218,133350000,13:33:50,2761,763646,775606,20832262880,3,2,81840
MA205,20220218,20220218,133350500,13:33:50,2761,763646,775606,20832262880,0,0,0
MA205,20220218,20220218,133351000,13:33:51,2762,763700,775633,20833736000,54,27,1473120
MA205,20220218,20220218,133351500,13:33:52,2761,763702,775634,20833790560,2,1,54560
MA205,20220218,20220218,133352000,13:33:52,2761,763702,775634,20833790560,0,0,0
MA205,20220218,20220218,133352500,13:33:52,2761,763710,775640,20834008800,8,6,218240
MA205,20220218,20220218,133353000,13:33:53,2761,763710,775640,20834008800,0,0,0
MA205,20220218,20220218,133353500,13:33:53,2761,763721,775643,20834308880,11,3,300080
MA205,20220218,20220218,133354000,13:33:54,2761,763726,775643,20834445280,5,0,136400
MA205,20220218,20220218,133354500,13:33:55,2760,763739,775644,20834799920,13,1,354640
MA205,20220218,20220218,133355000,13:33:56,2761,763761,775647,20835400080,22,3,600160
MA205,20220218,20220218,133355500,13:33:56,2761,763774,775655,20835754720,13,8,354640
MA205,20220218,20220218,133356000,13:33:56,2761,763774,775655,20835754720,0,0,0
MA205,20220218,20220218,133356500,13:33:57,2761,763779,775655,20835891120,5,0,136400
MA205,20220218,20220218,133357000,13:33:58,2760,763784,775656,20836027520,5,1,136400
MA205,20220218,20220218,133357500,13:33:58,2761,763787,775657,20836109360,3,1,81840
MA205,20220218,20220218,133358000,13:33:58,2761,763803,775672,20836545840,16,15,436480
MA205,20220218,20220218,133358500,13:33:58,2761,764114,775675,20845029920,311,3,8484080
MA205,20220218,20220218,133359000,13:33:59,2761,764115,775674,20845057200,1,-1,27280
MA205,20220218,20220218,133359500,13:33:59,2760,764119,775670,20845166320,4,-4,109120
MA205,20220218,20220218,133400000,13:34:00,2760,764139,775675,20845711920,20,5,545600
MA205,20220218,20220218,133400500,13:34:00,2760,764179,775703,20846803120,40,28,1091200
MA205,20220218,20220218,133401000,13:34:01,2760,764181,775704,20846857680,2,1,54560
MA205,20220218,20220218,133401500,13:34:02,2760,764188,775711,20847048640,7,7,190960
MA205,20220218,20220218,133402000,13:34:10,2760,764190,775711,20847103200,2,0,54560
MA205,20220218,20220218,133402500,13:34:10,2760,764246,775671,20848630880,56,-40,1527680
MA205,20220218,20220218,133403000,13:34:10,2761,764255,775672,20848876400,9,1,245520
MA205,20220218,20220218,133410000,13:34:11,2762,764556,775811,20857087680,301,139,8211280
MA205,20220218,20220218,133410500,13:34:12,2761,764558,775811,20857142240,2,0,54560
MA205,20220218,20220218,133411000,13:34:12,2762,764559,775811,20857169520,1,0,27280
MA205,20220218,20220218,133411500,13:34:12,2762,764561,775812,20857224080,2,1,54560
MA205,20220218,20220218,133412000,13:34:12,2761,764562,775813,20857251360,1,1,27280
MA205,20220218,20220218,133412500,13:34:13,2762,764571,775815,20857496880,9,2,245520
MA205,20220218,20220218,133413000,13:34:13,2761,764596,775835,20858178880,25,20,682000
