OI207,20220218,20220218,112003000,11:20:03,0,0,0,0,0,0,0
OI207,20220218,20220218,112002700,11:20:05,11661,6041,32867,705951260,6041,32867,705951260
OI207,20220218,20220218,112004500,11:20:09,11661,6041,32867,705951260,0,0,0
OI207,20220218,20220218,112005000,11:20:10,11661,6041,32867,705951260,0,0,0
OI207,20220218,20220218,112005500,11:20:10,11661,6041,32867,705951260,0,0,0
OI207,20220218,20220218,112007000,11:20:10,11661,6041,32867,705951260,0,0,0
OI207,20220218,20220218,112007500,11:20:10,11661,6041,32867,705951260,0,0,0
OI207,20220218,20220218,112008000,11:20:10,11661,6041,32867,705951260,0,0,0
OI207,20220218,20220218,112008500,11:20:10,11661,6041,32867,705951260,0,0,0
OI207,20220218,20220218,112009500,11:20:10,11661,6041,32867,705951260,0,0,0
OI207,20220218,20220218,112010000,11:20:10,11661,6041,32867,705951260,0,0,0
OI207,20220218,20220218,112013500,11:20:13,11661,6041,32867,705951260,0,0,0
OI207,20220218,20220218,112014000,11:20:14,11661,6041,32867,705951260,0,0,0
OI207,20220218,20220218,112014500,11:20:14,11661,6041,32867,705951260,0,0,0
OI207,20220218,20220218,112015000,11:20:15,11661,6041,32867,705951260,0,0,0
OI207,20220218,20220218,112015500,11:20:16,11661,6041,32867,705951260,0,0,0
OI207,20220218,20220218,112016000,11:20:16,11661,6041,32867,705951260,0,0,0
OI207,20220218,20220218,112016500,11:20:16,11661,6041,32867,705951260,0,0,0
OI207,20220218,20220218,112017500,11:20:17,11661,6041,32867,705951260,0,0,0
OI207,20220218,20220218,112018500,11:20:18,11661,6041,32867,705951260,0,0,0
OI207,20220218,20220218,112019000,11:20:19,11661,6041,32867,705951260,0,0,0
OI207,20220218,20220218,112020500,11:20:21,11661,6041,32867,705951260,0,0,0
OI207,20220218,20220218,112021000,11:20:21,11661,6041,32867,705951260,0,0,0
OI207,20220218,20220218,112021500,11:20:21,11661,6041,32867,705951260,0,0,0
OI207,20220218,20220218,112022000,11:20:22,11661,6041,32867,705951260,0,0,0
OI207,20220218,20220218,112028000,11:20:28,11661,6041,32867,705951260,0,0,0
OI207,20220218,20220218,112029000,11:20:29,11661,6041,32867,705951260,0,0,0
OI207,20220218,20220218,112029500,11:20:31,11661,6041,32867,705951260,0,0,0
OI207,20220218,20220218,112030000,11:20:31,11661,6041,32867,705951260,0,0,0
OI207,20220218,20220218,112030500,11:20:31,11661,6041,32867,705951260,0,0,0
OI207,20220218,20220218,112031000,11:20:32,11661,6041,32867,705951260,0,0,0
OI207,20220218,20220218,112031500,11:20:32,11661,6041,32867,705951260,0,0,0
OI207,20220218,20220218,112032000,11:20:32,11661,6041,32867,705951260,0,0,0
OI207,20220218,20220218,112032500,11:20:32,11660,6042,32868,706068120,1,1,116860
OI207,20220218,20220218,112034500,11:20:35,11660,6042,32868,706068120,0,0,0
OI207,20220218,20220218,112035500,11:20:35,11660,6042,32868,706068120,0,0,0
OI207,20220218,20220218,112038500,11:20:39,11660,6042,32868,706068120,0,0,0
OI207,20220218,20220218,112039500,11:20:40,11660,6042,32868,706068120,0,0,0
OI207,20220218,20220218,112042000,11:20:42,11660,6042,32868,706068120,0,0,0
OI207,20220218,20220218,112042500,11:20:42,11660,6042,32868,706068120,0,0,0
OI207,20220218,20220218,112043000,11:20:43,11660,6042,32868,706068120,0,0,0
OI207,20220218,20220218,112044000,11:20:44,11660,6042,32868,706068120,0,0,0
OI207,20220218,20220218,112044500,11:20:45,11660,6042,32868,706068120,0,0,0
OI207,20220218,20220218,112045500,11:20:46,11660,6042,32868,706068120,0,0,0
OI207,20220218,20220218,112046000,11:20:46,11660,6042,32868,706068120,0,0,0
OI207,20220218,20220218,112047000,11:20:47,11660,6042,32868,706068120,0,0,0
OI207,20220218,20220218,112047500,11:20:48,11660,6042,32868,706068120,0,0,0
OI207,20220218,20220218,112048000,11:20:48,11660,6042,32868,706068120,0,0,0
OI207,20220218,20220218,112048500,11:20:50,11660,6042,32868,706068120,0,0,0
OI207,20220218,20220218,112050500,11:20:50,11660,6042,32868,706068120,0,0,0
OI207,20220218,20220218,112051000,11:20:51,11660,6042,32868,706068120,0,0,0
OI207,20220218,20220218,112051500,11:20:52,11660,6042,32868,706068120,0,0,0
OI207,20220218,20220218,112052000,11:20:53,11660,6042,32868,706068120,0,0,0
OI207,20220218,20220218,112054000,11:20:54,11660,6042,32868,706068120,0,0,0
OI207,20220218,20220218,112057000,11:20:58,11661,6044,32866,706301840,2,-2,233720
OI207,20220218,20220218,112101500,11:21:02,11661,6044,32866,706301840,0,0,0
OI207,20220218,20220218,112102000,11:21:03,11661,6044,32866,706301840,0,0,0
OI207,20220218,20220218,112102500,11:21:03,11661,6044,32866,706301840,0,0,0
OI207,20220218,20220218,112103500,11:21:04,11661,6044,32866,706301840,0,0,0
OI207,20220218,20220218,112104000,11:21:04,11661,6044,32866,706301840,0,0,0
OI207,20220218,20220218,112109500,11:21:10,11661,6044,32866,706301840,0,0,0
OI207,20220218,20220218,112110500,11:21:11,11661,6044,32866,706301840,0,0,0
OI207,20220218,20220218,112111000,11:21:11,11661,6044,32866,706301840,0,0,0
OI207,20220218,20220218,112111500,11:21:12,11661,6044,32866,706301840,0,0,0
OI207,20220218,20220218,112112000,11:21:12,11661,6044,32866,706301840,0,0,0
OI207,20220218,20220218,112113500,11:21:13,11661,6044,32866,706301840,0,0,0
OI207,20220218,20220218,112114500,11:21:14,11661,6044,32866,706301840,0,0,0
OI207,20220218,20220218,112115500,11:21:15,11661,6044,32866,706301840,0,0,0
OI207,20220218,20220218,112116000,11:21:16,11661,6044,32866,706301840,0,0,0
OI207,20220218,20220218,112116500,11:21:17,11661,6044,32866,706301840,0,0,0
OI207,20220218,20220218,112117500,11:21:18,11661,6044,32866,706301840,0,0,0
OI207,20220218,20220218,112118000,11:21:18,11661,6044,32866,706301840,0,0,0
OI207,20220218,20220218,112119500,11:21:19,11661,6044,32866,706301840,0,0,0
OI207,20220218,20220218,112120000,11:21:20,11661,6044,32866,706301840,0,0,0
OI207,20220218,20220218,112120500,11:21:22,11661,6044,32866,706301840,0,0,0
OI207,20220218,20220218,112121000,11:21:22,11661,6044,32866,706301840,0,0,0
OI207,20220218,20220218,112121500,11:21:22,11661,6044,32866,706301840,0,0,0
OI207,20220218,20220218,112122500,11:21:22,11661,6044,32866,706301840,0,0,0
OI207,20220218,20220218,112123000,11:21:23,11661,6044,32866,706301840,0,0,0
OI207,20220218,20220218,112124000,11:21:24,11661,6044,32866,706301840,0,0,0
OI207,20220218,20220218,112124500,11:21:25,11661,6044,32866,706301840,0,0,0
OI207,20220218,20220218,112125000,11:22:29,11661,6044,32866,706301840,0,0,0
OI207,20220218,20220218,112330500,11:23:33,11661,6044,32866,706301840,0,0,0
OI207,20220218,20220218,112335000,11:23:35,11670,6051,32868,707119860,7,2,818020
OI207,20220218,20220218,112335500,11:23:35,11670,6051,32868,707119860,0,0,0
OI207,20220218,20220218,112336000,11:23:37,11670,6051,32868,707119860,0,0,0
OI207,20220218,20220218,112337000,11:23:38,11671,6061,32878,708288460,10,10,1168600
OI207,20220218,20220218,112337500,11:23:38,11671,6061,32878,708288460,0,0,0
OI207,20220218,20220218,112338000,11:23:38,11671,6061,32878,708288460,0,0,0
OI207,20220218,20220218,112339000,11:23:39,11671,6061,32878,708288460,0,0,0
OI207,20220218,20220218,112339500,11:23:39,11671,6061,32878,708288460,0,0,0
OI207,20220218,20220218,112340000,11:23:40,11671,6061,32878,708288460,0,0,0
OI207,20220218,20220218,112341000,11:23:41,11671,6061,32878,708288460,0,0,0
OI207,20220218,20220218,112347000,11:23:48,11671,6061,32878,708288460,0,0,0
OI207,20220218,20220218,112349500,11:23:50,11671,6061,32878,708288460,0,0,0
OI207,20220218,20220218,112350000,11:23:50,11671,6061,32878,708288460,0,0,0
OI207,20220218,20220218,112351500,11:23:51,11671,6061,32878,708288460,0,0,0
OI207,20220218,20220218,112353500,11:23:53,11671,6061,32878,708288460,0,0,0
OI207,20220218,20220218,112354500,11:23:55,11671,6061,32878,708288460,0,0,0
OI207,20220218,20220218,112356000,11:23:56,11671,6061,32878,708288460,0,0,0
OI207,20220218,20220218,112356500,11:23:56,11672,6062,32878,708405320,1,0,116860
OI207,20220218,20220218,112359000,11:23:59,11672,6062,32878,708405320,0,0,0
OI207,20220218,20220218,112400500,11:24:00,11672,6062,32878,708405320,0,0,0
OI207,20220218,20220218,112401500,11:24:01,11672,6062,32878,708405320,0,0,0
OI207,20220218,20220218,112402000,11:24:02,11672,6062,32878,708405320,0,0,0
OI207,20220218,20220218,112403000,11:24:03,11672,6062,32878,708405320,0,0,0
OI207,20220218,20220218,112403500,11:24:04,11672,6071,32869,709457060,9,-9,1051740
OI207,20220218,20220218,112405500,11:24:05,11672,6071,32869,709457060,0,0,0
OI207,20220218,20220218,112406000,11:24:06,11672,6071,32869,709457060,0,0,0
OI207,20220218,20220218,112407000,11:24:07,11672,6071,32869,709457060,0,0,0
OI207,20220218,20220218,112407500,11:24:08,11672,6071,32869,709457060,0,0,0
OI207,20220218,20220218,112408000,11:24:08,11672,6071,32869,709457060,0,0,0
OI207,20220218,20220218,112409000,11:24:11,11672,6071,32869,709457060,0,0,0
OI207,20220218,20220218,112411500,11:24:12,11672,6071,32869,709457060,0,0,0
OI207,20220218,20220218,112412500,11:24:13,11672,6071,32869,709457060,0,0,0
OI207,20220218,20220218,112413000,11:24:14,11672,6071,32869,709457060,0,0,0
OI207,20220218,20220218,112413500,11:24:14,11672,6071,32869,709457060,0,0,0
OI207,20220218,20220218,112415500,11:24:15,11672,6071,32869,709457060,0,0,0
OI207,20220218,20220218,112416500,11:24:17,11672,6071,32869,709457060,0,0,0
OI207,20220218,20220218,112417000,11:24:17,11672,6071,32869,709457060,0,0,0
OI207,20220218,20220218,112417500,11:24:18,11672,6071,32869,709457060,0,0,0
OI207,20220218,20220218,112418000,11:24:18,11672,6071,32869,709457060,0,0,0
OI207,20220218,20220218,112418500,11:24:19,11672,6071,32869,709457060,0,0,0
OI207,20220218,20220218,112419000,11:24:19,11673,6076,32870,710041360,5,1,584300
OI207,20220218,20220218,112419500,11:24:20,11673,6076,32870,710041360,0,0,0
OI207,20220218,20220218,112420000,11:24:20,11673,6076,32870,710041360,0,0,0
OI207,20220218,20220218,112420500,11:24:21,11673,6076,32870,710041360,0,0,0
OI207,20220218,20220218,112421000,11:24:21,11673,6076,32870,710041360,0,0,0
OI207,20220218,20220218,112421500,11:24:22,11673,6076,32870,710041360,0,0,0
OI207,20220218,20220218,112422500,11:24:23,11673,6076,32870,710041360,0,0,0
OI207,20220218,20220218,112423000,11:24:23,11673,6076,32870,710041360,0,0,0
OI207,20220218,20220218,112424000,11:24:24,11673,6076,32870,710041360,0,0,0
OI207,20220218,20220218,112424500,11:24:24,11673,6076,32870,710041360,0,0,0
OI207,20220218,20220218,112425000,11:24:25,11673,6076,32870,710041360,0,0,0
OI207,20220218,20220218,112426000,11:24:26,11673,6077,32870,710158220,1,0,116860
OI207,20220218,20220218,112426500,11:24:26,11673,6077,32870,710158220,0,0,0
OI207,20220218,20220218,112429500,11:24:30,11673,6077,32870,710158220,0,0,0
OI207,20220218,20220218,112430000,11:24:30,11673,6077,32870,710158220,0,0,0
OI207,20220218,20220218,112430500,11:24:30,11673,6077,32870,710158220,0,0,0
OI207,20220218,20220218,112431500,11:24:31,11673,6077,32870,710158220,0,0,0
OI207,20220218,20220218,112432000,11:24:32,11673,6103,32878,713196580,26,8,3038360
OI207,20220218,20220218,112432500,11:24:33,11673,6103,32878,713196580,0,0,0
OI207,20220218,20220218,112433000,11:24:33,11673,6103,32878,713196580,0,0,0
OI207,20220218,20220218,112433500,11:24:33,11673,6103,32878,713196580,0,0,0
OI207,20220218,20220218,112435000,11:24:35,11673,6103,32878,713196580,0,0,0
OI207,20220218,20220218,112435500,11:24:35,11673,6103,32878,713196580,0,0,0
OI207,20220218,20220218,112436500,11:24:36,11673,6103,32878,713196580,0,0,0
OI207,20220218,20220218,112437000,11:24:37,11673,6103,32878,713196580,0,0,0
OI207,20220218,20220218,112439000,11:24:40,11673,6103,32878,713196580,0,0,0
OI207,20220218,20220218,112440500,11:24:40,11673,6103,32878,713196580,0,0,0
OI207,20220218,20220218,112441000,11:24:41,11673,6103,32878,713196580,0,0,0
OI207,20220218,20220218,112441500,11:24:41,11673,6103,32878,713196580,0,0,0
OI207,20220218,20220218,112442000,11:24:42,11673,6103,32878,713196580,0,0,0
OI207,20220218,20220218,112442500,11:24:42,11673,6103,32878,713196580,0,0,0
OI207,20220218,20220218,112443500,11:24:43,11673,6103,32878,713196580,0,0,0
OI207,20220218,20220218,112444000,11:24:44,11673,6103,32878,713196580,0,0,0
OI207,20220218,20220218,112444500,11:24:44,11673,6103,32878,713196580,0,0,0
OI207,20220218,20220218,112445500,11:24:45,11673,6103,32878,713196580,0,0,0
OI207,20220218,20220218,112446000,11:24:46,11673,6103,32878,713196580,0,0,0
OI207,20220218,20220218,112453500,11:24:53,11673,6103,32878,713196580,0,0,0
OI207,20220218,20220218,112454500,11:24:54,11675,6107,32880,713664020,4,2,467440
OI207,20220218,20220218,112455000,11:24:55,11675,6107,32880,713664020,0,0,0
OI207,20220218,20220218,112455500,11:24:56,11675,6107,32880,713664020,0,0,0
OI207,20220218,20220218,112456000,11:24:56,11675,6107,32880,713664020,0,0,0
OI207,20220218,20220218,112456500,11:24:56,11675,6107,32880,713664020,0,0,0
OI207,20220218,20220218,112457000,11:24:57,11675,6107,32880,713664020,0,0,0
OI207,20220218,20220218,112458000,11:24:58,11675,6107,32880,713664020,0,0,0
OI207,20220218,20220218,112458500,11:24:58,11675,6107,32880,713664020,0,0,0
OI207,20220218,20220218,112459500,11:25:00,11675,6107,32880,713664020,0,0,0
OI207,20220218,20220218,112500500,11:25:01,11675,6107,32880,713664020,0,0,0
OI207,20220218,20220218,112501000,11:25:02,11675,6107,32880,713664020,0,0,0
OI207,20220218,20220218,112501500,11:25:05,11675,6107,32880,713664020,0,0,0
OI207,20220218,20220218,112502000,11:25:05,11675,6107,32880,713664020,0,0,0
OI207,20220218,20220218,112504500,11:25:06,11675,6107,32880,713664020,0,0,0
OI207,20220218,20220218,112505500,11:25:06,11675,6107,32880,713664020,0,0,0
OI207,20220218,20220218,112506000,11:25:07,11675,6107,32880,713664020,0,0,0
OI207,20220218,20220218,112506500,11:25:07,11675,6107,32880,713664020,0,0,0
OI207,20220218,20220218,112507000,11:25:07,11675,6107,32880,713664020,0,0,0
OI207,20220218,20220218,112507500,11:25:07,11675,6107,32880,713664020,0,0,0
OI207,20220218,20220218,112508000,11:25:08,11675,6107,32880,713664020,0,0,0
OI207,20220218,20220218,112508500,11:25:09,11675,6107,32880,713664020,0,0,0
OI207,20220218,20220218,112509000,11:25:09,11675,6107,32880,713664020,0,0,0
OI207,20220218,20220218,112509500,11:25:09,11675,6107,32880,713664020,0,0,0
OI207,20220218,20220218,112511500,11:25:11,11675,6107,32880,713664020,0,0,0
OI207,20220218,20220218,112512000,11:25:12,11675,6107,32880,713664020,0,0,0
OI207,20220218,20220218,112512500,11:25:12,11675,6107,32880,713664020,0,0,0
OI207,20220218,20220218,112513500,11:25:15,11675,6107,32880,713664020,0,0,0
OI207,20220218,20220218,112514000,11:25:15,11675,6107,32880,713664020,0,0,0
OI207,20220218,20220218,112516000,11:25:16,11675,6107,32880,713664020,0,0,0
OI207,20220218,20220218,112516500,11:25:16,11675,6107,32880,713664020,0,0,0
OI207,20220218,20220218,112517000,11:25:18,11675,6107,32880,713664020,0,0,0
OI207,20220218,20220218,112518000,11:25:19,11678,6111,32882,714131460,4,2,467440
OI207,20220218,20220218,112518500,11:25:19,11678,6111,32882,714131460,0,0,0
OI207,20220218,20220218,112519000,11:25:19,11678,6111,32882,714131460,0,0,0
OI207,20220218,20220218,112519500,11:25:19,11677,6112,32882,714248320,1,0,116860
OI207,20220218,20220218,112520000,11:25:21,11677,6112,32882,714248320,0,0,0
OI207,20220218,20220218,112520500,11:25:21,11677,6112,32882,714248320,0,0,0
OI207,20220218,20220218,112521000,11:25:22,11677,6112,32882,714248320,0,0,0
OI207,20220218,20220218,112521500,11:25:22,11677,6112,32882,714248320,0,0,0
OI207,20220218,20220218,112522000,11:25:22,11677,6112,32882,714248320,0,0,0
OI207,20220218,20220218,112522500,11:25:23,11677,6112,32882,714248320,0,0,0
OI207,20220218,20220218,112524500,11:25:25,11677,6112,32882,714248320,0,0,0
OI207,20220218,20220218,112525000,11:25:25,11677,6112,32882,714248320,0,0,0
OI207,20220218,20220218,112525500,11:25:26,11677,6112,32882,714248320,0,0,0
OI207,20220218,20220218,112526000,11:25:26,11677,6112,32882,714248320,0,0,0
OI207,20220218,20220218,112527000,11:25:28,11677,6112,32882,714248320,0,0,0
OI207,20220218,20220218,112527500,11:25:28,11677,6112,32882,714248320,0,0,0
OI207,20220218,20220218,112528000,11:25:28,11677,6112,32882,714248320,0,0,0
OI207,20220218,20220218,112528500,11:25:28,11677,6112,32882,714248320,0,0,0
OI207,20220218,20220218,112529000,11:25:29,11677,6112,32882,714248320,0,0,0
OI207,20220218,20220218,112529500,11:25:30,11677,6112,32882,714248320,0,0,0
OI207,20220218,20220218,112530000,11:25:31,11677,6112,32882,714248320,0,0,0
OI207,20220218,20220218,112530500,11:25:31,11677,6112,32882,714248320,0,0,0
OI207,20220218,20220218,112531000,11:25:31,11677,6112,32882,714248320,0,0,0
OI207,20220218,20220218,112532000,11:25:32,11677,6112,32882,714248320,0,0,0
OI207,20220218,20220218,112532500,11:25:33,11677,6112,32882,714248320,0,0,0
OI207,20220218,20220218,112533000,11:25:33,11677,6112,32882,714248320,0,0,0
OI207,20220218,20220218,112534000,11:25:34,11677,6112,32882,714248320,0,0,0
OI207,20220218,20220218,112534500,11:25:35,11677,6112,32882,714248320,0,0,0
OI207,20220218,20220218,112535000,11:25:37,11677,6112,32882,714248320,0,0,0
OI207,20220218,20220218,112535500,11:25:37,11677,6112,32882,714248320,0,0,0
OI207,20220218,20220218,112536000,11:25:37,11677,6112,32882,714248320,0,0,0
OI207,20220218,20220218,112536500,11:25:37,11677,6112,32882,714248320,0,0,0
OI207,20220218,20220218,112539500,11:25:40,11677,6112,32882,714248320,0,0,0
OI207,20220218,20220218,112540000,11:25:40,11677,6112,32882,714248320,0,0,0
OI207,20220218,20220218,112541500,11:25:41,11677,6112,32882,714248320,0,0,0
OI207,20220218,20220218,112542000,11:25:42,11677,6112,32882,714248320,0,0,0
OI207,20220218,20220218,112542500,11:25:43,11677,6112,32882,714248320,0,0,0
OI207,20220218,20220218,112543000,11:25:43,11677,6112,32882,714248320,0,0,0
OI207,20220218,20220218,112543500,11:25:43,11677,6112,32882,714248320,0,0,0
OI207,20220218,20220218,112545000,11:25:45,11677,6112,32882,714248320,0,0,0
OI207,20220218,20220218,112545500,11:25:46,11677,6112,32882,714248320,0,0,0
OI207,20220218,20220218,112547000,11:25:48,11677,6112,32882,714248320,0,0,0
OI207,20220218,20220218,112547500,11:25:48,11677,6112,32882,714248320,0,0,0
OI207,20220218,20220218,112549500,11:25:49,11677,6112,32882,714248320,0,0,0
OI207,20220218,20220218,112553500,11:25:54,11677,6112,32882,714248320,0,0,0
OI207,20220218,20220218,112554000,11:25:54,11677,6112,32882,714248320,0,0,0
OI207,20220218,20220218,112554500,11:25:55,11677,6112,32882,714248320,0,0,0
OI207,20220218,20220218,112555500,11:25:56,11677,6112,32882,714248320,0,0,0
OI207,20220218,20220218,112556000,11:25:57,11677,6112,32882,714248320,0,0,0
OI207,20220218,20220218,112556500,11:25:57,11677,6112,32882,714248320,0,0,0
OI207,20220218,20220218,112557000,11:25:57,11677,6112,32882,714248320,0,0,0
OI207,20220218,20220218,112557500,11:25:57,11677,6112,32882,714248320,0,0,0
OI207,20220218,20220218,112558000,11:25:59,11677,6112,32882,714248320,0,0,0
OI207,20220218,20220218,112558500,11:25:59,11677,6112,32882,714248320,0,0,0
OI207,20220218,20220218,112559000,11:26:00,11677,6112,32882,714248320,0,0,0
OI207,20220218,20220218,112559500,11:26:00,11677,6112,32882,714248320,0,0,0
OI207,20220218,20220218,112600000,11:26:00,11677,6112,32882,714248320,0,0,0
OI207,20220218,20220218,112600500,11:26:01,11677,6112,32882,714248320,0,0,0
OI207,20220218,20220218,112601000,11:26:01,11677,6112,32882,714248320,0,0,0
OI207,20220218,20220218,112601500,11:26:02,11677,6112,32882,714248320,0,0,0
OI207,20220218,20220218,112602000,11:26:03,11680,6113,32882,714365180,1,0,116860
OI207,20220218,20220218,112602500,11:26:03,11678,6114,32882,714482040,1,0,116860
OI207,20220218,20220218,112603000,11:26:03,11678,6114,32882,714482040,0,0,0
OI207,20220218,20220218,112603500,11:26:04,11678,6114,32882,714482040,0,0,0
OI207,20220218,20220218,112604000,11:26:05,11678,6114,32882,714482040,0,0,0
OI207,20220218,20220218,112604500,11:26:05,11678,6114,32882,714482040,0,0,0
OI207,20220218,20220218,112605000,11:26:05,11678,6114,32882,714482040,0,0,0
OI207,20220218,20220218,112605500,11:26:06,11678,6114,32882,714482040,0,0,0
OI207,20220218,20220218,112606000,11:26:06,11678,6114,32882,714482040,0,0,0
OI207,20220218,20220218,112606500,11:26:09,11678,6114,32882,714482040,0,0,0
OI207,20220218,20220218,112607000,11:26:09,11678,6114,32882,714482040,0,0,0
OI207,20220218,20220218,112607500,11:26:09,11678,6114,32882,714482040,0,0,0
OI207,20220218,20220218,112608500,11:26:09,11678,6114,32882,714482040,0,0,0
OI207,20220218,20220218,112610000,11:26:10,11678,6114,32882,714482040,0,0,0
OI207,20220218,20220218,112610500,11:26:11,11678,6114,32882,714482040,0,0,0
OI207,20220218,20220218,112611000,11:26:11,11678,6114,32882,714482040,0,0,0
OI207,20220218,20220218,112611500,11:26:13,11678,6114,32882,714482040,0,0,0
OI207,20220218,20220218,112612000,11:26:14,11678,6114,32882,714482040,0,0,0
OI207,20220218,20220218,112612500,11:26:15,11681,6115,32882,714598900,1,0,116860
OI207,20220218,20220218,112613000,11:26:15,11681,6115,32882,714598900,0,0,0
OI207,20220218,20220218,112614000,11:26:15,11681,6115,32882,714598900,0,0,0
OI207,20220218,20220218,112615000,11:26:16,11681,6115,32882,714598900,0,0,0
OI207,20220218,20220218,112615500,11:26:16,11681,6115,32882,714598900,0,0,0
OI207,20220218,20220218,112616000,11:26:16,11681,6116,32883,714715760,1,1,116860
OI207,20220218,20220218,112616500,11:26:17,11681,6116,32883,714715760,0,0,0
OI207,20220218,20220218,112617000,11:26:17,11681,6116,32883,714715760,0,0,0
OI207,20220218,20220218,112617500,11:26:17,11681,6116,32883,714715760,0,0,0
OI207,20220218,20220218,112618500,11:26:19,11681,6116,32883,714715760,0,0,0
OI207,20220218,20220218,112619000,11:26:19,11681,6116,32883,714715760,0,0,0
OI207,20220218,20220218,112620500,11:26:20,11681,6116,32883,714715760,0,0,0
OI207,20220218,20220218,112621000,11:26:21,11684,6117,32882,714832620,1,-1,116860
OI207,20220218,20220218,112621500,11:26:21,11683,6118,32882,714949480,1,0,116860
OI207,20220218,20220218,112622000,11:26:22,11683,6119,32882,715066340,1,0,116860
OI207,20220218,20220218,112622500,11:26:23,11683,6119,32882,715066340,0,0,0
OI207,20220218,20220218,112623000,11:26:23,11683,6119,32882,715066340,0,0,0
OI207,20220218,20220218,112623500,11:26:23,11683,6119,32882,715066340,0,0,0
OI207,20220218,20220218,112624000,11:26:24,11683,6119,32882,715066340,0,0,0
OI207,20220218,20220218,112625500,11:26:25,11683,6119,32882,715066340,0,0,0
OI207,20220218,20220218,112626500,11:26:27,11683,6119,32882,715066340,0,0,0
OI207,20220218,20220218,112627000,11:26:27,11686,6120,32882,715183200,1,0,116860
OI207,20220218,20220218,112627500,11:26:27,11686,6121,32881,715300060,1,-1,116860
OI207,20220218,20220218,112628000,11:26:28,11686,6121,32881,715300060,0,0,0
OI207,20220218,20220218,112628500,11:26:28,11686,6121,32881,715300060,0,0,0
OI207,20220218,20220218,112629000,11:26:29,11686,6121,32881,715300060,0,0,0
OI207,20220218,20220218,112629500,11:26:30,11686,6121,32881,715300060,0,0,0
OI207,20220218,20220218,112630000,11:26:31,11686,6121,32881,715300060,0,0,0
OI207,20220218,20220218,112630500,11:26:31,11686,6121,32881,715300060,0,0,0
OI207,20220218,20220218,112631000,11:26:31,11686,6121,32881,715300060,0,0,0
OI207,20220218,20220218,112631500,11:26:32,11686,6121,32881,715300060,0,0,0
OI207,20220218,20220218,112632000,11:26:32,11686,6121,32881,715300060,0,0,0
OI207,20220218,20220218,112632500,11:26:32,11686,6121,32881,715300060,0,0,0
OI207,20220218,20220218,112633000,11:26:33,11686,6121,32881,715300060,0,0,0
OI207,20220218,20220218,112634500,11:26:37,11686,6121,32881,715300060,0,0,0
OI207,20220218,20220218,112635500,11:26:38,11686,6121,32881,715300060,0,0,0
OI207,20220218,20220218,112636500,11:26:38,11686,6121,32881,715300060,0,0,0
OI207,20220218,20220218,112653500,11:27:10,11686,6121,32881,715300060,0,0,0
OI207,20220218,20220218,112710000,11:27:12,11689,6124,32880,715650640,3,-1,350580
OI207,20220218,20220218,112710500,11:27:12,11689,6124,32880,715650640,0,0,0
OI207,20220218,20220218,112712000,11:27:12,11689,6124,32880,715650640,0,0,0
OI207,20220218,20220218,112712500,11:27:13,11689,6124,32880,715650640,0,0,0
OI207,20220218,20220218,112713000,11:27:14,11689,6124,32880,715650640,0,0,0
OI207,20220218,20220218,112716000,11:27:17,11689,6124,32880,715650640,0,0,0
OI207,20220218,20220218,112716500,11:27:17,11689,6124,32880,715650640,0,0,0
OI207,20220218,20220218,112717500,11:27:17,11687,6143,32880,717870980,19,0,2220340
OI207,20220218,20220218,112718000,11:27:18,11687,6144,32880,717987840,1,0,116860
OI207,20220218,20220218,112718500,11:27:19,11687,6144,32880,717987840,0,0,0
OI207,20220218,20220218,112719000,11:27:19,11687,6144,32880,717987840,0,0,0
OI207,20220218,20220218,112719500,11:27:20,11687,6144,32880,717987840,0,0,0
OI207,20220218,20220218,112720000,11:27:20,11687,6144,32880,717987840,0,0,0
OI207,20220218,20220218,112720500,11:27:21,11687,6144,32880,717987840,0,0,0
OI207,20220218,20220218,112721500,11:27:22,11687,6144,32880,717987840,0,0,0
OI207,20220218,20220218,112722000,11:27:22,11687,6144,32880,717987840,0,0,0
OI207,20220218,20220218,112722500,11:27:26,11687,6144,32880,717987840,0,0,0
OI207,20220218,20220218,112723500,11:27:27,11687,6144,32880,717987840,0,0,0
OI207,20220218,20220218,112724000,11:27:27,11687,6144,32880,717987840,0,0,0
OI207,20220218,20220218,112726500,11:27:27,11687,6144,32880,717987840,0,0,0
OI207,20220218,20220218,112727000,11:27:27,11687,6144,32880,717987840,0,0,0
OI207,20220218,20220218,112728000,11:27:28,11687,6144,32880,717987840,0,0,0
OI207,20220218,20220218,112729000,11:27:29,11687,6144,32880,717987840,0,0,0
OI207,20220218,20220218,112729500,11:27:30,11687,6144,32880,717987840,0,0,0
OI207,20220218,20220218,112730000,11:27:30,11687,6144,32880,717987840,0,0,0
OI207,20220218,20220218,112730500,11:27:31,11687,6144,32880,717987840,0,0,0
OI207,20220218,20220218,112731000,11:27:33,11687,6144,32880,717987840,0,0,0
OI207,20220218,20220218,112731500,11:27:35,11687,6144,32880,717987840,0,0,0
OI207,20220218,20220218,112735500,11:27:36,11687,6144,32880,717987840,0,0,0
OI207,20220218,20220218,112736000,11:27:37,11687,6144,32880,717987840,0,0,0
OI207,20220218,20220218,112736500,11:27:38,11687,6144,32880,717987840,0,0,0
OI207,20220218,20220218,112737500,11:27:38,11687,6144,32880,717987840,0,0,0
OI207,20220218,20220218,112738000,11:27:39,11687,6144,32880,717987840,0,0,0
OI207,20220218,20220218,112738500,11:27:39,11687,6144,32880,717987840,0,0,0
OI207,20220218,20220218,112740000,11:27:40,11687,6144,32880,717987840,0,0,0
OI207,20220218,20220218,112741000,11:27:41,11687,6144,32880,717987840,0,0,0
OI207,20220218,20220218,112741500,11:27:42,11688,6158,32883,719623880,14,3,1636040
OI207,20220218,20220218,112742000,11:27:42,11688,6162,32879,720091320,4,-4,467440
OI207,20220218,20220218,112742500,11:27:43,11688,6163,32879,720208180,1,0,116860
OI207,20220218,20220218,112743000,11:27:43,11688,6163,32879,720208180,0,0,0
OI207,20220218,20220218,112743500,11:27:44,11688,6163,32879,720208180,0,0,0
OI207,20220218,20220218,112744000,11:27:44,11688,6163,32879,720208180,0,0,0
OI207,20220218,20220218,112744500,11:27:45,11688,6163,32879,720208180,0,0,0
OI207,20220218,20220218,112745000,11:27:46,11688,6163,32879,720208180,0,0,0
OI207,20220218,20220218,112745500,11:27:46,11688,6163,32879,720208180,0,0,0
OI207,20220218,20220218,112746000,11:27:46,11688,6163,32879,720208180,0,0,0
OI207,20220218,20220218,112746500,11:27:47,11688,6163,32879,720208180,0,0,0
OI207,20220218,20220218,112747500,11:27:48,11688,6163,32879,720208180,0,0,0
OI207,20220218,20220218,112748000,11:27:53,11688,6163,32879,720208180,0,0,0
OI207,20220218,20220218,112748500,11:27:54,11688,6163,32879,720208180,0,0,0
OI207,20220218,20220218,112749000,11:27:54,11688,6163,32879,720208180,0,0,0
OI207,20220218,20220218,112749500,11:27:54,11688,6163,32879,720208180,0,0,0
OI207,20220218,20220218,112754000,11:27:54,11688,6163,32879,720208180,0,0,0
OI207,20220218,20220218,112754500,11:27:55,11688,6163,32879,720208180,0,0,0
OI207,20220218,20220218,112755500,11:27:55,11688,6163,32879,720208180,0,0,0
OI207,20220218,20220218,112756000,11:27:56,11688,6163,32879,720208180,0,0,0
OI207,20220218,20220218,112758000,11:27:58,11688,6168,32878,720792480,5,-1,584300
OI207,20220218,20220218,112758500,11:27:59,11688,6168,32878,720792480,0,0,0
OI207,20220218,20220218,112759000,11:27:59,11688,6168,32878,720792480,0,0,0
OI207,20220218,20220218,112759500,11:27:59,11688,6168,32878,720792480,0,0,0
OI207,20220218,20220218,112800000,11:28:01,11688,6168,32878,720792480,0,0,0
OI207,20220218,20220218,112800500,11:28:01,11688,6168,32878,720792480,0,0,0
OI207,20220218,20220218,112801000,11:28:01,11688,6168,32878,720792480,0,0,0
OI207,20220218,20220218,112801500,11:28:02,11688,6168,32878,720792480,0,0,0
OI207,20220218,20220218,112802000,11:28:03,11688,6168,32878,720792480,0,0,0
OI207,20220218,20220218,112802500,11:28:03,11688,6168,32878,720792480,0,0,0
OI207,20220218,20220218,112804000,11:28:05,11687,6189,32879,723246540,21,1,2454060
OI207,20220218,20220218,112804500,11:28:06,11687,6190,32879,723363400,1,0,116860
OI207,20220218,20220218,112805000,11:28:06,11687,6190,32879,723363400,0,0,0
OI207,20220218,20220218,112805500,11:28:07,11687,6190,32879,723363400,0,0,0
OI207,20220218,20220218,112806000,11:28:10,11687,6190,32879,723363400,0,0,0
OI207,20220218,20220218,112806500,11:28:10,11687,6190,32879,723363400,0,0,0
OI207,20220218,20220218,112807000,11:28:10,11687,6190,32879,723363400,0,0,0
OI207,20220218,20220218,112813500,11:28:14,11688,6244,32876,729673840,54,-3,6310440
OI207,20220218,20220218,112814000,11:28:14,11688,6260,32877,731543600,16,1,1869760
OI207,20220218,20220218,112814500,11:28:15,11688,6260,32877,731543600,0,0,0
OI207,20220218,20220218,112815000,11:28:15,11688,6260,32877,731543600,0,0,0
OI207,20220218,20220218,112815500,11:28:15,11688,6262,32877,731777320,2,0,233720
OI207,20220218,20220218,112816000,11:28:16,11688,6263,32877,731894180,1,0,116860
OI207,20220218,20220218,112816500,11:28:16,11688,6263,32877,731894180,0,0,0
OI207,20220218,20220218,112817000,11:28:17,11688,6263,32877,731894180,0,0,0
OI207,20220218,20220218,112817500,11:28:17,11688,6263,32877,731894180,0,0,0
OI207,20220218,20220218,112818000,11:28:18,11688,6263,32877,731894180,0,0,0
OI207,20220218,20220218,112819500,11:28:20,11688,6263,32877,731894180,0,0,0
OI207,20220218,20220218,112820000,11:28:20,11688,6267,32877,732361620,4,0,467440
OI207,20220218,20220218,112820500,11:28:21,11688,6267,32877,732361620,0,0,0
OI207,20220218,20220218,112821000,11:28:21,11688,6267,32877,732361620,0,0,0
OI207,20220218,20220218,112823500,11:28:24,11688,6267,32877,732361620,0,0,0
OI207,20220218,20220218,112826000,11:28:26,11688,6267,32877,732361620,0,0,0
OI207,20220218,20220218,112826500,11:28:27,11687,6271,32875,732829060,4,-2,467440
OI207,20220218,20220218,112827000,11:28:27,11687,6271,32875,732829060,0,0,0
OI207,20220218,20220218,112827500,11:28:27,11687,6271,32875,732829060,0,0,0
OI207,20220218,20220218,112828500,11:28:28,11688,6273,32877,733062780,2,2,233720
OI207,20220218,20220218,112829000,11:28:29,11688,6273,32877,733062780,0,0,0
OI207,20220218,20220218,112829500,11:28:29,11688,6273,32877,733062780,0,0,0
OI207,20220218,20220218,112832500,11:28:33,11688,6273,32877,733062780,0,0,0
OI207,20220218,20220218,112833000,11:28:33,11688,6273,32877,733062780,0,0,0
OI207,20220218,20220218,112836500,11:28:37,11688,6273,32877,733062780,0,0,0
OI207,20220218,20220218,112837000,11:28:37,11688,6273,32877,733062780,0,0,0
OI207,20220218,20220218,112838500,11:28:38,11683,6275,32875,733296500,2,-2,233720
OI207,20220218,20220218,112839000,11:28:40,11683,6275,32875,733296500,0,0,0
OI207,20220218,20220218,112840000,11:28:40,11683,6275,32875,733296500,0,0,0
OI207,20220218,20220218,112840500,11:28:40,11683,6275,32875,733296500,0,0,0
OI207,20220218,20220218,112845000,11:28:45,11683,6275,32875,733296500,0,0,0
OI207,20220218,20220218,112845500,11:28:45,11683,6275,32875,733296500,0,0,0
OI207,20220218,20220218,112846000,11:28:46,11683,6275,32875,733296500,0,0,0
OI207,20220218,20220218,112846500,11:28:46,11683,6275,32875,733296500,0,0,0
OI207,20220218,20220218,112847000,11:28:47,11683,6275,32875,733296500,0,0,0
OI207,20220218,20220218,112847500,11:28:48,11683,6275,32875,733296500,0,0,0
OI207,20220218,20220218,112848000,11:28:48,11683,6275,32875,733296500,0,0,0
OI207,20220218,20220218,112848500,11:28:48,11683,6275,32875,733296500,0,0,0
OI207,20220218,20220218,112849000,11:28:49,11683,6275,32875,733296500,0,0,0
OI207,20220218,20220218,112850500,11:28:51,11683,6275,32875,733296500,0,0,0
OI207,20220218,20220218,112851000,11:28:51,11683,6275,32875,733296500,0,0,0
OI207,20220218,20220218,112851500,11:28:52,11685,6276,32874,733413360,1,-1,116860
OI207,20220218,20220218,112852000,11:28:53,11685,6279,32871,733763940,3,-3,350580
OI207,20220218,20220218,112852500,11:28:54,11685,6279,32871,733763940,0,0,0
OI207,20220218,20220218,112853000,11:28:54,11685,6279,32871,733763940,0,0,0
OI207,20220218,20220218,112854500,11:28:54,11685,6279,32871,733763940,0,0,0
OI207,20220218,20220218,112855000,11:28:55,11685,6279,32871,733763940,0,0,0
OI207,20220218,20220218,112856500,11:28:56,11685,6279,32871,733763940,0,0,0
OI207,20220218,20220218,112857500,11:28:58,11685,6279,32871,733763940,0,0,0
OI207,20220218,20220218,112858000,11:28:59,11685,6279,32871,733763940,0,0,0
OI207,20220218,20220218,112900000,11:29:00,11685,6279,32871,733763940,0,0,0
OI207,20220218,20220218,112900500,11:29:01,11685,6279,32871,733763940,0,0,0
OI207,20220218,20220218,112901000,11:29:01,11685,6279,32871,733763940,0,0,0
OI207,20220218,20220218,112901500,11:29:02,11685,6279,32871,733763940,0,0,0
OI207,20220218,20220218,112902000,11:29:03,11686,6280,32872,733880800,1,1,116860
OI207,20220218,20220218,112902500,11:29:03,11686,6280,32872,733880800,0,0,0
OI207,20220218,20220218,112905500,11:29:06,11686,6280,32872,733880800,0,0,0
OI207,20220218,20220218,112907000,11:29:08,11686,6280,32872,733880800,0,0,0
OI207,20220218,20220218,112907500,11:29:08,11686,6280,32872,733880800,0,0,0
OI207,20220218,20220218,112908000,11:29:08,11686,6280,32872,733880800,0,0,0
OI207,20220218,20220218,112908500,11:29:08,11686,6280,32872,733880800,0,0,0
OI207,20220218,20220218,112909000,11:29:09,11686,6280,32872,733880800,0,0,0
OI207,20220218,20220218,112909500,11:29:09,11686,6280,32872,733880800,0,0,0
OI207,20220218,20220218,112910000,11:29:10,11686,6280,32872,733880800,0,0,0
OI207,20220218,20220218,112911000,11:29:11,11686,6280,32872,733880800,0,0,0
OI207,20220218,20220218,112911500,11:29:12,11686,6280,32872,733880800,0,0,0
OI207,20220218,20220218,112912000,11:29:12,11686,6280,32872,733880800,0,0,0
OI207,20220218,20220218,112913500,11:29:14,11686,6280,32872,733880800,0,0,0
OI207,20220218,20220218,112914000,11:29:14,11686,6280,32872,733880800,0,0,0
OI207,20220218,20220218,112915000,11:29:15,11686,6280,32872,733880800,0,0,0
OI207,20220218,20220218,112915500,11:29:16,11686,6280,32872,733880800,0,0,0
OI207,20220218,20220218,112916000,11:29:16,11686,6280,32872,733880800,0,0,0
OI207,20220218,20220218,112916500,11:29:20,11686,6280,32872,733880800,0,0,0
OI207,20220218,20220218,112917000,11:29:20,11686,6280,32872,733880800,0,0,0
OI207,20220218,20220218,112917500,11:29:21,11686,6280,32872,733880800,0,0,0
OI207,20220218,20220218,112918000,11:29:21,11686,6280,32872,733880800,0,0,0
OI207,20220218,20220218,112920500,11:29:21,11686,6280,32872,733880800,0,0,0
OI207,20220218,20220218,112921000,11:29:22,11686,6280,32872,733880800,0,0,0
OI207,20220218,20220218,112922000,11:29:24,11686,6280,32872,733880800,0,0,0
OI207,20220218,20220218,112922500,11:29:24,11686,6280,32872,733880800,0,0,0
OI207,20220218,20220218,112923000,11:29:24,11686,6280,32872,733880800,0,0,0
OI207,20220218,20220218,112925000,11:29:25,11684,6281,32871,733997660,1,-1,116860
OI207,20220218,20220218,112925500,11:29:25,11684,6281,32871,733997660,0,0,0
OI207,20220218,20220218,112926000,11:29:26,11684,6281,32871,733997660,0,0,0
OI207,20220218,20220218,112928000,11:29:28,11684,6281,32871,733997660,0,0,0
OI207,20220218,20220218,112928500,11:29:29,11684,6281,32871,733997660,0,0,0
OI207,20220218,20220218,112929500,11:29:30,11684,6282,32871,734114520,1,0,116860
OI207,20220218,20220218,112930500,11:29:31,11684,6282,32871,734114520,0,0,0
OI207,20220218,20220218,112931000,11:29:32,11687,6283,32871,734231380,1,0,116860
OI207,20220218,20220218,112931500,11:29:32,11687,6283,32871,734231380,0,0,0
OI207,20220218,20220218,112933500,11:29:38,11687,6283,32871,734231380,0,0,0
OI207,20220218,20220218,112935500,11:29:38,11687,6283,32871,734231380,0,0,0
OI207,20220218,20220218,112937500,11:29:38,11687,6283,32871,734231380,0,0,0
OI207,20220218,20220218,112940500,11:29:40,11687,6283,32871,734231380,0,0,0
OI207,20220218,20220218,112941000,11:29:41,11687,6283,32871,734231380,0,0,0
OI207,20220218,20220218,112941500,11:29:42,11687,6283,32871,734231380,0,0,0
OI207,20220218,20220218,112942000,11:29:44,11687,6283,32871,734231380,0,0,0
OI207,20220218,20220218,112942500,11:29:45,11689,6284,32871,734348240,1,0,116860
OI207,20220218,20220218,112943000,11:29:45,11689,6284,32871,734348240,0,0,0
OI207,20220218,20220218,112943500,11:29:45,11689,6284,32871,734348240,0,0,0
OI207,20220218,20220218,112944500,11:29:45,11689,6284,32871,734348240,0,0,0
OI207,20220218,20220218,112945500,11:29:46,11689,6284,32871,734348240,0,0,0
OI207,20220218,20220218,112946000,11:29:47,11689,6284,32871,734348240,0,0,0
OI207,20220218,20220218,112947500,11:29:48,11689,6284,32871,734348240,0,0,0
OI207,20220218,20220218,112948000,11:29:49,11688,6290,32871,735049400,6,0,701160
OI207,20220218,20220218,112948500,11:29:50,11688,6290,32871,735049400,0,0,0
OI207,20220218,20220218,112949000,11:29:50,11688,6290,32871,735049400,0,0,0
OI207,20220218,20220218,112949500,11:29:50,11688,6290,32871,735049400,0,0,0
OI207,20220218,20220218,112950000,11:29:51,11688,6290,32871,735049400,0,0,0
OI207,20220218,20220218,112951500,11:29:52,11690,6293,32873,735399980,3,2,350580
OI207,20220218,20220218,112953500,11:29:54,11690,6293,32873,735399980,0,0,0
OI207,20220218,20220218,112954000,11:29:54,11690,6293,32873,735399980,0,0,0
OI207,20220218,20220218,112954500,11:29:54,11690,6293,32873,735399980,0,0,0
OI207,20220218,20220218,112957000,11:30:00,11690,6293,32873,735399980,0,0,0
OI207,20220218,20220218,112959500,11:30:02,11690,6293,32873,735399980,0,0,0
OI207,20220218,20220218,113000000,11:30:03,11690,6293,32873,735399980,0,0,0
OI207,20220218,20220218,133001000,13:30:01,11681,6309,32859,737269740,16,-14,1869760
OI207,20220218,20220218,133001500,13:30:02,11691,6313,32858,737737180,4,-1,467440
OI207,20220218,20220218,133002000,13:30:08,11692,6315,32857,737970900,2,-1,233720
OI207,20220218,20220218,133002500,13:30:10,11690,6320,32855,738555200,5,-2,584300
OI207,20220218,20220218,133008000,13:30:10,11687,6328,32854,739490080,8,-1,934880
OI207,20220218,20220218,133009500,13:30:10,11687,6328,32854,739490080,0,0,0
OI207,20220218,20220218,133010000,13:30:11,11687,6328,32854,739490080,0,0,0
OI207,20220218,20220218,133010500,13:30:12,11687,6328,32854,739490080,0,0,0
OI207,20220218,20220218,133012500,13:30:13,11687,6328,32854,739490080,0,0,0
OI207,20220218,20220218,133013000,13:30:14,11685,6331,32853,739840660,3,-1,350580
OI207,20220218,20220218,133013500,13:30:14,11685,6331,32853,739840660,0,0,0
OI207,20220218,20220218,133014000,13:30:16,11685,6331,32853,739840660,0,0,0
OI207,20220218,20220218,133014500,13:30:16,11685,6331,32853,739840660,0,0,0
OI207,20220218,20220218,133015000,13:30:17,11685,6331,32853,739840660,0,0,0
OI207,20220218,20220218,133016500,13:30:18,11685,6331,32853,739840660,0,0,0
OI207,20220218,20220218,133017000,13:30:18,11685,6331,32853,739840660,0,0,0
OI207,20220218,20220218,133017500,13:30:18,11685,6331,32853,739840660,0,0,0
OI207,20220218,20220218,133018000,13:30:19,11685,6331,32853,739840660,0,0,0
OI207,20220218,20220218,133018500,13:30:20,11685,6331,32853,739840660,0,0,0
OI207,20220218,20220218,133019000,13:30:20,11685,6332,32854,739957520,1,1,116860
OI207,20220218,20220218,133019500,13:30:21,11685,6332,32854,739957520,0,0,0
OI207,20220218,20220218,133020000,13:30:21,11685,6332,32854,739957520,0,0,0
OI207,20220218,20220218,133020500,13:30:21,11685,6332,32854,739957520,0,0,0
OI207,20220218,20220218,133021000,13:30:21,11685,6332,32854,739957520,0,0,0
OI207,20220218,20220218,133021500,13:30:22,11685,6332,32854,739957520,0,0,0
OI207,20220218,20220218,133022000,13:30:38,11683,6333,32855,740074380,1,1,116860
OI207,20220218,20220218,133022500,13:30:38,11683,6333,32855,740074380,0,0,0
OI207,20220218,20220218,133023000,13:30:40,11683,6335,32855,740308100,2,0,233720
OI207,20220218,20220218,133037500,13:30:40,11683,6335,32855,740308100,0,0,0
OI207,20220218,20220218,133040500,13:30:42,11683,6335,32855,740308100,0,0,0
OI207,20220218,20220218,133042000,13:30:44,11683,6335,32855,740308100,0,0,0
OI207,20220218,20220218,133042500,13:30:44,11683,6335,32855,740308100,0,0,0
OI207,20220218,20220218,133043000,13:30:44,11683,6335,32855,740308100,0,0,0
OI207,20220218,20220218,133044500,13:30:46,11683,6335,32855,740308100,0,0,0
OI207,20220218,20220218,133045000,13:30:46,11683,6335,32855,740308100,0,0,0
OI207,20220218,20220218,133045500,13:30:47,11683,6335,32855,740308100,0,0,0
OI207,20220218,20220218,133046000,13:30:47,11683,6335,32855,740308100,0,0,0
OI207,20220218,20220218,133046500,13:30:47,11679,6345,32851,741476700,10,-4,1168600
OI207,20220218,20220218,133048000,13:30:49,11679,6345,32851,741476700,0,0,0
OI207,20220218,20220218,133048500,13:30:49,11679,6345,32851,741476700,0,0,0
OI207,20220218,20220218,133049000,13:30:50,11681,6346,32851,741593560,1,0,116860
OI207,20220218,20220218,133049500,13:30:50,11682,6347,32850,741710420,1,-1,116860
OI207,20220218,20220218,133050000,13:30:51,11682,6348,32849,741827280,1,-1,116860
OI207,20220218,20220218,133052000,13:30:53,11682,6348,32849,741827280,0,0,0
OI207,20220218,20220218,133052500,13:30:54,11682,6348,32849,741827280,0,0,0
OI207,20220218,20220218,133054500,13:30:55,11682,6348,32849,741827280,0,0,0
OI207,20220218,20220218,133055000,13:30:56,11682,6348,32849,741827280,0,0,0
OI207,20220218,20220218,133055500,13:30:56,11682,6348,32849,741827280,0,0,0
OI207,20220218,20220218,133056000,13:30:57,11682,6348,32849,741827280,0,0,0
OI207,20220218,20220218,133056500,13:30:57,11682,6348,32849,741827280,0,0,0
OI207,20220218,20220218,133057000,13:30:58,11682,6348,32849,741827280,0,0,0
OI207,20220218,20220218,133057500,13:30:58,11682,6348,32849,741827280,0,0,0
OI207,20220218,20220218,133058000,13:30:58,11682,6348,32849,741827280,0,0,0
OI207,20220218,20220218,133058500,13:30:59,11682,6348,32849,741827280,0,0,0
OI207,20220218,20220218,133059000,13:30:59,11682,6348,32849,741827280,0,0,0
OI207,20220218,20220218,133059500,13:30:59,11682,6348,32849,741827280,0,0,0
OI207,20220218,20220218,133100000,13:31:00,11682,6348,32849,741827280,0,0,0
OI207,20220218,20220218,133100500,13:31:01,11682,6348,32849,741827280,0,0,0
OI207,20220218,20220218,133101000,13:31:01,11686,6349,32848,741944140,1,-1,116860
OI207,20220218,20220218,133101500,13:31:01,11688,6350,32847,742061000,1,-1,116860
OI207,20220218,20220218,133102000,13:31:02,11688,6350,32847,742061000,0,0,0
OI207,20220218,20220218,133102500,13:31:03,11688,6350,32847,742061000,0,0,0
OI207,20220218,20220218,133103000,13:31:03,11688,6350,32847,742061000,0,0,0
OI207,20220218,20220218,133103500,13:31:05,11688,6350,32847,742061000,0,0,0
OI207,20220218,20220218,133104000,13:31:06,11688,6350,32847,742061000,0,0,0
OI207,20220218,20220218,133104500,13:31:07,11688,6350,32847,742061000,0,0,0
OI207,20220218,20220218,133107000,13:31:08,11688,6350,32847,742061000,0,0,0
OI207,20220218,20220218,133108500,13:31:09,11688,6350,32847,742061000,0,0,0
OI207,20220218,20220218,133109000,13:31:10,11688,6350,32847,742061000,0,0,0
OI207,20220218,20220218,133109500,13:31:10,11688,6350,32847,742061000,0,0,0
OI207,20220218,20220218,133110000,13:31:11,11688,6350,32847,742061000,0,0,0
OI207,20220218,20220218,133110500,13:31:11,11688,6350,32847,742061000,0,0,0
OI207,20220218,20220218,133111000,13:31:12,11688,6350,32847,742061000,0,0,0
OI207,20220218,20220218,133111500,13:31:12,11688,6350,32847,742061000,0,0,0
OI207,20220218,20220218,133112000,13:31:13,11688,6350,32847,742061000,0,0,0
OI207,20220218,20220218,133112500,13:31:13,11688,6350,32847,742061000,0,0,0
OI207,20220218,20220218,133113000,13:31:14,11688,6350,32847,742061000,0,0,0
OI207,20220218,20220218,133113500,13:31:15,11688,6350,32847,742061000,0,0,0
OI207,20220218,20220218,133114500,13:31:15,11688,6350,32847,742061000,0,0,0
OI207,20220218,20220218,133115000,13:31:15,11688,6350,32847,742061000,0,0,0
OI207,20220218,20220218,133115500,13:31:16,11688,6350,32847,742061000,0,0,0
OI207,20220218,20220218,133116000,13:31:16,11693,6352,32847,742294720,2,0,233720
OI207,20220218,20220218,133116500,13:31:17,11695,6353,32846,742411580,1,-1,116860
OI207,20220218,20220218,133117000,13:31:18,11698,6355,32846,742645300,2,0,233720
OI207,20220218,20220218,133117500,13:31:18,11699,6357,32845,742879020,2,-1,233720
OI207,20220218,20220218,133118000,13:31:19,11699,6357,32845,742879020,0,0,0
OI207,20220218,20220218,133118500,13:31:19,11699,6357,32845,742879020,0,0,0
OI207,20220218,20220218,133119000,13:31:20,11699,6357,32845,742879020,0,0,0
OI207,20220218,20220218,133120000,13:31:20,11699,6357,32845,742879020,0,0,0
OI207,20220218,20220218,133120500,13:31:21,11699,6357,32845,742879020,0,0,0
OI207,20220218,20220218,133121000,13:31:21,11699,6357,32845,742879020,0,0,0
OI207,20220218,20220218,133121500,13:31:22,11699,6357,32845,742879020,0,0,0
OI207,20220218,20220218,133122000,13:31:23,11699,6359,32845,743112740,2,0,233720
OI207,20220218,20220218,133122500,13:31:25,11699,6359,32845,743112740,0,0,0
OI207,20220218,20220218,133123000,13:31:25,11700,6360,32845,743229600,1,0,116860
OI207,20220218,20220218,133123500,13:31:25,11701,6361,32844,743346460,1,-1,116860
OI207,20220218,20220218,133124500,13:31:25,11701,6361,32844,743346460,0,0,0
OI207,20220218,20220218,133156000,13:31:56,11704,6362,32843,743463320,1,-1,116860
OI207,20220218,20220218,133158000,13:31:58,11704,6363,32843,743580180,1,0,116860
OI207,20220218,20220218,133158500,13:31:58,11704,6363,32843,743580180,0,0,0
OI207,20220218,20220218,133159500,13:32:00,11710,6365,32843,743813900,2,0,233720
OI207,20220218,20220218,133200000,13:32:01,11710,6411,32844,749189460,46,1,5375560
OI207,20220218,20220218,133200500,13:32:01,11711,6412,32844,749306320,1,0,116860
OI207,20220218,20220218,133201000,13:32:01,11711,6412,32844,749306320,0,0,0
OI207,20220218,20220218,133201500,13:32:01,11711,6412,32844,749306320,0,0,0
OI207,20220218,20220218,133202000,13:32:03,11711,6412,32844,749306320,0,0,0
OI207,20220218,20220218,133202500,13:32:04,11711,6412,32844,749306320,0,0,0
OI207,20220218,20220218,133203000,13:32:05,11711,6412,32844,749306320,0,0,0
OI207,20220218,20220218,133205000,13:32:05,11711,6412,32844,749306320,0,0,0
OI207,20220218,20220218,133206000,13:32:07,11711,6412,32844,749306320,0,0,0
OI207,20220218,20220218,133206500,13:32:07,11711,6412,32844,749306320,0,0,0
OI207,20220218,20220218,133208500,13:32:10,11711,6412,32844,749306320,0,0,0
OI207,20220218,20220218,133209000,13:32:10,11711,6412,32844,749306320,0,0,0
OI207,20220218,20220218,133209500,13:32:10,11713,6414,32842,749540040,2,-2,233720
OI207,20220218,20220218,133210000,13:32:11,11713,6414,32842,749540040,0,0,0
OI207,20220218,20220218,133210500,13:32:14,11713,6414,32842,749540040,0,0,0
OI207,20220218,20220218,133211000,13:32:14,11713,6414,32842,749540040,0,0,0
OI207,20220218,20220218,133213000,13:32:15,11713,6414,32842,749540040,0,0,0
OI207,20220218,20220218,133214000,13:32:15,11713,6414,32842,749540040,0,0,0
OI207,20220218,20220218,133215000,13:32:16,11711,6422,32843,750474920,8,1,934880
OI207,20220218,20220218,133215500,13:32:16,11711,6422,32843,750474920,0,0,0
OI207,20220218,20220218,133216500,13:32:17,11711,6422,32843,750474920,0,0,0
OI207,20220218,20220218,133217000,13:32:18,11711,6422,32843,750474920,0,0,0
OI207,20220218,20220218,133217500,13:32:18,11711,6422,32843,750474920,0,0,0
OI207,20220218,20220218,133218000,13:32:18,11711,6422,32843,750474920,0,0,0
OI207,20220218,20220218,133218500,13:32:19,11711,6422,32843,750474920,0,0,0
OI207,20220218,20220218,133219000,13:32:20,11711,6422,32843,750474920,0,0,0
OI207,20220218,20220218,133219500,13:32:20,11711,6422,32843,750474920,0,0,0
OI207,20220218,20220218,133221000,13:32:21,11711,6422,32843,750474920,0,0,0
OI207,20220218,20220218,133222000,13:32:23,11711,6422,32843,750474920,0,0,0
OI207,20220218,20220218,133222500,13:32:24,11711,6422,32843,750474920,0,0,0
OI207,20220218,20220218,133223000,13:32:24,11711,6422,32843,750474920,0,0,0
OI207,20220218,20220218,133223500,13:32:24,11715,6423,32842,750591780,1,-1,116860
OI207,20220218,20220218,133224500,13:32:25,11715,6423,32842,750591780,0,0,0
OI207,20220218,20220218,133225000,13:32:25,11715,6423,32842,750591780,0,0,0
OI207,20220218,20220218,133225500,13:32:26,11715,6423,32842,750591780,0,0,0
OI207,20220218,20220218,133227000,13:32:27,11715,6424,32841,750708640,1,-1,116860
OI207,20220218,20220218,133232000,13:32:34,11711,6427,32841,751059220,3,0,350580
OI207,20220218,20220218,133232500,13:32:35,11711,6427,32841,751059220,0,0,0
OI207,20220218,20220218,133234500,13:32:35,11711,6427,32841,751059220,0,0,0
OI207,20220218,20220218,133235500,13:32:36,11711,6427,32841,751059220,0,0,0
OI207,20220218,20220218,133236000,13:32:37,11711,6427,32841,751059220,0,0,0
OI207,20220218,20220218,133236500,13:32:37,11711,6427,32841,751059220,0,0,0
OI207,20220218,20220218,133237000,13:32:37,11711,6427,32841,751059220,0,0,0
OI207,20220218,20220218,133238000,13:32:38,11711,6427,32841,751059220,0,0,0
OI207,20220218,20220218,133238500,13:32:39,11711,6427,32841,751059220,0,0,0
OI207,20220218,20220218,133239500,13:32:40,11711,6427,32841,751059220,0,0,0
OI207,20220218,20220218,133240000,13:32:40,11711,6427,32841,751059220,0,0,0
OI207,20220218,20220218,133240500,13:32:41,11711,6427,32841,751059220,0,0,0
OI207,20220218,20220218,133241000,13:32:41,11711,6427,32841,751059220,0,0,0
OI207,20220218,20220218,133244500,13:32:45,11711,6433,32840,751760380,6,-1,701160
OI207,20220218,20220218,133245000,13:32:45,11710,6434,32840,751877240,1,0,116860
OI207,20220218,20220218,133246000,13:32:47,11709,6435,32840,751994100,1,0,116860
OI207,20220218,20220218,133246500,13:32:47,11709,6435,32840,751994100,0,0,0
OI207,20220218,20220218,133247000,13:32:47,11709,6435,32840,751994100,0,0,0
OI207,20220218,20220218,133247500,13:32:48,11709,6435,32840,751994100,0,0,0
OI207,20220218,20220218,133248000,13:32:48,11706,6436,32840,752110960,1,0,116860
OI207,20220218,20220218,133248500,13:32:49,11706,6436,32840,752110960,0,0,0
OI207,20220218,20220218,133249500,13:32:50,11706,6436,32840,752110960,0,0,0
OI207,20220218,20220218,133250500,13:32:52,11706,6436,32840,752110960,0,0,0
OI207,20220218,20220218,133251000,13:32:53,11706,6436,32840,752110960,0,0,0
OI207,20220218,20220218,133251500,13:32:53,11706,6436,32840,752110960,0,0,0
OI207,20220218,20220218,133252500,13:32:53,11704,6444,32835,753045840,8,-5,934880
OI207,20220218,20220218,133253000,13:32:53,11707,6446,32837,753279560,2,2,233720
OI207,20220218,20220218,133254000,13:32:54,11707,6446,32837,753279560,0,0,0
OI207,20220218,20220218,133254500,13:32:55,11707,6446,32837,753279560,0,0,0
OI207,20220218,20220218,133255500,13:32:56,11707,6446,32837,753279560,0,0,0
OI207,20220218,20220218,133256000,13:32:56,11707,6446,32837,753279560,0,0,0
OI207,20220218,20220218,133256500,13:32:58,11707,6446,32837,753279560,0,0,0
OI207,20220218,20220218,133257000,13:32:59,11707,6446,32837,753279560,0,0,0
OI207,20220218,20220218,133257500,13:33:00,11707,6446,32837,753279560,0,0,0
OI207,20220218,20220218,133258000,13:33:00,11707,6446,32837,753279560,0,0,0
OI207,20220218,20220218,133259500,13:33:00,11707,6446,32837,753279560,0,0,0
OI207,20220218,20220218,133300000,13:33:01,11707,6446,32837,753279560,0,0,0
OI207,20220218,20220218,133300500,13:33:02,11707,6446,32837,753279560,0,0,0
OI207,20220218,20220218,133301000,13:33:02,11707,6446,32837,753279560,0,0,0
OI207,20220218,20220218,133301500,13:33:02,11707,6446,32837,753279560,0,0,0
OI207,20220218,20220218,133302000,13:33:03,11707,6446,32837,753279560,0,0,0
OI207,20220218,20220218,133302500,13:33:03,11707,6446,32837,753279560,0,0,0
OI207,20220218,20220218,133303500,13:33:04,11707,6446,32837,753279560,0,0,0
OI207,20220218,20220218,133304000,13:33:04,11707,6446,32837,753279560,0,0,0
OI207,20220218,20220218,133304500,13:33:05,11707,6446,32837,753279560,0,0,0
OI207,20220218,20220218,133305500,13:33:05,11707,6446,32837,753279560,0,0,0
OI207,20220218,20220218,133306000,13:33:06,11707,6446,32837,753279560,0,0,0
OI207,20220218,20220218,133306500,13:33:06,11707,6446,32837,753279560,0,0,0
OI207,20220218,20220218,133309500,13:33:11,11710,6447,32837,753396420,1,0,116860
OI207,20220218,20220218,133310000,13:33:11,11710,6448,32836,753513280,1,-1,116860
OI207,20220218,20220218,133311000,13:33:12,11710,6450,32836,753747000,2,0,233720
OI207,20220218,20220218,133311500,13:33:14,11709,6451,32835,753863860,1,-1,116860
OI207,20220218,20220218,133313500,13:33:14,11709,6451,32835,753863860,0,0,0
OI207,20220218,20220218,133314000,13:33:17,11709,6451,32835,753863860,0,0,0
OI207,20220218,20220218,133316500,13:33:18,11710,6452,32836,753980720,1,1,116860
OI207,20220218,20220218,133319000,13:33:20,11709,6453,32836,754097580,1,0,116860
OI207,20220218,20220218,133320000,13:33:21,11711,6454,32836,754214440,1,0,116860
OI207,20220218,20220218,133320500,13:33:21,11711,6454,32836,754214440,0,0,0
OI207,20220218,20220218,133322000,13:33:22,11711,6454,32836,754214440,0,0,0
OI207,20220218,20220218,133322500,13:33:22,11711,6454,32836,754214440,0,0,0
OI207,20220218,20220218,133323500,13:33:24,11710,6455,32835,754331300,1,-1,116860
OI207,20220218,20220218,133324000,13:33:24,11711,6458,32834,754681880,3,-1,350580
OI207,20220218,20220218,133324500,13:33:25,11711,6458,32834,754681880,0,0,0
OI207,20220218,20220218,133325000,13:33:26,11711,6458,32834,754681880,0,0,0
OI207,20220218,20220218,133325500,13:33:27,11711,6458,32834,754681880,0,0,0
OI207,20220218,20220218,133327000,13:33:29,11710,6459,32834,754798740,1,0,116860
OI207,20220218,20220218,133328500,13:33:30,11710,6459,32834,754798740,0,0,0
OI207,20220218,20220218,133329500,13:33:30,11710,6459,32834,754798740,0,0,0
OI207,20220218,20220218,133330000,13:33:30,11710,6459,32834,754798740,0,0,0
OI207,20220218,20220218,133331500,13:33:32,11710,6459,32834,754798740,0,0,0
OI207,20220218,20220218,133332500,13:33:33,11710,6459,32834,754798740,0,0,0
OI207,20220218,20220218,133333000,13:33:33,11710,6459,32834,754798740,0,0,0
OI207,20220218,20220218,133333500,13:33:34,11710,6461,32834,755032460,2,0,233720
OI207,20220218,20220218,133334000,13:33:34,11710,6461,32834,755032460,0,0,0
OI207,20220218,20220218,133334500,13:33:35,11710,6461,32834,755032460,0,0,0
OI207,20220218,20220218,133335000,13:33:35,11710,6461,32834,755032460,0,0,0
OI207,20220218,20220218,133336000,13:33:36,11710,6461,32834,755032460,0,0,0
OI207,20220218,20220218,133336500,13:33:36,11710,6461,32834,755032460,0,0,0
OI207,20220218,20220218,133337500,13:33:37,11710,6461,32834,755032460,0,0,0
OI207,20220218,20220218,133338000,13:33:38,11711,6462,32835,755149320,1,1,116860
OI207,20220218,20220218,133338500,13:33:39,11710,6464,32835,755383040,2,0,233720
OI207,20220218,20220218,133342500,13:33:42,11708,6467,32835,755733620,3,0,350580
OI207,20220218,20220218,133343000,13:33:43,11708,6467,32835,755733620,0,0,0
OI207,20220218,20220218,133343500,13:33:44,11708,6467,32835,755733620,0,0,0
OI207,20220218,20220218,133344000,13:33:45,11708,6467,32835,755733620,0,0,0
OI207,20220218,20220218,133344500,13:33:45,11708,6467,32835,755733620,0,0,0
OI207,20220218,20220218,133345000,13:33:45,11708,6467,32835,755733620,0,0,0
OI207,20220218,20220218,133345500,13:33:47,11708,6467,32835,755733620,0,0,0
OI207,20220218,20220218,133346000,13:33:48,11708,6467,32835,755733620,0,0,0
OI207,20220218,20220218,133346500,13:33:48,11708,6467,32835,755733620,0,0,0
OI207,20220218,20220218,133347000,13:33:49,11708,6467,32835,755733620,0,0,0
OI207,20220218,20220218,133347500,13:33:49,11708,6467,32835,755733620,0,0,0
OI207,20220218,20220218,133348000,13:33:49,11708,6467,32835,755733620,0,0,0
OI207,20220218,20220218,133350000,13:33:50,11708,6467,32835,755733620,0,0,0
OI207,20220218,20220218,133350500,13:33:50,11708,6467,32835,755733620,0,0,0
OI207,20220218,20220218,133351000,13:33:51,11708,6467,32835,755733620,0,0,0
OI207,20220218,20220218,133352000,13:33:52,11708,6467,32835,755733620,0,0,0
OI207,20220218,20220218,133352500,13:33:53,11708,6467,32835,755733620,0,0,0
OI207,20220218,20220218,133353000,13:33:53,11708,6467,32835,755733620,0,0,0
OI207,20220218,20220218,133353500,13:33:53,11708,6467,32835,755733620,0,0,0
OI207,20220218,20220218,133354000,13:33:54,11708,6467,32835,755733620,0,0,0
OI207,20220218,20220218,133354500,13:33:55,11708,6467,32835,755733620,0,0,0
OI207,20220218,20220218,133355500,13:33:56,11708,6467,32835,755733620,0,0,0
OI207,20220218,20220218,133356500,13:33:57,11708,6467,32835,755733620,0,0,0
OI207,20220218,20220218,133357500,13:33:58,11708,6467,32835,755733620,0,0,0
OI207,20220218,20220218,133358000,13:33:58,11708,6467,32835,755733620,0,0,0
OI207,20220218,20220218,133359000,13:33:59,11708,6467,32835,755733620,0,0,0
OI207,20220218,20220218,133359500,13:34:00,11708,6467,32835,755733620,0,0,0
OI207,20220218,20220218,133403000,13:34:10,11708,6469,32837,755967340,2,2,233720
OI207,20220218,20220218,133410000,13:34:11,11708,6469,32837,755967340,0,0,0
OI207,20220218,20220218,133410500,13:34:12,11708,6469,32837,755967340,0,0,0
OI207,20220218,20220218,133411500,13:34:12,11708,6469,32837,755967340,0,0,0
OI207,20220218,20220218,133412000,13:34:13,11708,6469,32837,755967340,0,0,0
OI207,20220218,20220218,133413000,13:34:13,11711,6478,32839,757019080,9,2,1051740
OI207,20220218,20220218,133413500,13:34:14,11711,6478,32839,757019080,0,0,0
OI207,20220218,20220218,133414500,13:34:15,11711,6478,32839,757019080,0,0,0
OI207,20220218,20220218,133415000,13:34:16,11711,6478,32839,757019080,0,0,0
OI207,20220218,20220218,133415500,13:34:16,11711,6478,32839,757019080,0,0,0
OI207,20220218,20220218,133416000,13:34:16,11711,6478,32839,757019080,0,0,0
OI207,20220218,20220218,133416500,13:34:17,11711,6478,32839,757019080,0,0,0
OI207,20220218,20220218,133420500,13:34:21,11711,6483,32839,757603380,5,0,584300
OI207,20220218,20220218,133421000,13:34:23,11711,6483,32839,757603380,0,0,0
OI207,20220218,20220218,133421500,13:34:24,11711,6483,32839,757603380,0,0,0
OI207,20220218,20220218,133423000,13:34:24,11711,6483,32839,757603380,0,0,0
OI207,20220218,20220218,133423500,13:34:24,11711,6483,32839,757603380,0,0,0
OI207,20220218,20220218,133424000,13:34:24,11711,6483,32839,757603380,0,0,0
OI207,20220218,20220218,133424500,13:34:24,11711,6483,32839,757603380,0,0,0
OI207,20220218,20220218,133425000,13:34:25,11711,6483,32839,757603380,0,0,0
OI207,20220218,20220218,133425500,13:34:26,11711,6483,32839,757603380,0,0,0
OI207,20220218,20220218,133426000,13:34:26,11711,6483,32839,757603380,0,0,0
OI207,20220218,20220218,133426500,13:34:26,11711,6483,32839,757603380,0,0,0
OI207,20220218,20220218,133428500,13:34:29,11711,6483,32839,757603380,0,0,0
OI207,20220218,20220218,133429000,13:34:29,11711,6483,32839,757603380,0,0,0
OI207,20220218,20220218,133429500,13:34:29,11711,6483,32839,757603380,0,0,0
OI207,20220218,20220218,133432500,13:34:32,11711,6483,32839,757603380,0,0,0
OI207,20220218,20220218,133433000,13:34:33,11711,6483,32839,757603380,0,0,0
OI207,20220218,20220218,133433500,13:34:34,11711,6483,32839,757603380,0,0,0
OI207,20220218,20220218,133434000,13:34:34,11711,6483,32839,757603380,0,0,0
OI207,20220218,20220218,133435000,13:34:35,11711,6483,32839,757603380,0,0,0
OI207,20220218,20220218,133435500,13:34:36,11711,6483,32839,757603380,0,0,0
OI207,20220218,20220218,133436000,13:34:36,11711,6483,32839,757603380,0,0,0
OI207,20220218,20220218,133436500,13:34:36,11716,6505,32847,760239350,22,8,2635970
OI207,20220218,20220218,133437000,13:34:37,11718,6512,32851,761057440,7,4,818090
OI207,20220218,20220218,133437500,13:34:38,11718,6512,32851,761057440,0,0,0
OI207,20220218,20220218,133438000,13:34:38,11718,6512,32851,761057440,0,0,0
OI207,20220218,20220218,133438500,13:34:39,11718,6512,32851,761057440,0,0,0
OI207,20220218,20220218,133439000,13:34:39,11718,6512,32851,761057440,0,0,0
OI207,20220218,20220218,133439500,13:34:40,11718,6513,32850,761174310,1,-1,116870
OI207,20220218,20220218,133440500,13:34:41,11718,6513,32850,761174310,0,0,0
OI207,20220218,20220218,133441000,13:34:41,11720,6514,32850,761291180,1,0,116870
OI207,20220218,20220218,133441500,13:34:43,11720,6514,32850,761291180,0,0,0
OI207,20220218,20220218,133442000,13:34:44,11720,6514,32850,761291180,0,0,0
OI207,20220218,20220218,133442500,13:34:44,11720,6514,32850,761291180,0,0,0
OI207,20220218,20220218,133443000,13:34:45,11720,6514,32850,761291180,0,0,0
OI207,20220218,20220218,133443500,13:34:45,11720,6514,32850,761291180,0,0,0
OI207,20220218,20220218,133445500,13:34:46,11723,6515,32851,761408050,1,1,116870
OI207,20220218,20220218,133446000,13:34:46,11723,6515,32851,761408050,0,0,0
OI207,20220218,20220218,133446500,13:34:47,11723,6515,32851,761408050,0,0,0
OI207,20220218,20220218,133447000,13:34:47,11723,6515,32851,761408050,0,0,0
OI207,20220218,20220218,133447500,13:34:47,11723,6515,32851,761408050,0,0,0
OI207,20220218,20220218,133448000,13:34:48,11723,6515,32851,761408050,0,0,0
OI207,20220218,20220218,133448500,13:34:49,11723,6515,32851,761408050,0,0,0
OI207,20220218,20220218,133449000,13:34:49,11723,6515,32851,761408050,0,0,0
OI207,20220218,20220218,133449500,13:34:49,11723,6515,32851,761408050,0,0,0
OI207,20220218,20220218,133450000,13:34:51,11723,6515,32851,761408050,0,0,0
OI207,20220218,20220218,133450500,13:34:51,11723,6515,32851,761408050,0,0,0
OI207,20220218,20220218,133451000,13:34:51,11723,6515,32851,761408050,0,0,0
OI207,20220218,20220218,133451500,13:34:52,11723,6515,32851,761408050,0,0,0
OI207,20220218,20220218,133453000,13:34:53,11723,6515,32851,761408050,0,0,0
OI207,20220218,20220218,133453500,13:34:55,11723,6515,32851,761408050,0,0,0
OI207,20220218,20220218,133454000,13:34:56,11725,6516,32851,761524920,1,0,116870
OI207,20220218,20220218,133454500,13:34:56,11726,6518,32850,761758660,2,-1,233740
OI207,20220218,20220218,133455000,13:34:56,11726,6518,32850,761758660,0,0,0
OI207,20220218,20220218,133458000,13:34:58,11727,6519,32849,761875530,1,-1,116870
OI207,20220218,20220218,133458500,13:34:59,11727,6519,32849,761875530,0,0,0
OI207,20220218,20220218,133459000,13:34:59,11727,6519,32849,761875530,0,0,0
OI207,20220218,20220218,133459500,13:35:00,11727,6519,32849,761875530,0,0,0
OI207,20220218,20220218,133500000,13:35:00,11727,6519,32849,761875530,0,0,0
OI207,20220218,20220218,133500500,13:35:04,11727,6519,32849,761875530,0,0,0
OI207,20220218,20220218,133501000,13:35:04,11728,6520,32850,761992400,1,1,116870
OI207,20220218,20220218,133501500,13:35:06,11728,6520,32850,761992400,0,0,0
OI207,20220218,20220218,133502000,13:35:10,11728,6520,32850,761992400,0,0,0
OI207,20220218,20220218,133504500,13:35:10,11726,6523,32851,762343010,3,1,350610
OI207,20220218,20220218,133510000,13:35:10,11726,6523,32851,762343010,0,0,0
OI207,20220218,20220218,133512500,13:35:13,11726,6523,32851,762343010,0,0,0
OI207,20220218,20220218,133513500,13:35:14,11726,6523,32851,762343010,0,0,0
OI207,20220218,20220218,133515500,13:35:16,11726,6523,32851,762343010,0,0,0
OI207,20220218,20220218,133516000,13:35:16,11726,6523,32851,762343010,0,0,0
OI207,20220218,20220218,133518000,13:35:19,11726,6523,32851,762343010,0,0,0
OI207,20220218,20220218,133519500,13:35:20,11726,6523,32851,762343010,0,0,0
OI207,20220218,20220218,133520500,13:35:21,11726,6523,32851,762343010,0,0,0
OI207,20220218,20220218,133521000,13:35:22,11726,6523,32851,762343010,0,0,0
OI207,20220218,20220218,133521500,13:35:22,11726,6523,32851,762343010,0,0,0
OI207,20220218,20220218,133522000,13:35:22,11726,6523,32851,762343010,0,0,0
OI207,20220218,20220218,133522500,13:35:23,11726,6523,32851,762343010,0,0,0
OI207,20220218,20220218,133523000,13:35:23,11726,6523,32851,762343010,0,0,0
OI207,20220218,20220218,133523500,13:35:23,11726,6523,32851,762343010,0,0,0
OI207,20220218,20220218,133524500,13:35:25,11726,6523,32851,762343010,0,0,0
OI207,20220218,20220218,133525000,13:35:26,11726,6523,32851,762343010,0,0,0
OI207,20220218,20220218,133526000,13:35:26,11726,6523,32851,762343010,0,0,0
OI207,20220218,20220218,133526500,13:35:27,11726,6523,32851,762343010,0,0,0
OI207,20220218,20220218,133527000,13:35:31,11726,6523,32851,762343010,0,0,0
OI207,20220218,20220218,133527500,13:35:31,11726,6523,32851,762343010,0,0,0
OI207,20220218,20220218,133531000,13:35:32,11726,6523,32851,762343010,0,0,0
OI207,20220218,20220218,133531500,13:35:41,11726,6523,32851,762343010,0,0,0
OI207,20220218,20220218,133532000,13:35:42,11726,6523,32851,762343010,0,0,0
OI207,20220218,20220218,133540000,13:35:43,11726,6523,32851,762343010,0,0,0
OI207,20220218,20220218,133542000,13:35:43,11726,6523,32851,762343010,0,0,0
OI207,20220218,20220218,133542500,13:35:44,11726,6523,32851,762343010,0,0,0
OI207,20220218,20220218,133544000,13:35:45,11726,6523,32851,762343010,0,0,0
OI207,20220218,20220218,133544500,13:35:45,11726,6523,32851,762343010,0,0,0
OI207,20220218,20220218,133545000,13:35:46,11720,6533,32851,763511710,10,0,1168700
OI207,20220218,20220218,133545500,13:35:46,11720,6533,32851,763511710,0,0,0
OI207,20220218,20220218,133546000,13:35:46,11720,6533,32851,763511710,0,0,0
OI207,20220218,20220218,133546500,13:35:46,11720,6533,32851,763511710,0,0,0
OI207,20220218,20220218,133547000,13:35:47,11720,6533,32851,763511710,0,0,0
OI207,20220218,20220218,133547500,13:35:48,11720,6533,32851,763511710,0,0,0
OI207,20220218,20220218,133548000,13:35:48,11720,6533,32851,763511710,0,0,0
OI207,20220218,20220218,133548500,13:35:49,11720,6534,32851,763628580,1,0,116870
OI207,20220218,20220218,133549000,13:35:49,11719,6541,32849,764446670,7,-2,818090
OI207,20220218,20220218,133549500,13:35:49,11718,6545,32845,764914150,4,-4,467480
OI207,20220218,20220218,133550000,13:35:50,11718,6545,32845,764914150,0,0,0
OI207,20220218,20220218,133550500,13:35:51,11718,6545,32845,764914150,0,0,0
OI207,20220218,20220218,133551000,13:35:51,11718,6545,32845,764914150,0,0,0
OI207,20220218,20220218,133551500,13:35:52,11718,6545,32845,764914150,0,0,0
OI207,20220218,20220218,133552000,13:35:52,11718,6545,32845,764914150,0,0,0
OI207,20220218,20220218,133552500,13:35:53,11720,6546,32846,765031020,1,1,116870
OI207,20220218,20220218,133553000,13:35:53,11720,6548,32846,765264760,2,0,233740
OI207,20220218,20220218,133554000,13:35:55,11719,6549,32846,765381630,1,0,116870
OI207,20220218,20220218,133555000,13:35:56,11719,6549,32846,765381630,0,0,0
OI207,20220218,20220218,133555500,13:35:56,11719,6549,32846,765381630,0,0,0
OI207,20220218,20220218,133556000,13:35:56,11719,6549,32846,765381630,0,0,0
OI207,20220218,20220218,133556500,13:35:57,11719,6551,32845,765615370,2,-1,233740
OI207,20220218,20220218,133557000,13:35:59,11719,6552,32845,765732240,1,0,116870
OI207,20220218,20220218,133557500,13:36:01,11720,6554,32845,765965980,2,0,233740
OI207,20220218,20220218,133559000,13:36:03,11719,6555,32845,766082850,1,0,116870
OI207,20220218,20220218,133601500,13:36:03,11719,6555,32845,766082850,0,0,0
OI207,20220218,20220218,133602500,13:36:03,11717,6571,32850,767952770,16,5,1869920
OI207,20220218,20220218,133603000,13:36:05,11717,6571,32850,767952770,0,0,0
OI207,20220218,20220218,133603500,13:36:05,11717,6571,32850,767952770,0,0,0
OI207,20220218,20220218,133604000,13:36:06,11714,6574,32852,768303380,3,2,350610
OI207,20220218,20220218,133605000,13:36:06,11711,6576,32853,768537120,2,1,233740
OI207,20220218,20220218,133605500,13:36:07,11711,6577,32853,768653990,1,0,116870
OI207,20220218,20220218,133606500,13:36:07,11710,6580,32854,769004600,3,1,350610
OI207,20220218,20220218,133607000,13:36:08,11710,6580,32854,769004600,0,0,0
OI207,20220218,20220218,133607500,13:36:08,11711,6581,32854,769121470,1,0,116870
OI207,20220218,20220218,133608000,13:36:08,11711,6581,32854,769121470,0,0,0
OI207,20220218,20220218,133609000,13:36:09,11711,6581,32854,769121470,0,0,0
OI207,20220218,20220218,133609500,13:36:10,11711,6581,32854,769121470,0,0,0
OI207,20220218,20220218,133610000,13:36:11,11711,6581,32854,769121470,0,0,0
OI207,20220218,20220218,133610500,13:36:11,11711,6581,32854,769121470,0,0,0
OI207,20220218,20220218,133611000,13:36:12,11711,6581,32854,769121470,0,0,0
OI207,20220218,20220218,133611500,13:36:12,11711,6581,32854,769121470,0,0,0
OI207,20220218,20220218,133612000,13:36:12,11711,6581,32854,769121470,0,0,0
OI207,20220218,20220218,133612500,13:36:12,11714,6582,32854,769238340,1,0,116870
OI207,20220218,20220218,133613000,13:36:13,11714,6582,32854,769238340,0,0,0
OI207,20220218,20220218,133613500,13:36:14,11715,6583,32855,769355210,1,1,116870
OI207,20220218,20220218,133614000,13:36:14,11715,6583,32855,769355210,0,0,0
OI207,20220218,20220218,133614500,13:36:14,11715,6583,32855,769355210,0,0,0
OI207,20220218,20220218,133615000,13:36:15,11715,6583,32855,769355210,0,0,0
OI207,20220218,20220218,133615500,13:36:15,11715,6583,32855,769355210,0,0,0
OI207,20220218,20220218,133616000,13:36:16,11715,6583,32855,769355210,0,0,0
OI207,20220218,20220218,133616500,13:36:17,11715,6583,32855,769355210,0,0,0
OI207,20220218,20220218,133617000,13:36:18,11715,6583,32855,769355210,0,0,0
OI207,20220218,20220218,133617500,13:36:19,11715,6583,32855,769355210,0,0,0
OI207,20220218,20220218,133618000,13:36:19,11715,6583,32855,769355210,0,0,0
OI207,20220218,20220218,133618500,13:36:19,11712,6585,32855,769588950,2,0,233740
OI207,20220218,20220218,133619000,13:36:19,11712,6585,32855,769588950,0,0,0
OI207,20220218,20220218,133619500,13:36:20,11712,6585,32855,769588950,0,0,0
OI207,20220218,20220218,133620000,13:36:20,11712,6585,32855,769588950,0,0,0
OI207,20220218,20220218,133620500,13:36:20,11712,6585,32855,769588950,0,0,0
OI207,20220218,20220218,133621000,13:36:21,11712,6585,32855,769588950,0,0,0
OI207,20220218,20220218,133621500,13:36:21,11712,6585,32855,769588950,0,0,0
OI207,20220218,20220218,133622000,13:36:22,11712,6585,32855,769588950,0,0,0
OI207,20220218,20220218,133622500,13:36:22,11712,6585,32855,769588950,0,0,0
OI207,20220218,20220218,133623000,13:36:23,11712,6585,32855,769588950,0,0,0
OI207,20220218,20220218,133623500,13:36:23,11712,6585,32855,769588950,0,0,0
OI207,20220218,20220218,133624000,13:36:24,11712,6585,32855,769588950,0,0,0
OI207,20220218,20220218,133624500,13:36:24,11712,6585,32855,769588950,0,0,0
OI207,20220218,20220218,133625000,13:36:25,11712,6585,32855,769588950,0,0,0
OI207,20220218,20220218,133625500,13:36:26,11712,6585,32855,769588950,0,0,0
OI207,20220218,20220218,133626000,13:36:26,11712,6585,32855,769588950,0,0,0
OI207,20220218,20220218,133626500,13:36:27,11712,6585,32855,769588950,0,0,0
OI207,20220218,20220218,133627000,13:36:28,11712,6585,32855,769588950,0,0,0
OI207,20220218,20220218,133627500,13:36:28,11712,6585,32855,769588950,0,0,0
OI207,20220218,20220218,133628000,13:36:28,11712,6585,32855,769588950,0,0,0
OI207,20220218,20220218,133628500,13:36:29,11712,6585,32855,769588950,0,0,0
OI207,20220218,20220218,133629500,13:36:30,11712,6585,32855,769588950,0,0,0
OI207,20220218,20220218,133630500,13:36:31,11712,6585,32855,769588950,0,0,0
OI207,20220218,20220218,133631000,13:36:31,11712,6585,32855,769588950,0,0,0
OI207,20220218,20220218,133631500,13:36:31,11712,6585,32855,769588950,0,0,0
OI207,20220218,20220218,133632000,13:36:32,11712,6585,32855,769588950,0,0,0
OI207,20220218,20220218,133632500,13:36:32,11712,6585,32855,769588950,0,0,0
OI207,20220218,20220218,133633000,13:36:33,11712,6585,32855,769588950,0,0,0
OI207,20220218,20220218,133633500,13:36:34,11712,6585,32855,769588950,0,0,0
OI207,20220218,20220218,133634000,13:36:34,11712,6585,32855,769588950,0,0,0
OI207,20220218,20220218,133634500,13:36:35,11712,6585,32855,769588950,0,0,0
OI207,20220218,20220218,133636000,13:36:36,11712,6585,32855,769588950,0,0,0
OI207,20220218,20220218,133638500,13:36:39,11712,6585,32855,769588950,0,0,0
OI207,20220218,20220218,133639000,13:36:39,11712,6585,32855,769588950,0,0,0
OI207,20220218,20220218,133639500,13:36:40,11712,6585,32855,769588950,0,0,0
OI207,20220218,20220218,133640000,13:36:40,11712,6585,32855,769588950,0,0,0
OI207,20220218,20220218,133640500,13:36:40,11712,6585,32855,769588950,0,0,0
OI207,20220218,20220218,133641000,13:36:41,11712,6585,32855,769588950,0,0,0
OI207,20220218,20220218,133641500,13:36:42,11712,6585,32855,769588950,0,0,0
OI207,20220218,20220218,133642000,13:36:42,11712,6585,32855,769588950,0,0,0
OI207,20220218,20220218,133642500,13:36:43,11712,6585,32855,769588950,0,0,0
OI207,20220218,20220218,133643000,13:36:43,11712,6585,32855,769588950,0,0,0
OI207,20220218,20220218,133643500,13:36:44,11712,6585,32855,769588950,0,0,0
OI207,20220218,20220218,133644000,13:36:44,11713,6588,32855,769939560,3,0,350610
OI207,20220218,20220218,133644500,13:36:44,11713,6592,32855,770407040,4,0,467480
OI207,20220218,20220218,133645000,13:36:45,11713,6605,32851,771926350,13,-4,1519310
OI207,20220218,20220218,133645500,13:36:46,11713,6613,32851,772861310,8,0,934960
OI207,20220218,20220218,133646000,13:36:46,11713,6613,32851,772861310,0,0,0
OI207,20220218,20220218,133646500,13:36:46,11713,6613,32851,772861310,0,0,0
OI207,20220218,20220218,133647000,13:36:47,11713,6613,32851,772861310,0,0,0
OI207,20220218,20220218,133647500,13:36:48,11713,6613,32851,772861310,0,0,0
OI207,20220218,20220218,133648000,13:36:48,11713,6613,32851,772861310,0,0,0
OI207,20220218,20220218,133648500,13:36:49,11713,6613,32851,772861310,0,0,0
OI207,20220218,20220218,133649000,13:36:49,11713,6613,32851,772861310,0,0,0
OI207,20220218,20220218,133649500,13:36:49,11713,6613,32851,772861310,0,0,0
OI207,20220218,20220218,133650000,13:36:50,11713,6613,32851,772861310,0,0,0
OI207,20220218,20220218,133650500,13:36:50,11713,6613,32851,772861310,0,0,0
OI207,20220218,20220218,133651000,13:36:51,11713,6613,32851,772861310,0,0,0
OI207,20220218,20220218,133651500,13:36:52,11713,6613,32851,772861310,0,0,0
OI207,20220218,20220218,133652000,13:36:52,11713,6613,32851,772861310,0,0,0
OI207,20220218,20220218,133653000,13:36:53,11713,6613,32851,772861310,0,0,0
OI207,20220218,20220218,133653500,13:36:54,11713,6613,32851,772861310,0,0,0
OI207,20220218,20220218,133654000,13:36:54,11713,6613,32851,772861310,0,0,0
OI207,20220218,20220218,133657500,13:36:58,11713,6615,32853,773095050,2,2,233740
OI207,20220218,20220218,133658000,13:36:58,11713,6615,32853,773095050,0,0,0
OI207,20220218,20220218,133658500,13:36:59,11713,6615,32853,773095050,0,0,0
OI207,20220218,20220218,133659500,13:37:00,11713,6615,32853,773095050,0,0,0
OI207,20220218,20220218,133700000,13:37:00,11713,6615,32853,773095050,0,0,0
OI207,20220218,20220218,133700500,13:37:00,11713,6615,32853,773095050,0,0,0
OI207,20220218,20220218,133701000,13:37:01,11713,6615,32853,773095050,0,0,0
OI207,20220218,20220218,133701500,13:37:02,11713,6615,32853,773095050,0,0,0
OI207,20220218,20220218,133702000,13:37:02,11713,6615,32853,773095050,0,0,0
OI207,20220218,20220218,133702500,13:37:03,11713,6615,32853,773095050,0,0,0
OI207,20220218,20220218,133703000,13:37:03,11713,6615,32853,773095050,0,0,0
OI207,20220218,20220218,133703500,13:37:03,11713,6615,32853,773095050,0,0,0
OI207,20220218,20220218,133704000,13:37:04,11713,6615,32853,773095050,0,0,0
OI207,20220218,20220218,133705000,13:37:05,11713,6615,32853,773095050,0,0,0
OI207,20220218,20220218,133705500,13:37:08,11713,6615,32853,773095050,0,0,0
OI207,20220218,20220218,133706000,13:37:08,11713,6615,32853,773095050,0,0,0
OI207,20220218,20220218,133707500,13:37:08,11713,6615,32853,773095050,0,0,0
OI207,20220218,20220218,133708000,13:37:08,11713,6615,32853,773095050,0,0,0
OI207,20220218,20220218,133709000,13:37:10,11713,6615,32853,773095050,0,0,0
OI207,20220218,20220218,133709500,13:37:11,11713,6615,32853,773095050,0,0,0
OI207,20220218,20220218,133710000,13:37:11,11713,6615,32853,773095050,0,0,0
OI207,20220218,20220218,133710500,13:37:11,11713,6615,32853,773095050,0,0,0
OI207,20220218,20220218,133711500,13:37:13,11713,6615,32853,773095050,0,0,0
OI207,20220218,20220218,133712000,13:37:13,11713,6615,32853,773095050,0,0,0
OI207,20220218,20220218,133713000,13:37:13,11713,6615,32853,773095050,0,0,0
OI207,20220218,20220218,133713500,13:37:14,11713,6615,32853,773095050,0,0,0
OI207,20220218,20220218,133714000,13:37:14,11713,6615,32853,773095050,0,0,0
OI207,20220218,20220218,133714500,13:37:15,11713,6615,32853,773095050,0,0,0
OI207,20220218,20220218,133715500,13:37:16,11713,6615,32853,773095050,0,0,0
OI207,20220218,20220218,133716000,13:37:16,11713,6615,32853,773095050,0,0,0
OI207,20220218,20220218,133716500,13:37:17,11713,6615,32853,773095050,0,0,0
OI207,20220218,20220218,133717500,13:37:18,11713,6615,32853,773095050,0,0,0
OI207,20220218,20220218,133718000,13:37:18,11713,6615,32853,773095050,0,0,0
OI207,20220218,20220218,133718500,13:37:19,11713,6615,32853,773095050,0,0,0
OI207,20220218,20220218,133719000,13:37:19,11713,6615,32853,773095050,0,0,0
OI207,20220218,20220218,133719500,13:37:20,11713,6615,32853,773095050,0,0,0
OI207,20220218,20220218,133720000,13:37:21,11713,6615,32853,773095050,0,0,0
OI207,20220218,20220218,133720500,13:37:21,11713,6615,32853,773095050,0,0,0
OI207,20220218,20220218,133721000,13:37:21,11713,6615,32853,773095050,0,0,0
OI207,20220218,20220218,133721500,13:37:22,11713,6615,32853,773095050,0,0,0
OI207,20220218,20220218,133722000,13:37:22,11713,6615,32853,773095050,0,0,0
OI207,20220218,20220218,133722500,13:37:23,11713,6615,32853,773095050,0,0,0
OI207,20220218,20220218,133723000,13:37:23,11713,6615,32853,773095050,0,0,0
OI207,20220218,20220218,133724000,13:37:24,11713,6615,32853,773095050,0,0,0
OI207,20220218,20220218,133724500,13:37:25,11713,6615,32853,773095050,0,0,0
OI207,20220218,20220218,133725000,13:37:25,11713,6615,32853,773095050,0,0,0
OI207,20220218,20220218,133725500,13:37:26,11713,6615,32853,773095050,0,0,0
OI207,20220218,20220218,133728500,13:37:29,11713,6615,32853,773095050,0,0,0
OI207,20220218,20220218,133729000,13:37:29,11713,6615,32853,773095050,0,0,0
OI207,20220218,20220218,133729500,13:37:30,11713,6615,32853,773095050,0,0,0
OI207,20220218,20220218,133730000,13:37:30,11713,6615,32853,773095050,0,0,0
OI207,20220218,20220218,133731000,13:37:31,11713,6615,32853,773095050,0,0,0
OI207,20220218,20220218,133732000,13:37:32,11713,6615,32853,773095050,0,0,0
OI207,20220218,20220218,133732500,13:37:33,11713,6615,32853,773095050,0,0,0
OI207,20220218,20220218,133733000,13:37:33,11713,6615,32853,773095050,0,0,0
OI207,20220218,20220218,133733500,13:37:33,11713,6615,32853,773095050,0,0,0
OI207,20220218,20220218,133735000,13:37:35,11713,6615,32853,773095050,0,0,0
OI207,20220218,20220218,133735500,13:37:36,11713,6615,32853,773095050,0,0,0
OI207,20220218,20220218,133737500,13:37:37,11713,6615,32853,773095050,0,0,0
OI207,20220218,20220218,133738000,13:37:38,11713,6615,32853,773095050,0,0,0
OI207,20220218,20220218,133738500,13:37:39,11713,6615,32853,773095050,0,0,0
OI207,20220218,20220218,133739000,13:37:39,11713,6615,32853,773095050,0,0,0
OI207,20220218,20220218,133739500,13:37:39,11713,6615,32853,773095050,0,0,0
OI207,20220218,20220218,133740000,13:37:40,11713,6615,32853,773095050,0,0,0
OI207,20220218,20220218,133741500,13:37:42,11713,6615,32853,773095050,0,0,0
OI207,20220218,20220218,133742500,13:37:43,11713,6615,32853,773095050,0,0,0
OI207,20220218,20220218,133743000,13:37:44,11713,6615,32853,773095050,0,0,0
OI207,20220218,20220218,133743500,13:37:44,11713,6615,32853,773095050,0,0,0
OI207,20220218,20220218,133744500,13:37:45,11713,6615,32853,773095050,0,0,0
OI207,20220218,20220218,133747000,13:37:47,11713,6615,32853,773095050,0,0,0
OI207,20220218,20220218,133747500,13:37:48,11713,6615,32853,773095050,0,0,0
OI207,20220218,20220218,133748000,13:37:48,11713,6615,32853,773095050,0,0,0
OI207,20220218,20220218,133748500,13:37:49,11713,6615,32853,773095050,0,0,0
OI207,20220218,20220218,133749000,13:37:49,11713,6615,32853,773095050,0,0,0
OI207,20220218,20220218,133749500,13:37:49,11713,6615,32853,773095050,0,0,0
OI207,20220218,20220218,133750000,13:37:50,11713,6615,32853,773095050,0,0,0
OI207,20220218,20220218,133751000,13:37:51,11713,6615,32853,773095050,0,0,0
OI207,20220218,20220218,133751500,13:37:53,11713,6615,32853,773095050,0,0,0
OI207,20220218,20220218,133752000,13:37:53,11713,6615,32853,773095050,0,0,0
OI207,20220218,20220218,133752500,13:37:54,11713,6615,32853,773095050,0,0,0
OI207,20220218,20220218,133754000,13:37:55,11713,6615,32853,773095050,0,0,0
OI207,20220218,20220218,133754500,13:37:55,11713,6615,32853,773095050,0,0,0
OI207,20220218,20220218,133755000,13:37:55,11713,6615,32853,773095050,0,0,0
OI207,20220218,20220218,133755500,13:37:55,11713,6615,32853,773095050,0,0,0
OI207,20220218,20220218,133756000,13:37:56,11713,6615,32853,773095050,0,0,0
OI207,20220218,20220218,133756500,13:37:57,11713,6615,32853,773095050,0,0,0
OI207,20220218,20220218,133758000,13:37:58,11713,6615,32853,773095050,0,0,0
OI207,20220218,20220218,133758500,13:37:59,11713,6615,32853,773095050,0,0,0
OI207,20220218,20220218,133759000,13:38:00,11713,6615,32853,773095050,0,0,0
OI207,20220218,20220218,133759500,13:38:00,11713,6615,32853,773095050,0,0,0
OI207,20220218,20220218,133800000,13:38:02,11713,6615,32853,773095050,0,0,0
OI207,20220218,20220218,133800500,13:38:02,11713,6615,32853,773095050,0,0,0
OI207,20220218,20220218,133801000,13:38:03,11713,6615,32853,773095050,0,0,0
OI207,20220218,20220218,133802000,13:38:03,11713,6615,32853,773095050,0,0,0
OI207,20220218,20220218,133802500,13:38:05,11713,6615,32853,773095050,0,0,0
OI207,20220218,20220218,133803000,13:38:06,11713,6615,32853,773095050,0,0,0
OI207,20220218,20220218,133803500,13:38:06,11719,6625,32858,774263750,10,5,1168700
OI207,20220218,20220218,133805000,13:38:06,11720,6626,32858,774380620,1,0,116870
OI207,20220218,20220218,133806000,13:38:07,11720,6626,32858,774380620,0,0,0
OI207,20220218,20220218,133806500,13:38:09,11720,6626,32858,774380620,0,0,0
OI207,20220218,20220218,133809000,13:38:09,11720,6626,32858,774380620,0,0,0
OI207,20220218,20220218,133809500,13:38:10,11720,6626,32858,774380620,0,0,0
OI207,20220218,20220218,133810000,13:38:10,11724,6627,32858,774497490,1,0,116870
OI207,20220218,20220218,133810500,13:38:10,11724,6627,32858,774497490,0,0,0
OI207,20220218,20220218,133811000,13:38:14,11724,6627,32858,774497490,0,0,0
OI207,20220218,20220218,133811500,13:38:14,11724,6627,32858,774497490,0,0,0
OI207,20220218,20220218,133813500,13:38:15,11724,6627,32858,774497490,0,0,0
OI207,20220218,20220218,133814000,13:38:17,11724,6627,32858,774497490,0,0,0
OI207,20220218,20220218,133815000,13:38:17,11724,6627,32858,774497490,0,0,0
OI207,20220218,20220218,133816500,13:38:18,11724,6627,32858,774497490,0,0,0
OI207,20220218,20220218,133817500,13:38:18,11724,6627,32858,774497490,0,0,0
OI207,20220218,20220218,133818000,13:38:18,11724,6627,32858,774497490,0,0,0
OI207,20220218,20220218,133818500,13:38:19,11724,6627,32858,774497490,0,0,0
OI207,20220218,20220218,133819000,13:38:19,11724,6627,32858,774497490,0,0,0
OI207,20220218,20220218,133819500,13:38:19,11724,6627,32858,774497490,0,0,0
OI207,20220218,20220218,133820000,13:38:22,11724,6627,32858,774497490,0,0,0
OI207,20220218,20220218,133820500,13:38:22,11724,6627,32858,774497490,0,0,0
OI207,20220218,20220218,133821000,13:38:22,11724,6627,32858,774497490,0,0,0
OI207,20220218,20220218,133821500,13:38:23,11724,6627,32858,774497490,0,0,0
OI207,20220218,20220218,133822000,13:38:23,11724,6627,32858,774497490,0,0,0
OI207,20220218,20220218,133822500,13:38:23,11724,6627,32858,774497490,0,0,0
OI207,20220218,20220218,133823000,13:38:24,11724,6628,32859,774614360,1,1,116870
OI207,20220218,20220218,133824000,13:38:24,11724,6628,32859,774614360,0,0,0
OI207,20220218,20220218,133824500,13:38:41,11724,6628,32859,774614360,0,0,0
OI207,20220218,20220218,133825000,13:38:41,11724,6628,32859,774614360,0,0,0
OI207,20220218,20220218,133825500,13:38:42,11724,6628,32859,774614360,0,0,0
OI207,20220218,20220218,133840500,13:38:42,11724,6628,32859,774614360,0,0,0
OI207,20220218,20220218,133842500,13:38:43,11724,6628,32859,774614360,0,0,0
OI207,20220218,20220218,133843500,13:38:44,11724,6628,32859,774614360,0,0,0
OI207,20220218,20220218,133844000,13:38:44,11724,6628,32859,774614360,0,0,0
OI207,20220218,20220218,133844500,13:38:44,11724,6628,32859,774614360,0,0,0
OI207,20220218,20220218,133845500,13:38:45,11724,6628,32859,774614360,0,0,0
OI207,20220218,20220218,133846000,13:38:46,11724,6628,32859,774614360,0,0,0
OI207,20220218,20220218,133851500,13:38:51,11724,6628,32859,774614360,0,0,0
OI207,20220218,20220218,133854000,13:38:54,11724,6628,32859,774614360,0,0,0
OI207,20220218,20220218,133856500,13:38:56,11724,6628,32859,774614360,0,0,0
OI207,20220218,20220218,133859500,13:38:59,11724,6628,32859,774614360,0,0,0
OI207,20220218,20220218,133901000,13:39:01,11724,6628,32859,774614360,0,0,0
OI207,20220218,20220218,133901500,13:39:01,11724,6628,32859,774614360,0,0,0
OI207,20220218,20220218,133902500,13:39:02,11729,6673,32853,779873510,45,-6,5259150
OI207,20220218,20220218,133906000,13:39:06,11730,6676,32854,780224120,3,1,350610
OI207,20220218,20220218,133907500,13:39:07,11729,6679,32854,780574730,3,0,350610
OI207,20220218,20220218,133908500,13:39:08,11729,6679,32854,780574730,0,0,0
OI207,20220218,20220218,133910000,13:39:10,11729,6679,32854,780574730,0,0,0
OI207,20220218,20220218,133911500,13:39:11,11729,6679,32854,780574730,0,0,0
OI207,20220218,20220218,133913500,13:39:14,11729,6679,32854,780574730,0,0,0
OI207,20220218,20220218,133914000,13:39:15,11733,6680,32854,780691600,1,0,116870
OI207,20220218,20220218,133914500,13:39:18,11730,6684,32855,781159080,4,1,467480
OI207,20220218,20220218,133915500,13:39:19,11730,6684,32855,781159080,0,0,0
OI207,20220218,20220218,133918500,13:39:19,11728,6686,32857,781459680,2,2,300600
OI207,20220218,20220218,133919000,13:39:19,11728,6692,32862,782160960,6,5,701280
OI207,20220218,20220218,133920000,13:39:20,11728,6693,32863,782277840,1,1,116880
OI207,20220218,20220218,133922500,13:39:23,11728,6694,32864,782394720,1,1,116880
OI207,20220218,20220218,133924000,13:39:24,11728,6694,32864,782394720,0,0,0
OI207,20220218,20220218,133925000,13:39:25,11728,6694,32864,782394720,0,0,0
OI207,20220218,20220218,133926000,13:39:26,11728,6694,32864,782394720,0,0,0
OI207,20220218,20220218,133928000,13:39:28,11728,6694,32864,782394720,0,0,0
OI207,20220218,20220218,133929000,13:39:29,11728,6694,32864,782394720,0,0,0
OI207,20220218,20220218,133931000,13:39:31,11730,6696,32865,782628480,2,1,233760
OI207,20220218,20220218,133932500,13:39:33,11730,6696,32865,782628480,0,0,0
OI207,20220218,20220218,133936000,13:39:36,11731,6697,32866,782745360,1,1,116880
OI207,20220218,20220218,133937000,13:39:37,11730,6698,32866,782862240,1,0,116880
OI207,20220218,20220218,133938000,13:39:38,11730,6698,32866,782862240,0,0,0
OI207,20220218,20220218,133939500,13:39:40,11730,6698,32866,782862240,0,0,0
OI207,20220218,20220218,133940000,13:39:41,11730,6698,32866,782862240,0,0,0
OI207,20220218,20220218,133944500,13:39:45,11730,6698,32866,782862240,0,0,0
OI207,20220218,20220218,133945000,13:39:45,11730,6698,32866,782862240,0,0,0
OI207,20220218,20220218,133945500,13:39:46,11731,6701,32866,783212880,3,0,350640
OI207,20220218,20220218,133946000,13:39:47,11731,6704,32868,783563520,3,2,350640
OI207,20220218,20220218,133947000,13:39:47,11731,6704,32868,783563520,0,0,0
OI207,20220218,20220218,133948000,13:39:48,11731,6704,32868,783563520,0,0,0
OI207,20220218,20220218,133949000,13:39:49,11731,6704,32868,783563520,0,0,0
OI207,20220218,20220218,133949500,13:39:50,11731,6706,32869,783797280,2,1,233760
OI207,20220218,20220218,133951500,13:39:51,11731,6706,32869,783797280,0,0,0
OI207,20220218,20220218,133952000,13:39:53,11731,6706,32869,783797280,0,0,0
OI207,20220218,20220218,133952500,13:39:53,11730,6707,32869,783914160,1,0,116880
OI207,20220218,20220218,133953000,13:39:54,11730,6707,32869,783914160,0,0,0
OI207,20220218,20220218,133953500,13:39:54,11730,6707,32869,783914160,0,0,0
OI207,20220218,20220218,133954000,13:39:55,11730,6707,32869,783914160,0,0,0
OI207,20220218,20220218,133954500,13:39:55,11730,6707,32869,783914160,0,0,0
OI207,20220218,20220218,133955000,13:39:55,11730,6707,32869,783914160,0,0,0
OI207,20220218,20220218,133955500,13:39:56,11731,6708,32869,784031040,1,0,116880
OI207,20220218,20220218,133956500,13:39:57,11731,6708,32869,784031040,0,0,0
OI207,20220218,20220218,133957000,13:39:58,11731,6708,32869,784031040,0,0,0
OI207,20220218,20220218,133957500,13:40:13,11731,6708,32869,784031040,0,0,0
OI207,20220218,20220218,133958000,13:40:13,11729,6713,32867,784615440,5,-2,584400
OI207,20220218,20220218,134012500,13:40:13,11729,6713,32867,784615440,0,0,0
OI207,20220218,20220218,134013000,13:40:13,11729,6713,32867,784615440,0,0,0
OI207,20220218,20220218,134013500,13:40:14,11729,6713,32867,784615440,0,0,0
OI207,20220218,20220218,134014000,13:40:14,11729,6713,32867,784615440,0,0,0
OI207,20220218,20220218,134014500,13:40:16,11726,6718,32867,785199840,5,0,584400
OI207,20220218,20220218,134015000,13:40:16,11726,6719,32866,785316720,1,-1,116880
OI207,20220218,20220218,134015500,13:40:16,11726,6719,32866,785316720,0,0,0
OI207,20220218,20220218,134016000,13:40:16,11726,6719,32866,785316720,0,0,0
OI207,20220218,20220218,134016500,13:40:17,11726,6719,32866,785316720,0,0,0
OI207,20220218,20220218,134017000,13:40:17,11726,6719,32866,785316720,0,0,0
OI207,20220218,20220218,134017500,13:40:18,11727,6720,32866,785433600,1,0,116880
OI207,20220218,20220218,134018500,13:40:19,11727,6720,32866,785433600,0,0,0
OI207,20220218,20220218,134019000,13:40:19,11727,6720,32866,785433600,0,0,0
OI207,20220218,20220218,134020000,13:40:20,11727,6720,32866,785433600,0,0,0
OI207,20220218,20220218,134020500,13:40:21,11727,6720,32866,785433600,0,0,0
OI207,20220218,20220218,134021000,13:40:21,11727,6720,32866,785433600,0,0,0
OI207,20220218,20220218,134022000,13:40:22,11727,6720,32866,785433600,0,0,0
OI207,20220218,20220218,134022500,13:40:23,11727,6720,32866,785433600,0,0,0
OI207,20220218,20220218,134023000,13:40:23,11727,6720,32866,785433600,0,0,0
OI207,20220218,20220218,134024500,13:40:25,11727,6721,32866,785550480,1,0,116880
OI207,20220218,20220218,134026500,13:40:27,11727,6721,32866,785550480,0,0,0
OI207,20220218,20220218,134027000,13:40:27,11727,6721,32866,785550480,0,0,0
OI207,20220218,20220218,134027500,13:40:28,11727,6721,32866,785550480,0,0,0
OI207,20220218,20220218,134028500,13:40:29,11727,6721,32866,785550480,0,0,0
OI207,20220218,20220218,134029000,13:40:30,11728,6722,32866,785667360,1,0,116880
OI207,20220218,20220218,134030500,13:40:31,11728,6722,32866,785667360,0,0,0
OI207,20220218,20220218,134032500,13:40:32,11729,6724,32865,785901120,2,-1,233760
OI207,20220218,20220218,134033000,13:40:33,11729,6724,32865,785901120,0,0,0
OI207,20220218,20220218,134033500,13:40:34,11729,6724,32865,785901120,0,0,0
OI207,20220218,20220218,134035000,13:40:35,11729,6724,32865,785901120,0,0,0
OI207,20220218,20220218,134036500,13:40:36,11729,6724,32865,785901120,0,0,0
OI207,20220218,20220218,134037000,13:40:37,11729,6724,32865,785901120,0,0,0
OI207,20220218,20220218,134037500,13:40:37,11729,6724,32865,785901120,0,0,0
OI207,20220218,20220218,134038000,13:40:38,11729,6724,32865,785901120,0,0,0
OI207,20220218,20220218,134038500,13:40:38,11729,6724,32865,785901120,0,0,0
OI207,20220218,20220218,134039000,13:40:40,11729,6724,32865,785901120,0,0,0
OI207,20220218,20220218,134039500,13:40:40,11730,6725,32865,786018000,1,0,116880
OI207,20220218,20220218,134040000,13:40:41,11730,6725,32865,786018000,0,0,0
OI207,20220218,20220218,134041000,13:40:42,11730,6725,32865,786018000,0,0,0
OI207,20220218,20220218,134041500,13:40:42,11730,6725,32865,786018000,0,0,0
OI207,20220218,20220218,134042500,13:40:43,11730,6725,32865,786018000,0,0,0
OI207,20220218,20220218,134043500,13:40:44,11730,6725,32865,786018000,0,0,0
OI207,20220218,20220218,134045000,13:40:45,11730,6725,32865,786018000,0,0,0
OI207,20220218,20220218,134046000,13:40:46,11730,6725,32865,786018000,0,0,0
OI207,20220218,20220218,134046500,13:40:46,11730,6725,32865,786018000,0,0,0
OI207,20220218,20220218,134047000,13:40:47,11729,6726,32865,786134880,1,0,116880
OI207,20220218,20220218,134047500,13:40:47,11730,6727,32865,786251760,1,0,116880
OI207,20220218,20220218,134048000,13:40:48,11730,6727,32865,786251760,0,0,0
OI207,20220218,20220218,134048500,13:40:48,11730,6727,32865,786251760,0,0,0
OI207,20220218,20220218,134050000,13:40:50,11730,6727,32865,786251760,0,0,0
OI207,20220218,20220218,134050500,13:40:50,11730,6727,32865,786251760,0,0,0
OI207,20220218,20220218,134052000,13:40:55,11730,6727,32865,786251760,0,0,0
OI207,20220218,20220218,134054000,13:40:55,11730,6727,32865,786251760,0,0,0
OI207,20220218,20220218,134055500,13:40:57,11730,6727,32865,786251760,0,0,0
OI207,20220218,20220218,134057500,13:40:58,11730,6727,32865,786251760,0,0,0
OI207,20220218,20220218,134058000,13:40:59,11730,6727,32865,786251760,0,0,0
OI207,20220218,20220218,134059000,13:40:59,11730,6727,32865,786251760,0,0,0
OI207,20220218,20220218,134100000,13:41:00,11730,6727,32865,786251760,0,0,0
OI207,20220218,20220218,134100500,13:41:00,11730,6727,32865,786251760,0,0,0
OI207,20220218,20220218,134101000,13:41:01,11730,6727,32865,786251760,0,0,0
OI207,20220218,20220218,134102000,13:41:02,11730,6727,32865,786251760,0,0,0
OI207,20220218,20220218,134102500,13:41:03,11730,6727,32865,786251760,0,0,0
OI207,20220218,20220218,134103000,13:41:04,11730,6727,32865,786251760,0,0,0
OI207,20220218,20220218,134104000,13:41:05,11730,6727,32865,786251760,0,0,0
OI207,20220218,20220218,134105000,13:41:06,11730,6727,32865,786251760,0,0,0
OI207,20220218,20220218,134105500,13:41:06,11730,6727,32865,786251760,0,0,0
OI207,20220218,20220218,134106000,13:41:07,11730,6727,32865,786251760,0,0,0
OI207,20220218,20220218,134107000,13:41:09,11730,6727,32865,786251760,0,0,0
OI207,20220218,20220218,134108000,13:41:09,11730,6727,32865,786251760,0,0,0
OI207,20220218,20220218,134109000,13:41:10,11730,6727,32865,786251760,0,0,0
OI207,20220218,20220218,134109500,13:41:10,11730,6727,32865,786251760,0,0,0
OI207,20220218,20220218,134110500,13:41:10,11730,6727,32865,786251760,0,0,0
OI207,20220218,20220218,134111500,13:41:12,11730,6727,32865,786251760,0,0,0
OI207,20220218,20220218,134115500,13:41:16,11730,6727,32865,786251760,0,0,0
OI207,20220218,20220218,134117500,13:41:18,11730,6727,32865,786251760,0,0,0
OI207,20220218,20220218,134118000,13:41:19,11730,6727,32865,786251760,0,0,0
OI207,20220218,20220218,134118500,13:41:19,11730,6727,32865,786251760,0,0,0
OI207,20220218,20220218,134120000,13:41:22,11730,6727,32865,786251760,0,0,0
OI207,20220218,20220218,134121500,13:41:24,11730,6727,32865,786251760,0,0,0
OI207,20220218,20220218,134122000,13:41:24,11730,6727,32865,786251760,0,0,0
OI207,20220218,20220218,134123500,13:41:24,11730,6727,32865,786251760,0,0,0
OI207,20220218,20220218,134124500,13:41:26,11730,6727,32865,786251760,0,0,0
OI207,20220218,20220218,134125000,13:41:27,11730,6727,32865,786251760,0,0,0
OI207,20220218,20220218,134127000,13:41:27,11731,6728,32865,786368640,1,0,116880
OI207,20220218,20220218,134127500,13:41:27,11731,6729,32864,786485520,1,-1,116880
OI207,20220218,20220218,134128000,13:41:28,11731,6729,32864,786485520,0,0,0
OI207,20220218,20220218,134130000,13:41:30,11731,6729,32864,786485520,0,0,0
OI207,20220218,20220218,134130500,13:41:31,11731,6729,32864,786485520,0,0,0
OI207,20220218,20220218,134131000,13:41:31,11731,6729,32864,786485520,0,0,0
OI207,20220218,20220218,134131500,13:41:32,11731,6729,32864,786485520,0,0,0
OI207,20220218,20220218,134132000,13:41:33,11731,6729,32864,786485520,0,0,0
OI207,20220218,20220218,134134000,13:41:34,11731,6729,32864,786485520,0,0,0
OI207,20220218,20220218,134134500,13:41:34,11731,6729,32864,786485520,0,0,0
OI207,20220218,20220218,134135500,13:41:39,11731,6729,32864,786485520,0,0,0
OI207,20220218,20220218,134139500,13:41:41,11731,6729,32864,786485520,0,0,0
OI207,20220218,20220218,134142000,13:41:42,11731,6729,32864,786485520,0,0,0
OI207,20220218,20220218,134142500,13:41:42,11731,6729,32864,786485520,0,0,0
OI207,20220218,20220218,134143500,13:41:44,11731,6729,32864,786485520,0,0,0
OI207,20220218,20220218,134145000,13:41:45,11731,6729,32864,786485520,0,0,0
OI207,20220218,20220218,134145500,13:41:45,11731,6729,32864,786485520,0,0,0
OI207,20220218,20220218,134146000,13:41:47,11730,6730,32864,786602400,1,0,116880
OI207,20220218,20220218,134146500,13:41:47,11730,6730,32864,786602400,0,0,0
OI207,20220218,20220218,134147500,13:41:48,11729,6731,32864,786719280,1,0,116880
OI207,20220218,20220218,134148000,13:41:48,11729,6731,32864,786719280,0,0,0
OI207,20220218,20220218,134148500,13:41:49,11729,6731,32864,786719280,0,0,0
OI207,20220218,20220218,134149000,13:41:49,11729,6731,32864,786719280,0,0,0
OI207,20220218,20220218,134149500,13:41:50,11729,6731,32864,786719280,0,0,0
OI207,20220218,20220218,134150000,13:41:50,11729,6731,32864,786719280,0,0,0
OI207,20220218,20220218,134150500,13:41:51,11729,6731,32864,786719280,0,0,0
OI207,20220218,20220218,134152000,13:41:52,11729,6731,32864,786719280,0,0,0
OI207,20220218,20220218,134152500,13:41:53,11729,6731,32864,786719280,0,0,0
OI207,20220218,20220218,134153000,13:41:54,11729,6731,32864,786719280,0,0,0
OI207,20220218,20220218,134154000,13:42:02,11729,6731,32864,786719280,0,0,0
OI207,20220218,20220218,134154500,13:42:04,11726,6732,32864,786836160,1,0,116880
OI207,20220218,20220218,134202000,13:42:06,11731,6737,32863,787420560,5,-1,584400
OI207,20220218,20220218,134202500,13:42:11,11731,6737,32863,787420560,0,0,0
OI207,20220218,20220218,134210000,13:42:12,11730,6740,32864,787771200,3,1,350640
OI207,20220218,20220218,134211000,13:42:12,11729,6742,32864,788004960,2,0,233760
OI207,20220218,20220218,134211500,13:42:12,11729,6742,32864,788004960,0,0,0
OI207,20220218,20220218,134212000,13:42:13,11729,6742,32864,788004960,0,0,0
OI207,20220218,20220218,134212500,13:42:13,11729,6742,32864,788004960,0,0,0
OI207,20220218,20220218,134215000,13:42:15,11729,6742,32864,788004960,0,0,0
OI207,20220218,20220218,134215500,13:42:16,11729,6742,32864,788004960,0,0,0
OI207,20220218,20220218,134216000,13:42:16,11729,6742,32864,788004960,0,0,0
OI207,20220218,20220218,134216500,13:42:17,11729,6742,32864,788004960,0,0,0
OI207,20220218,20220218,134217000,13:42:19,11729,6742,32864,788004960,0,0,0
OI207,20220218,20220218,134218000,13:42:20,11729,6742,32864,788004960,0,0,0
OI207,20220218,20220218,134219500,13:42:20,11729,6742,32864,788004960,0,0,0
OI207,20220218,20220218,134220000,13:42:21,11729,6742,32864,788004960,0,0,0
OI207,20220218,20220218,134221000,13:42:21,11729,6742,32864,788004960,0,0,0
OI207,20220218,20220218,134221500,13:42:22,11729,6744,32864,788238720,2,0,233760
OI207,20220218,20220218,134222000,13:42:22,11729,6744,32864,788238720,0,0,0
OI207,20220218,20220218,134222500,13:42:22,11729,6744,32864,788238720,0,0,0
OI207,20220218,20220218,134223000,13:42:24,11729,6744,32864,788238720,0,0,0
OI207,20220218,20220218,134223500,13:42:24,11729,6744,32864,788238720,0,0,0
OI207,20220218,20220218,134224000,13:42:25,11725,6749,32867,788823120,5,3,584400
OI207,20220218,20220218,134224500,13:42:25,11725,6749,32867,788823120,0,0,0
OI207,20220218,20220218,134226000,13:42:27,11725,6750,32866,788940000,1,-1,116880
OI207,20220218,20220218,134226500,13:42:28,11725,6750,32866,788940000,0,0,0
OI207,20220218,20220218,134227000,13:42:28,11725,6750,32866,788940000,0,0,0
OI207,20220218,20220218,134229000,13:42:29,11725,6750,32866,788940000,0,0,0
OI207,20220218,20220218,134229500,13:42:29,11725,6750,32866,788940000,0,0,0
OI207,20220218,20220218,134239500,13:42:39,11725,6750,32866,788940000,0,0,0
OI207,20220218,20220218,134241000,13:42:41,11725,6750,32866,788940000,0,0,0
OI207,20220218,20220218,134245000,13:42:45,11725,6750,32866,788940000,0,0,0
OI207,20220218,20220218,134248500,13:42:48,11725,6750,32866,788940000,0,0,0
OI207,20220218,20220218,134254500,13:42:54,11725,6750,32866,788940000,0,0,0
OI207,20220218,20220218,134255500,13:42:55,11725,6750,32866,788940000,0,0,0
OI207,20220218,20220218,134256000,13:42:56,11725,6750,32866,788940000,0,0,0
OI207,20220218,20220218,134256500,13:42:57,11725,6750,32866,788940000,0,0,0
OI207,20220218,20220218,134257000,13:42:59,11723,6758,32865,789875040,8,-1,935040
OI207,20220218,20220218,134257500,13:42:59,11723,6758,32865,789875040,0,0,0
OI207,20220218,20220218,134258500,13:42:59,11723,6758,32865,789875040,0,0,0
OI207,20220218,20220218,134259500,13:43:01,11723,6758,32865,789875040,0,0,0
