OI205,20220218,20220218,112004500,11:20:09,0,0,0,0,0,0,0
OI205,20220218,20220218,112003200,11:20:10,11806,206433,153772,24443731530,206433,153772,24443731530
OI205,20220218,20220218,112005000,11:20:10,11806,206450,153775,24445744500,17,3,2012970
OI205,20220218,20220218,112005500,11:20:10,11806,206450,153775,24445744500,0,0,0
OI205,20220218,20220218,112007000,11:20:10,11808,206460,153782,24446928600,10,7,1184100
OI205,20220218,20220218,112007500,11:20:10,11808,206462,153782,24447165420,2,0,236820
OI205,20220218,20220218,112008000,11:20:10,11808,206463,153783,24447283830,1,1,118410
OI205,20220218,20220218,112008500,11:20:10,11808,206470,153777,24448112700,7,-6,828870
OI205,20220218,20220218,112009000,11:20:10,11808,206470,153777,24448112700,0,0,0
OI205,20220218,20220218,112009500,11:20:10,11808,206476,153774,24448823160,6,-3,710460
OI205,20220218,20220218,112010000,11:20:10,11808,206477,153773,24448941570,1,-1,118410
OI205,20220218,20220218,112010500,11:20:10,11808,206477,153773,24448941570,0,0,0
OI205,20220218,20220218,112011000,11:20:11,11808,206477,153773,24448941570,0,0,0
OI205,20220218,20220218,112012500,11:20:12,11808,206478,153773,24449059980,1,0,118410
OI205,20220218,20220218,112013500,11:20:13,11808,206480,153771,24449296800,2,-2,236820
OI205,20220218,20220218,112014500,11:20:14,11809,206492,153778,24450717720,12,7,1420920
OI205,20220218,20220218,112015000,11:20:15,11809,206493,153778,24450836130,1,0,118410
OI205,20220218,20220218,112015500,11:20:16,11808,206496,153778,24451191360,3,0,355230
OI205,20220218,20220218,112016000,11:20:16,11810,206508,153773,24452612280,12,-5,1420920
OI205,20220218,20220218,112016500,11:20:16,11810,206509,153773,24452730690,1,0,118410
OI205,20220218,20220218,112017500,11:20:17,11809,206513,153771,24453204330,4,-2,473640
OI205,20220218,20220218,112018000,11:20:18,11809,206513,153771,24453204330,0,0,0
OI205,20220218,20220218,112018500,11:20:18,11809,206514,153772,24453322740,1,1,118410
OI205,20220218,20220218,112019000,11:20:19,11809,206515,153773,24453441150,1,1,118410
OI205,20220218,20220218,112019500,11:20:20,11809,206515,153773,24453441150,0,0,0
OI205,20220218,20220218,112020500,11:20:20,11808,206525,153768,24454625250,10,-5,1184100
OI205,20220218,20220218,112021000,11:20:21,11808,206525,153768,24454625250,0,0,0
OI205,20220218,20220218,112021500,11:20:21,11808,206525,153768,24454625250,0,0,0
OI205,20220218,20220218,112022000,11:20:22,11808,206528,153769,24454980480,3,1,355230
OI205,20220218,20220218,112022500,11:20:23,11807,206530,153771,24455217300,2,2,236820
OI205,20220218,20220218,112023500,11:20:23,11807,206531,153771,24455335710,1,0,118410
OI205,20220218,20220218,112024000,11:20:24,11808,206532,153771,24455454120,1,0,118410
OI205,20220218,20220218,112025500,11:20:26,11808,206533,153770,24455572530,1,-1,118410
OI205,20220218,20220218,112026000,11:20:26,11807,206534,153769,24455690940,1,-1,118410
OI205,20220218,20220218,112026500,11:20:26,11807,206535,153768,24455809350,1,-1,118410
OI205,20220218,20220218,112027500,11:20:28,11807,206538,153765,24456164580,3,-3,355230
OI205,20220218,20220218,112028000,11:20:28,11807,206553,153754,24457940730,15,-11,1776150
OI205,20220218,20220218,112028500,11:20:28,11806,206554,153754,24458059140,1,0,118410
OI205,20220218,20220218,112029000,11:20:29,11808,206555,153753,24458177550,1,-1,118410
OI205,20220218,20220218,112029500,11:20:30,11807,206556,153753,24458295960,1,0,118410
OI205,20220218,20220218,112030000,11:20:31,11807,206558,153753,24458532780,2,0,236820
OI205,20220218,20220218,112030500,11:20:31,11806,206567,153749,24459598470,9,-4,1065690
OI205,20220218,20220218,112031000,11:20:32,11806,206568,153748,24459716880,1,-1,118410
OI205,20220218,20220218,112031500,11:20:32,11806,206569,153748,24459835290,1,0,118410
OI205,20220218,20220218,112032000,11:20:32,11805,206582,153741,24461374620,13,-7,1539330
OI205,20220218,20220218,112032500,11:20:32,11805,206582,153741,24461374620,0,0,0
OI205,20220218,20220218,112033000,11:20:33,11804,206584,153741,24461611440,2,0,236820
OI205,20220218,20220218,112033500,11:20:33,11804,206584,153741,24461611440,0,0,0
OI205,20220218,20220218,112034000,11:20:34,11804,206587,153742,24461966670,3,1,355230
OI205,20220218,20220218,112034500,11:20:34,11804,206596,153743,24463032360,9,1,1065690
OI205,20220218,20220218,112035000,11:20:35,11805,206599,153742,24463387590,3,-1,355230
OI205,20220218,20220218,112035500,11:20:35,11805,206599,153742,24463387590,0,0,0
OI205,20220218,20220218,112036000,11:20:36,11805,206599,153742,24463387590,0,0,0
OI205,20220218,20220218,112036500,11:20:37,11805,206605,153738,24464098050,6,-4,710460
OI205,20220218,20220218,112037000,11:20:37,11805,206607,153740,24464334870,2,2,236820
OI205,20220218,20220218,112037500,11:20:38,11805,206607,153740,24464334870,0,0,0
OI205,20220218,20220218,112038000,11:20:38,11805,206608,153741,24464453280,1,1,118410
OI205,20220218,20220218,112038500,11:20:38,11804,206612,153737,24464926920,4,-4,473640
OI205,20220218,20220218,112039000,11:20:39,11805,206613,153737,24465045330,1,0,118410
OI205,20220218,20220218,112039500,11:20:40,11803,206615,153738,24465282150,2,1,236820
OI205,20220218,20220218,112040000,11:20:40,11803,206619,153736,24465755790,4,-2,473640
OI205,20220218,20220218,112040500,11:20:41,11804,206622,153735,24466111020,3,-1,355230
OI205,20220218,20220218,112041000,11:20:41,11803,206623,153735,24466229430,1,0,118410
OI205,20220218,20220218,112042000,11:20:42,11805,206626,153736,24466584660,3,1,355230
OI205,20220218,20220218,112042500,11:20:42,11805,206626,153736,24466584660,0,0,0
OI205,20220218,20220218,112043000,11:20:43,11804,206627,153736,24466703070,1,0,118410
OI205,20220218,20220218,112043500,11:20:44,11803,206628,153735,24466821480,1,-1,118410
OI205,20220218,20220218,112044000,11:20:44,11803,206652,153743,24469663320,24,8,2841840
OI205,20220218,20220218,112044500,11:20:45,11803,206653,153744,24469781730,1,1,118410
OI205,20220218,20220218,112045500,11:20:46,11802,206668,153735,24471557880,15,-9,1776150
OI205,20220218,20220218,112046000,11:20:46,11802,206680,153734,24472978800,12,-1,1420920
OI205,20220218,20220218,112046500,11:20:46,11802,206681,153734,24473097210,1,0,118410
OI205,20220218,20220218,112047000,11:20:47,11802,206683,153734,24473334030,2,0,236820
OI205,20220218,20220218,112047500,11:20:48,11802,206693,153742,24474518130,10,8,1184100
OI205,20220218,20220218,112048000,11:20:48,11804,206704,153749,24475820640,11,7,1302510
OI205,20220218,20220218,112048500,11:20:50,11803,206710,153751,24476531100,6,2,710460
OI205,20220218,20220218,112049000,11:20:50,11803,206710,153751,24476531100,0,0,0
OI205,20220218,20220218,112049500,11:20:50,11803,206710,153751,24476531100,0,0,0
OI205,20220218,20220218,112050500,11:20:50,11804,206714,153748,24477004740,4,-3,473640
OI205,20220218,20220218,112051000,11:20:51,11804,206715,153749,24477123150,1,1,118410
OI205,20220218,20220218,112051500,11:20:51,11804,206717,153748,24477359970,2,-1,236820
OI205,20220218,20220218,112052000,11:20:53,11805,206719,153749,24477596790,2,1,236820
OI205,20220218,20220218,112052500,11:20:53,11804,206724,153749,24478188840,5,0,592050
OI205,20220218,20220218,112053000,11:20:53,11804,206724,153749,24478188840,0,0,0
OI205,20220218,20220218,112053500,11:20:53,11804,206724,153749,24478188840,0,0,0
OI205,20220218,20220218,112054000,11:20:54,11805,206731,153755,24479017710,7,6,828870
OI205,20220218,20220218,112054500,11:20:55,11805,206731,153755,24479017710,0,0,0
OI205,20220218,20220218,112055000,11:20:55,11805,206731,153755,24479017710,0,0,0
OI205,20220218,20220218,112057000,11:20:58,11805,206733,153754,24479254530,2,-1,236820
OI205,20220218,20220218,112058000,11:20:58,11805,206735,153753,24479491350,2,-1,236820
OI205,20220218,20220218,112058500,11:20:59,11805,206735,153753,24479491350,0,0,0
OI205,20220218,20220218,112059000,11:20:59,11805,206735,153753,24479491350,0,0,0
OI205,20220218,20220218,112100000,11:21:00,11805,206736,153753,24479609760,1,0,118410
OI205,20220218,20220218,112100500,11:21:01,11806,206744,153750,24480557040,8,-3,947280
OI205,20220218,20220218,112101000,11:21:01,11805,206753,153753,24481622730,9,3,1065690
OI205,20220218,20220218,112101500,11:21:02,11806,206758,153757,24482214780,5,4,592050
OI205,20220218,20220218,112102000,11:21:02,11806,206758,153757,24482214780,0,0,0
OI205,20220218,20220218,112102500,11:21:03,11806,206759,153758,24482333190,1,1,118410
OI205,20220218,20220218,112103000,11:21:03,11807,206760,153757,24482451600,1,-1,118410
OI205,20220218,20220218,112103500,11:21:04,11807,206767,153759,24483280470,7,2,828870
OI205,20220218,20220218,112104000,11:21:04,11807,206767,153759,24483280470,0,0,0
OI205,20220218,20220218,112104500,11:21:05,11807,206767,153759,24483280470,0,0,0
OI205,20220218,20220218,112106000,11:21:07,11807,206767,153759,24483280470,0,0,0
OI205,20220218,20220218,112106500,11:21:07,11808,206768,153760,24483398880,1,1,118410
OI205,20220218,20220218,112107000,11:21:10,11808,206768,153760,24483398880,0,0,0
OI205,20220218,20220218,112107500,11:21:10,11808,206770,153761,24483635700,2,1,236820
OI205,20220218,20220218,112108500,11:21:10,11808,206771,153760,24483754110,1,-1,118410
OI205,20220218,20220218,112110000,11:21:10,11808,206771,153760,24483754110,0,0,0
OI205,20220218,20220218,112110500,11:21:11,11808,206784,153760,24485293440,13,0,1539330
OI205,20220218,20220218,112111500,11:21:12,11807,206785,153760,24485411850,1,0,118410
OI205,20220218,20220218,112112000,11:21:12,11808,206786,153760,24485530260,1,0,118410
OI205,20220218,20220218,112112500,11:21:13,11806,206787,153760,24485648670,1,0,118410
OI205,20220218,20220218,112113500,11:21:13,11806,206787,153760,24485648670,0,0,0
OI205,20220218,20220218,112114500,11:21:14,11806,206789,153762,24485885490,2,2,236820
OI205,20220218,20220218,112115500,11:21:15,11807,206790,153761,24486003900,1,-1,118410
OI205,20220218,20220218,112116000,11:21:16,11808,206796,153767,24486714360,6,6,710460
OI205,20220218,20220218,112116500,11:21:17,11808,206796,153767,24486714360,0,0,0
OI205,20220218,20220218,112117000,11:21:17,11808,206796,153767,24486714360,0,0,0
OI205,20220218,20220218,112117500,11:21:18,11809,206807,153771,24488016870,11,4,1302510
OI205,20220218,20220218,112118000,11:21:18,11810,206808,153771,24488135280,1,0,118410
OI205,20220218,20220218,112118500,11:21:18,11809,206815,153767,24488964150,7,-4,828870
OI205,20220218,20220218,112119000,11:21:19,11810,206823,153770,24489911430,8,3,947280
OI205,20220218,20220218,112119500,11:21:19,11809,206828,153770,24490503480,5,0,592050
OI205,20220218,20220218,112120000,11:21:20,11809,206828,153770,24490503480,0,0,0
OI205,20220218,20220218,112120500,11:21:21,11809,206829,153770,24490621890,1,0,118410
OI205,20220218,20220218,112121000,11:21:22,11810,206838,153774,24491687580,9,4,1065690
OI205,20220218,20220218,112121500,11:21:22,11810,206838,153774,24491687580,0,0,0
OI205,20220218,20220218,112122000,11:21:22,11810,206839,153774,24491805990,1,0,118410
OI205,20220218,20220218,112122500,11:21:22,11811,206843,153771,24492279630,4,-3,473640
OI205,20220218,20220218,112123000,11:21:23,11811,206843,153771,24492279630,0,0,0
OI205,20220218,20220218,112124000,11:21:24,11810,206846,153769,24492634860,3,-2,355230
OI205,20220218,20220218,112124500,11:21:25,11811,206853,153767,24493463730,7,-2,828870
OI205,20220218,20220218,112125000,11:22:29,11810,206854,153767,24493582140,1,0,118410
OI205,20220218,20220218,112126000,11:23:33,11810,206855,153767,24493700550,1,0,118410
OI205,20220218,20220218,112126500,11:23:33,11809,206856,153768,24493818960,1,1,118410
OI205,20220218,20220218,112332500,11:23:33,11809,206856,153768,24493818960,0,0,0
OI205,20220218,20220218,112333000,11:23:33,11809,206856,153768,24493818960,0,0,0
OI205,20220218,20220218,112333500,11:23:33,11816,207228,153757,24535795200,372,-11,41976240
OI205,20220218,20220218,112334000,11:23:34,11815,207229,153757,24535913600,1,0,118400
OI205,20220218,20220218,112334500,11:23:34,11816,207230,153757,24536032000,1,0,118400
OI205,20220218,20220218,112335000,11:23:35,11815,207232,153756,24536268800,2,-1,236800
OI205,20220218,20220218,112335500,11:23:35,11815,207234,153757,24536505600,2,1,236800
OI205,20220218,20220218,112336000,11:23:36,11815,207234,153757,24536505600,0,0,0
OI205,20220218,20220218,112337000,11:23:38,11815,207236,153757,24536742400,2,0,236800
OI205,20220218,20220218,112337500,11:23:38,11816,207239,153756,24537097600,3,-1,355200
OI205,20220218,20220218,112338000,11:23:38,11815,207242,153758,24537452800,3,2,355200
OI205,20220218,20220218,112339000,11:23:39,11816,207253,153758,24538755200,11,0,1302400
OI205,20220218,20220218,112339500,11:23:39,11816,207257,153754,24539228800,4,-4,473600
OI205,20220218,20220218,112340000,11:23:40,11816,207258,153753,24539347200,1,-1,118400
OI205,20220218,20220218,112341000,11:23:41,11815,207271,153740,24540886400,13,-13,1539200
OI205,20220218,20220218,112341500,11:23:42,11815,207275,153739,24541360000,4,-1,473600
OI205,20220218,20220218,112342000,11:23:42,11816,207279,153737,24541833600,4,-2,473600
OI205,20220218,20220218,112342500,11:23:42,11815,207280,153737,24541952000,1,0,118400
OI205,20220218,20220218,112343500,11:23:43,11816,207282,153737,24542188800,2,0,236800
OI205,20220218,20220218,112344500,11:23:48,11816,207283,153737,24542307200,1,0,118400
OI205,20220218,20220218,112345000,11:23:48,11815,207284,153736,24542425600,1,-1,118400
OI205,20220218,20220218,112345500,11:23:48,11816,207285,153737,24542544000,1,1,118400
OI205,20220218,20220218,112347500,11:23:48,11816,207285,153737,24542544000,0,0,0
OI205,20220218,20220218,112349000,11:23:49,11816,207285,153737,24542544000,0,0,0
OI205,20220218,20220218,112349500,11:23:50,11816,207307,153726,24545148800,22,-11,2604800
OI205,20220218,20220218,112351500,11:23:51,11815,207311,153726,24545622400,4,0,473600
OI205,20220218,20220218,112353000,11:23:53,11816,207312,153726,24545740800,1,0,118400
OI205,20220218,20220218,112353500,11:23:53,11816,207317,153725,24546332800,5,-1,592000
OI205,20220218,20220218,112354500,11:23:55,11816,207317,153725,24546332800,0,0,0
OI205,20220218,20220218,112356000,11:23:56,11816,207326,153726,24547398400,9,1,1065600
OI205,20220218,20220218,112356500,11:23:56,11816,207327,153727,24547516800,1,1,118400
OI205,20220218,20220218,112358000,11:23:58,11816,207329,153729,24547753600,2,2,236800
OI205,20220218,20220218,112358500,11:23:58,11816,207330,153729,24547872000,1,0,118400
OI205,20220218,20220218,112359000,11:23:59,11817,207352,153728,24550476800,22,-1,2604800
OI205,20220218,20220218,112359500,11:23:59,11817,207353,153728,24550595200,1,0,118400
OI205,20220218,20220218,112400000,11:24:00,11818,207368,153723,24552371200,15,-5,1776000
OI205,20220218,20220218,112400500,11:24:00,11817,207384,153721,24554265600,16,-2,1894400
OI205,20220218,20220218,112401500,11:24:01,11816,207386,153721,24554502400,2,0,236800
OI205,20220218,20220218,112402000,11:24:02,11817,207390,153720,24554976000,4,-1,473600
OI205,20220218,20220218,112403000,11:24:03,11817,207396,153715,24555686400,6,-5,710400
OI205,20220218,20220218,112403500,11:24:04,11817,207398,153715,24555923200,2,0,236800
OI205,20220218,20220218,112404000,11:24:04,11817,207408,153715,24557107200,10,0,1184000
OI205,20220218,20220218,112405000,11:24:05,11816,207409,153715,24557225600,1,0,118400
OI205,20220218,20220218,112405500,11:24:05,11817,207413,153717,24557699200,4,2,473600
OI205,20220218,20220218,112406000,11:24:06,11816,207417,153717,24558172800,4,0,473600
OI205,20220218,20220218,112406500,11:24:06,11816,207417,153717,24558172800,0,0,0
OI205,20220218,20220218,112407000,11:24:07,11816,207429,153710,24559593600,12,-7,1420800
OI205,20220218,20220218,112408000,11:24:08,11816,207434,153710,24560185600,5,0,592000
OI205,20220218,20220218,112409000,11:24:11,11817,207436,153710,24560422400,2,0,236800
OI205,20220218,20220218,112409500,11:24:11,11815,207437,153710,24560540800,1,0,118400
OI205,20220218,20220218,112410000,11:24:12,11815,207438,153709,24560659200,1,-1,118400
OI205,20220218,20220218,112411500,11:24:12,11815,207438,153709,24560659200,0,0,0
OI205,20220218,20220218,112412500,11:24:13,11815,207438,153709,24560659200,0,0,0
OI205,20220218,20220218,112413000,11:24:13,11815,207471,153708,24564566400,33,-1,3907200
OI205,20220218,20220218,112413500,11:24:14,11815,207472,153707,24564684800,1,-1,118400
OI205,20220218,20220218,112415500,11:24:15,11815,207472,153707,24564684800,0,0,0
OI205,20220218,20220218,112416500,11:24:17,11816,207476,153705,24565158400,4,-2,473600
OI205,20220218,20220218,112417000,11:24:17,11817,207477,153706,24565276800,1,1,118400
OI205,20220218,20220218,112417500,11:24:18,11817,207481,153704,24565750400,4,-2,473600
OI205,20220218,20220218,112418000,11:24:18,11817,207484,153706,24566105600,3,2,355200
OI205,20220218,20220218,112418500,11:24:19,11818,207492,153708,24567052800,8,2,947200
OI205,20220218,20220218,112419000,11:24:19,11818,207497,153711,24567644800,5,3,592000
OI205,20220218,20220218,112419500,11:24:19,11819,207522,153713,24570604800,25,2,2960000
OI205,20220218,20220218,112420000,11:24:20,11819,207538,153709,24572499200,16,-4,1894400
OI205,20220218,20220218,112420500,11:24:20,11818,207539,153709,24572617600,1,0,118400
OI205,20220218,20220218,112421000,11:24:21,11820,207541,153709,24572854400,2,0,236800
OI205,20220218,20220218,112422000,11:24:22,11820,207564,153705,24575577600,23,-4,2723200
OI205,20220218,20220218,112422500,11:24:23,11820,207584,153690,24577945600,20,-15,2368000
OI205,20220218,20220218,112423000,11:24:23,11820,207604,153681,24580313600,20,-9,2368000
OI205,20220218,20220218,112423500,11:24:24,11820,207604,153681,24580313600,0,0,0
OI205,20220218,20220218,112424000,11:24:24,11819,207607,153684,24580668800,3,3,355200
OI205,20220218,20220218,112424500,11:24:24,11818,207613,153684,24581379200,6,0,710400
OI205,20220218,20220218,112425000,11:24:25,11819,207614,153683,24581497600,1,-1,118400
OI205,20220218,20220218,112425500,11:24:25,11819,207614,153683,24581497600,0,0,0
OI205,20220218,20220218,112426000,11:24:26,11817,207625,153679,24582800000,11,-4,1302400
OI205,20220218,20220218,112426500,11:24:26,11817,207625,153679,24582800000,0,0,0
OI205,20220218,20220218,112427000,11:24:27,11817,207626,153678,24582918400,1,-1,118400
OI205,20220218,20220218,112427500,11:24:28,11817,207629,153678,24583273600,3,0,355200
OI205,20220218,20220218,112428000,11:24:28,11817,207629,153678,24583273600,0,0,0
OI205,20220218,20220218,112429000,11:24:29,11817,207629,153678,24583273600,0,0,0
OI205,20220218,20220218,112429500,11:24:29,11816,207633,153676,24583747200,4,-2,473600
OI205,20220218,20220218,112430000,11:24:30,11815,207648,153662,24585523200,15,-14,1776000
OI205,20220218,20220218,112430500,11:24:30,11815,207652,153660,24585996800,4,-2,473600
OI205,20220218,20220218,112431000,11:24:31,11815,207653,153659,24586115200,1,-1,118400
OI205,20220218,20220218,112431500,11:24:31,11815,207665,153659,24587536000,12,0,1420800
OI205,20220218,20220218,112432000,11:24:32,11815,207709,153680,24592745600,44,21,5209600
OI205,20220218,20220218,112432500,11:24:32,11817,207713,153680,24593219200,4,0,473600
OI205,20220218,20220218,112433000,11:24:33,11817,207719,153677,24593929600,6,-3,710400
OI205,20220218,20220218,112433500,11:24:33,11817,207719,153677,24593929600,0,0,0
OI205,20220218,20220218,112434500,11:24:34,11818,207721,153676,24594166400,2,-1,236800
OI205,20220218,20220218,112435000,11:24:35,11818,207724,153674,24594521600,3,-2,355200
OI205,20220218,20220218,112435500,11:24:35,11818,207725,153675,24594640000,1,1,118400
OI205,20220218,20220218,112436500,11:24:36,11818,207725,153675,24594640000,0,0,0
OI205,20220218,20220218,112437000,11:24:37,11818,207727,153674,24594876800,2,-1,236800
OI205,20220218,20220218,112437500,11:24:37,11818,207728,153674,24594995200,1,0,118400
OI205,20220218,20220218,112438000,11:24:39,11818,207728,153674,24594995200,0,0,0
OI205,20220218,20220218,112438500,11:24:39,11818,207731,153674,24595350400,3,0,355200
OI205,20220218,20220218,112439000,11:24:40,11818,207734,153673,24595705600,3,-1,355200
OI205,20220218,20220218,112439500,11:24:40,11818,207734,153673,24595705600,0,0,0
OI205,20220218,20220218,112440000,11:24:40,11818,207734,153673,24595705600,0,0,0
OI205,20220218,20220218,112440500,11:24:40,11817,207738,153671,24596179200,4,-2,473600
OI205,20220218,20220218,112441000,11:24:41,11817,207739,153671,24596297600,1,0,118400
OI205,20220218,20220218,112441500,11:24:41,11817,207739,153671,24596297600,0,0,0
OI205,20220218,20220218,112442000,11:24:42,11817,207739,153671,24596297600,0,0,0
OI205,20220218,20220218,112442500,11:24:42,11817,207741,153671,24596534400,2,0,236800
OI205,20220218,20220218,112443000,11:24:43,11816,207742,153671,24596652800,1,0,118400
OI205,20220218,20220218,112443500,11:24:43,11816,207742,153671,24596652800,0,0,0
OI205,20220218,20220218,112444000,11:24:44,11816,207754,153664,24598073600,12,-7,1420800
OI205,20220218,20220218,112444500,11:24:44,11816,207761,153668,24598902400,7,4,828800
OI205,20220218,20220218,112445000,11:24:45,11816,207761,153668,24598902400,0,0,0
OI205,20220218,20220218,112445500,11:24:45,11817,207762,153668,24599020800,1,0,118400
OI205,20220218,20220218,112446000,11:24:46,11817,207763,153667,24599139200,1,-1,118400
OI205,20220218,20220218,112446500,11:24:46,11817,207763,153667,24599139200,0,0,0
OI205,20220218,20220218,112450000,11:24:50,11818,207765,153667,24599376000,2,0,236800
OI205,20220218,20220218,112450500,11:24:50,11818,207767,153668,24599612800,2,1,236800
OI205,20220218,20220218,112451000,11:24:51,11818,207767,153668,24599612800,0,0,0
OI205,20220218,20220218,112451500,11:24:51,11818,207767,153668,24599612800,0,0,0
OI205,20220218,20220218,112452000,11:24:52,11818,207767,153668,24599612800,0,0,0
OI205,20220218,20220218,112452500,11:24:52,11816,207769,153669,24599849600,2,1,236800
OI205,20220218,20220218,112453500,11:24:53,11818,207776,153672,24600678400,7,3,828800
OI205,20220218,20220218,112454000,11:24:54,11817,207778,153674,24600915200,2,2,236800
OI205,20220218,20220218,112454500,11:24:54,11819,207826,153688,24606598400,48,14,5683200
OI205,20220218,20220218,112455000,11:24:55,11820,207835,153685,24607664000,9,-3,1065600
OI205,20220218,20220218,112455500,11:24:56,11820,207842,153689,24608492800,7,4,828800
OI205,20220218,20220218,112456000,11:24:56,11819,207848,153687,24609203200,6,-2,710400
OI205,20220218,20220218,112456500,11:24:56,11819,207856,153680,24610150400,8,-7,947200
OI205,20220218,20220218,112457000,11:24:57,11820,207864,153673,24611097600,8,-7,947200
OI205,20220218,20220218,112458000,11:24:58,11819,207865,153673,24611216000,1,0,118400
OI205,20220218,20220218,112458500,11:24:58,11819,207866,153674,24611334400,1,1,118400
OI205,20220218,20220218,112459500,11:24:59,11819,207866,153674,24611334400,0,0,0
OI205,20220218,20220218,112500000,11:25:00,11819,207868,153674,24611571200,2,0,236800
OI205,20220218,20220218,112500500,11:25:01,11820,207870,153672,24611808000,2,-2,236800
OI205,20220218,20220218,112501000,11:25:02,11820,207877,153671,24612636800,7,-1,828800
OI205,20220218,20220218,112501500,11:25:03,11819,207880,153669,24612992000,3,-2,355200
OI205,20220218,20220218,112502000,11:25:05,11821,207883,153669,24613347200,3,0,355200
OI205,20220218,20220218,112502500,11:25:06,11820,207885,153668,24613584000,2,-1,236800
OI205,20220218,20220218,112504500,11:25:06,11819,207913,153656,24616899200,28,-12,3315200
OI205,20220218,20220218,112505500,11:25:06,11819,207926,153651,24618438400,13,-5,1539200
OI205,20220218,20220218,112506000,11:25:07,11818,207944,153644,24620569600,18,-7,2131200
OI205,20220218,20220218,112506500,11:25:07,11819,207948,153644,24621043200,4,0,473600
OI205,20220218,20220218,112507000,11:25:07,11820,207956,153643,24621990400,8,-1,947200
OI205,20220218,20220218,112507500,11:25:07,11820,207956,153643,24621990400,0,0,0
OI205,20220218,20220218,112508000,11:25:08,11820,207956,153643,24621990400,0,0,0
OI205,20220218,20220218,112508500,11:25:08,11820,207962,153646,24622700800,6,3,710400
OI205,20220218,20220218,112509000,11:25:09,11820,207964,153645,24622937600,2,-1,236800
OI205,20220218,20220218,112509500,11:25:09,11821,207967,153645,24623292800,3,0,355200
OI205,20220218,20220218,112510000,11:25:10,11821,207968,153644,24623411200,1,-1,118400
OI205,20220218,20220218,112510500,11:25:10,11820,207969,153643,24623529600,1,-1,118400
OI205,20220218,20220218,112511000,11:25:11,11819,207970,153644,24623648000,1,1,118400
OI205,20220218,20220218,112511500,11:25:11,11820,207973,153644,24624003200,3,0,355200
OI205,20220218,20220218,112512000,11:25:12,11820,207974,153643,24624121600,1,-1,118400
OI205,20220218,20220218,112513500,11:25:15,11820,207975,153642,24624240000,1,-1,118400
OI205,20220218,20220218,112514000,11:25:15,11821,207976,153641,24624358400,1,-1,118400
OI205,20220218,20220218,112514500,11:25:15,11821,207977,153640,24624476800,1,-1,118400
OI205,20220218,20220218,112515500,11:25:16,11821,207978,153640,24624595200,1,0,118400
OI205,20220218,20220218,112516000,11:25:16,11821,207984,153638,24625305600,6,-2,710400
OI205,20220218,20220218,112516500,11:25:16,11821,208025,153657,24630160000,41,19,4854400
OI205,20220218,20220218,112517000,11:25:17,11822,208033,153654,24631107200,8,-3,947200
OI205,20220218,20220218,112517500,11:25:18,11823,208040,153655,24631936000,7,1,828800
OI205,20220218,20220218,112518000,11:25:18,11823,208059,153667,24634185600,19,12,2249600
OI205,20220218,20220218,112518500,11:25:19,11823,208067,153667,24635132800,8,0,947200
OI205,20220218,20220218,112519000,11:25:19,11823,208093,153670,24638211200,26,3,3078400
OI205,20220218,20220218,112519500,11:25:19,11823,208109,153668,24640105600,16,-2,1894400
OI205,20220218,20220218,112520000,11:25:20,11822,208115,153667,24640816000,6,-1,710400
OI205,20220218,20220218,112520500,11:25:21,11822,208129,153670,24642473600,14,3,1657600
OI205,20220218,20220218,112521000,11:25:21,11822,208135,153666,24643184000,6,-4,710400
OI205,20220218,20220218,112521500,11:25:22,11824,208143,153665,24644131200,8,-1,947200
OI205,20220218,20220218,112522000,11:25:22,11824,208167,153685,24646972800,24,20,2841600
OI205,20220218,20220218,112522500,11:25:22,11824,208170,153684,24647328000,3,-1,355200
OI205,20220218,20220218,112523000,11:25:23,11825,208173,153685,24647683200,3,1,355200
OI205,20220218,20220218,112523500,11:25:24,11824,208180,153688,24648512000,7,3,828800
OI205,20220218,20220218,112524000,11:25:25,11825,208188,153691,24649459200,8,3,947200
OI205,20220218,20220218,112524500,11:25:25,11825,208210,153686,24652064000,22,-5,2604800
OI205,20220218,20220218,112525000,11:25:25,11824,208237,153673,24655260800,27,-13,3196800
OI205,20220218,20220218,112525500,11:25:26,11824,208246,153671,24656326400,9,-2,1065600
OI205,20220218,20220218,112526000,11:25:26,11824,208248,153672,24656563200,2,1,236800
OI205,20220218,20220218,112526500,11:25:27,11824,208248,153672,24656563200,0,0,0
OI205,20220218,20220218,112527000,11:25:27,11825,208254,153671,24657273600,6,-1,710400
OI205,20220218,20220218,112527500,11:25:28,11825,208265,153661,24658576000,11,-10,1302400
OI205,20220218,20220218,112528000,11:25:28,11824,208273,153661,24659523200,8,0,947200
OI205,20220218,20220218,112528500,11:25:28,11824,208286,153652,24661062400,13,-9,1539200
OI205,20220218,20220218,112529000,11:25:29,11823,208292,153653,24661772800,6,1,710400
OI205,20220218,20220218,112529500,11:25:30,11823,208297,153651,24662364800,5,-2,592000
OI205,20220218,20220218,112530000,11:25:30,11822,208308,153654,24663667200,11,3,1302400
OI205,20220218,20220218,112530500,11:25:31,11821,208320,153662,24665088000,12,8,1420800
OI205,20220218,20220218,112531000,11:25:31,11821,208320,153662,24665088000,0,0,0
OI205,20220218,20220218,112531500,11:25:32,11821,208320,153662,24665088000,0,0,0
OI205,20220218,20220218,112532000,11:25:32,11821,208320,153662,24665088000,0,0,0
OI205,20220218,20220218,112532500,11:25:33,11822,208322,153663,24665324800,2,1,236800
OI205,20220218,20220218,112533000,11:25:33,11821,208323,153663,24665443200,1,0,118400
OI205,20220218,20220218,112533500,11:25:33,11821,208323,153663,24665443200,0,0,0
OI205,20220218,20220218,112534000,11:25:34,11823,208327,153664,24665916800,4,1,473600
OI205,20220218,20220218,112534500,11:25:35,11822,208328,153663,24666035200,1,-1,118400
OI205,20220218,20220218,112535000,11:25:36,11822,208328,153663,24666035200,0,0,0
OI205,20220218,20220218,112535500,11:25:37,11824,208332,153661,24666508800,4,-2,473600
OI205,20220218,20220218,112536000,11:25:37,11824,208332,153661,24666508800,0,0,0
OI205,20220218,20220218,112536500,11:25:37,11824,208332,153661,24666508800,0,0,0
OI205,20220218,20220218,112537000,11:25:38,11824,208332,153661,24666508800,0,0,0
OI205,20220218,20220218,112537500,11:25:38,11823,208333,153661,24666627200,1,0,118400
OI205,20220218,20220218,112538000,11:25:38,11824,208334,153660,24666745600,1,-1,118400
OI205,20220218,20220218,112538500,11:25:39,11824,208334,153660,24666745600,0,0,0
OI205,20220218,20220218,112539000,11:25:39,11824,208335,153660,24666864000,1,0,118400
OI205,20220218,20220218,112539500,11:25:40,11823,208338,153660,24667219200,3,0,355200
OI205,20220218,20220218,112540000,11:25:40,11823,208338,153660,24667219200,0,0,0
OI205,20220218,20220218,112541500,11:25:41,11823,208348,153655,24668403200,10,-5,1184000
OI205,20220218,20220218,112542000,11:25:42,11823,208349,153655,24668521600,1,0,118400
OI205,20220218,20220218,112542500,11:25:42,11822,208351,153656,24668758400,2,1,236800
OI205,20220218,20220218,112543000,11:25:43,11822,208351,153656,24668758400,0,0,0
OI205,20220218,20220218,112543500,11:25:43,11822,208351,153656,24668758400,0,0,0
OI205,20220218,20220218,112544000,11:25:44,11822,208354,153656,24669113600,3,0,355200
OI205,20220218,20220218,112544500,11:25:44,11823,208363,153649,24670179200,9,-7,1065600
OI205,20220218,20220218,112545000,11:25:45,11823,208366,153648,24670534400,3,-1,355200
OI205,20220218,20220218,112545500,11:25:46,11824,208367,153648,24670652800,1,0,118400
OI205,20220218,20220218,112546000,11:25:47,11823,208368,153647,24670771200,1,-1,118400
OI205,20220218,20220218,112547000,11:25:48,11823,208369,153647,24670889600,1,0,118400
OI205,20220218,20220218,112547500,11:25:48,11824,208371,153646,24671126400,2,-1,236800
OI205,20220218,20220218,112548000,11:25:48,11824,208371,153646,24671126400,0,0,0
OI205,20220218,20220218,112548500,11:25:48,11822,208372,153647,24671244800,1,1,118400
OI205,20220218,20220218,112549000,11:25:49,11822,208373,153646,24671363200,1,-1,118400
OI205,20220218,20220218,112549500,11:25:49,11822,208379,153646,24672073600,6,0,710400
OI205,20220218,20220218,112550000,11:25:50,11822,208381,153644,24672310400,2,-2,236800
OI205,20220218,20220218,112550500,11:25:51,11822,208381,153644,24672310400,0,0,0
OI205,20220218,20220218,112551000,11:25:51,11822,208381,153644,24672310400,0,0,0
OI205,20220218,20220218,112551500,11:25:51,11822,208382,153644,24672428800,1,0,118400
OI205,20220218,20220218,112552000,11:25:52,11822,208382,153644,24672428800,0,0,0
OI205,20220218,20220218,112552500,11:25:52,11822,208382,153644,24672428800,0,0,0
OI205,20220218,20220218,112553000,11:25:53,11822,208384,153644,24672665600,2,0,236800
OI205,20220218,20220218,112553500,11:25:54,11823,208391,153639,24673494400,7,-5,828800
OI205,20220218,20220218,112554000,11:25:54,11823,208393,153639,24673731200,2,0,236800
OI205,20220218,20220218,112554500,11:25:55,11823,208395,153638,24673968000,2,-1,236800
OI205,20220218,20220218,112555500,11:25:56,11822,208403,153635,24674915200,8,-3,947200
OI205,20220218,20220218,112556000,11:25:57,11822,208403,153635,24674915200,0,0,0
OI205,20220218,20220218,112556500,11:25:57,11822,208406,153635,24675270400,3,0,355200
OI205,20220218,20220218,112557000,11:25:57,11822,208407,153635,24675388800,1,0,118400
OI205,20220218,20220218,112557500,11:25:57,11822,208407,153635,24675388800,0,0,0
OI205,20220218,20220218,112558000,11:25:59,11822,208408,153634,24675507200,1,-1,118400
OI205,20220218,20220218,112558500,11:25:59,11822,208408,153634,24675507200,0,0,0
OI205,20220218,20220218,112559000,11:26:00,11822,208408,153634,24675507200,0,0,0
OI205,20220218,20220218,112559500,11:26:00,11823,208410,153633,24675744000,2,-1,236800
OI205,20220218,20220218,112600000,11:26:00,11824,208415,153633,24676336000,5,0,592000
OI205,20220218,20220218,112600500,11:26:01,11824,208417,153633,24676572800,2,0,236800
OI205,20220218,20220218,112601000,11:26:01,11825,208420,153632,24676928000,3,-1,355200
OI205,20220218,20220218,112601500,11:26:01,11824,208422,153632,24677164800,2,0,236800
OI205,20220218,20220218,112602000,11:26:03,11823,208453,153604,24680835200,31,-28,3670400
OI205,20220218,20220218,112602500,11:26:03,11823,208464,153598,24682137600,11,-6,1302400
OI205,20220218,20220218,112603000,11:26:03,11822,208474,153592,24683321600,10,-6,1184000
OI205,20220218,20220218,112603500,11:26:04,11822,208476,153591,24683558400,2,-1,236800
OI205,20220218,20220218,112604000,11:26:05,11822,208478,153591,24683795200,2,0,236800
OI205,20220218,20220218,112604500,11:26:05,11823,208484,153588,24684505600,6,-3,710400
OI205,20220218,20220218,112605000,11:26:05,11823,208485,153588,24684624000,1,0,118400
OI205,20220218,20220218,112605500,11:26:06,11824,208490,153590,24685216000,5,2,592000
OI205,20220218,20220218,112606000,11:26:06,11824,208490,153590,24685216000,0,0,0
OI205,20220218,20220218,112606500,11:26:07,11823,208491,153590,24685334400,1,0,118400
OI205,20220218,20220218,112607000,11:26:09,11825,208521,153598,24688886400,30,8,3552000
OI205,20220218,20220218,112607500,11:26:09,11825,208537,153605,24690780800,16,7,1894400
OI205,20220218,20220218,112608000,11:26:09,11827,208539,153606,24691017600,2,1,236800
OI205,20220218,20220218,112609000,11:26:09,11826,208545,153605,24691728000,6,-1,710400
OI205,20220218,20220218,112609500,11:26:10,11826,208545,153605,24691728000,0,0,0
OI205,20220218,20220218,112610000,11:26:10,11826,208572,153623,24694924800,27,18,3196800
OI205,20220218,20220218,112610500,11:26:10,11827,208578,153623,24695635200,6,0,710400
OI205,20220218,20220218,112611000,11:26:11,11828,208593,153617,24697411200,15,-6,1776000
OI205,20220218,20220218,112611500,11:26:13,11827,208598,153616,24698003200,5,-1,592000
OI205,20220218,20220218,112612000,11:26:14,11826,208605,153615,24698832000,7,-1,828800
OI205,20220218,20220218,112612500,11:26:14,11827,208618,153608,24700371200,13,-7,1539200
OI205,20220218,20220218,112613000,11:26:15,11825,208625,153608,24701200000,7,0,828800
OI205,20220218,20220218,112614000,11:26:15,11826,208629,153605,24701673600,4,-3,473600
OI205,20220218,20220218,112614500,11:26:15,11825,208630,153605,24701792000,1,0,118400
OI205,20220218,20220218,112615000,11:26:16,11826,208643,153600,24703331200,13,-5,1539200
OI205,20220218,20220218,112615500,11:26:16,11828,208695,153609,24709488000,52,9,6156800
OI205,20220218,20220218,112616000,11:26:16,11828,208702,153609,24710316800,7,0,828800
OI205,20220218,20220218,112616500,11:26:17,11828,208714,153601,24711737600,12,-8,1420800
OI205,20220218,20220218,112617000,11:26:17,11827,208721,153599,24712566400,7,-2,828800
OI205,20220218,20220218,112617500,11:26:17,11827,208722,153600,24712684800,1,1,118400
OI205,20220218,20220218,112618000,11:26:18,11827,208725,153601,24713040000,3,1,355200
OI205,20220218,20220218,112618500,11:26:18,11827,208737,153606,24714460800,12,5,1420800
OI205,20220218,20220218,112619000,11:26:19,11827,208738,153606,24714579200,1,0,118400
OI205,20220218,20220218,112619500,11:26:20,11827,208739,153605,24714697600,1,-1,118400
OI205,20220218,20220218,112620000,11:26:20,11827,208740,153605,24714816000,1,0,118400
OI205,20220218,20220218,112620500,11:26:20,11828,208774,153584,24718841600,34,-21,4025600
OI205,20220218,20220218,112621000,11:26:21,11828,208832,153547,24725708800,58,-37,6867200
OI205,20220218,20220218,112621500,11:26:21,11828,208839,153549,24726537600,7,2,828800
OI205,20220218,20220218,112622000,11:26:22,11829,208846,153547,24727366400,7,-2,828800
OI205,20220218,20220218,112622500,11:26:23,11829,208863,153548,24729379200,17,1,2012800
OI205,20220218,20220218,112623000,11:26:23,11829,208868,153549,24729971200,5,1,592000
OI205,20220218,20220218,112623500,11:26:23,11828,208870,153547,24730208000,2,-2,236800
OI205,20220218,20220218,112624000,11:26:24,11829,208873,153548,24730563200,3,1,355200
OI205,20220218,20220218,112624500,11:26:24,11828,208875,153547,24730800000,2,-1,236800
OI205,20220218,20220218,112625000,11:26:25,11828,208879,153546,24731273600,4,-1,473600
OI205,20220218,20220218,112625500,11:26:25,11830,208889,153540,24732457600,10,-6,1184000
OI205,20220218,20220218,112626000,11:26:26,11830,208922,153541,24736364800,33,1,3907200
OI205,20220218,20220218,112626500,11:26:26,11829,209120,153579,24759808000,198,38,23443200
OI205,20220218,20220218,112627000,11:26:27,11831,209135,153568,24761584000,15,-11,1776000
OI205,20220218,20220218,112627500,11:26:27,11831,209159,153553,24764425600,24,-15,2841600
OI205,20220218,20220218,112628000,11:26:28,11831,209181,153547,24767030400,22,-6,2604800
OI205,20220218,20220218,112628500,11:26:28,11830,209190,153546,24768096000,9,-1,1065600
OI205,20220218,20220218,112629000,11:26:29,11832,209198,153541,24769043200,8,-5,947200
OI205,20220218,20220218,112629500,11:26:30,11832,209207,153538,24770108800,9,-3,1065600
OI205,20220218,20220218,112630000,11:26:31,11832,209214,153536,24770937600,7,-2,828800
OI205,20220218,20220218,112630500,11:26:31,11831,209215,153536,24771056000,1,0,118400
OI205,20220218,20220218,112631000,11:26:31,11832,209220,153536,24771648000,5,0,592000
OI205,20220218,20220218,112631500,11:26:32,11832,209224,153539,24772121600,4,3,473600
OI205,20220218,20220218,112632000,11:26:32,11830,209226,153541,24772358400,2,2,236800
OI205,20220218,20220218,112632500,11:26:32,11830,209230,153541,24772832000,4,0,473600
OI205,20220218,20220218,112633000,11:26:33,11830,209236,153541,24773542400,6,0,710400
OI205,20220218,20220218,112633500,11:26:34,11830,209238,153541,24773779200,2,0,236800
OI205,20220218,20220218,112634000,11:26:34,11830,209238,153541,24773779200,0,0,0
OI205,20220218,20220218,112634500,11:26:37,11831,209239,153541,24773897600,1,0,118400
OI205,20220218,20220218,112635000,11:26:37,11830,209244,153538,24774489600,5,-3,592000
OI205,20220218,20220218,112635500,11:26:38,11830,209250,153541,24775200000,6,3,710400
OI205,20220218,20220218,112636000,11:26:38,11830,209272,153533,24777804800,22,-8,2604800
OI205,20220218,20220218,112637000,11:26:38,11830,209286,153545,24779462400,14,12,1657600
OI205,20220218,20220218,112637500,11:27:10,11830,209286,153545,24779462400,0,0,0
OI205,20220218,20220218,112638000,11:27:10,11830,209287,153545,24779580800,1,0,118400
OI205,20220218,20220218,112653500,11:27:10,11830,209460,153544,24800064000,173,-1,20483200
OI205,20220218,20220218,112654000,11:27:12,11830,209462,153544,24800300800,2,0,236800
OI205,20220218,20220218,112710000,11:27:12,11834,209838,153471,24844819200,376,-73,44518400
OI205,20220218,20220218,112710500,11:27:12,11834,209844,153470,24845529600,6,-1,710400
OI205,20220218,20220218,112712000,11:27:12,11834,209913,153459,24853699200,69,-11,8169600
OI205,20220218,20220218,112712500,11:27:13,11835,209929,153447,24855593600,16,-12,1894400
OI205,20220218,20220218,112713000,11:27:13,11835,209939,153447,24856777600,10,0,1184000
OI205,20220218,20220218,112713500,11:27:14,11833,209946,153445,24857606400,7,-2,828800
OI205,20220218,20220218,112714000,11:27:14,11835,209955,153447,24858672000,9,2,1065600
OI205,20220218,20220218,112714500,11:27:15,11835,209962,153446,24859500800,7,-1,828800
OI205,20220218,20220218,112715000,11:27:15,11835,209973,153452,24860803200,11,6,1302400
OI205,20220218,20220218,112715500,11:27:16,11835,209980,153454,24861632000,7,2,828800
OI205,20220218,20220218,112716000,11:27:17,11835,209992,153455,24863052800,12,1,1420800
OI205,20220218,20220218,112716500,11:27:17,11835,209994,153454,24863289600,2,-1,236800
OI205,20220218,20220218,112717000,11:27:17,11835,209994,153454,24863289600,0,0,0
OI205,20220218,20220218,112717500,11:27:17,11833,210008,153446,24864947200,14,-8,1657600
OI205,20220218,20220218,112718000,11:27:18,11832,210043,153428,24869091200,35,-18,4144000
OI205,20220218,20220218,112718500,11:27:19,11832,210044,153429,24869209600,1,1,118400
OI205,20220218,20220218,112719000,11:27:19,11832,210044,153429,24869209600,0,0,0
OI205,20220218,20220218,112719500,11:27:20,11832,210051,153428,24870038400,7,-1,828800
OI205,20220218,20220218,112720000,11:27:20,11830,210054,153430,24870393600,3,2,355200
OI205,20220218,20220218,112720500,11:27:21,11831,210056,153431,24870630400,2,1,236800
OI205,20220218,20220218,112721000,11:27:21,11831,210059,153430,24870985600,3,-1,355200
OI205,20220218,20220218,112721500,11:27:22,11832,210065,153427,24871696000,6,-3,710400
OI205,20220218,20220218,112722000,11:27:22,11830,210067,153427,24871932800,2,0,236800
OI205,20220218,20220218,112722500,11:27:23,11830,210071,153426,24872406400,4,-1,473600
OI205,20220218,20220218,112723000,11:27:27,11830,210071,153426,24872406400,0,0,0
OI205,20220218,20220218,112723500,11:27:27,11830,210085,153418,24874064000,14,-8,1657600
OI205,20220218,20220218,112724000,11:27:27,11830,210087,153417,24874300800,2,-1,236800
OI205,20220218,20220218,112726500,11:27:27,11832,210106,153420,24876550400,19,3,2249600
OI205,20220218,20220218,112727000,11:27:27,11831,210107,153420,24876668800,1,0,118400
OI205,20220218,20220218,112727500,11:27:27,11831,210108,153420,24876787200,1,0,118400
OI205,20220218,20220218,112728000,11:27:28,11832,210115,153417,24877616000,7,-3,828800
OI205,20220218,20220218,112728500,11:27:28,11832,210117,153417,24877852800,2,0,236800
OI205,20220218,20220218,112729000,11:27:29,11832,210121,153416,24878326400,4,-1,473600
OI205,20220218,20220218,112729500,11:27:29,11832,210158,153380,24882707200,37,-36,4380800
OI205,20220218,20220218,112730000,11:27:30,11832,210164,153380,24883417600,6,0,710400
OI205,20220218,20220218,112730500,11:27:31,11831,210169,153382,24884009600,5,2,592000
OI205,20220218,20220218,112731000,11:27:32,11832,210176,153382,24884838400,7,0,828800
OI205,20220218,20220218,112731500,11:27:35,11833,210178,153381,24885075200,2,-1,236800
OI205,20220218,20220218,112732000,11:27:35,11833,210179,153380,24885193600,1,-1,118400
OI205,20220218,20220218,112732500,11:27:36,11831,210180,153379,24885312000,1,-1,118400
OI205,20220218,20220218,112735500,11:27:36,11833,210227,153373,24890876800,47,-6,5564800
OI205,20220218,20220218,112736000,11:27:36,11832,210229,153373,24891113600,2,0,236800
OI205,20220218,20220218,112736500,11:27:38,11833,210230,153374,24891232000,1,1,118400
OI205,20220218,20220218,112737000,11:27:38,11832,210231,153374,24891350400,1,0,118400
OI205,20220218,20220218,112737500,11:27:38,11833,210253,153360,24893955200,22,-14,2604800
OI205,20220218,20220218,112738000,11:27:38,11832,210257,153360,24894428800,4,0,473600
OI205,20220218,20220218,112738500,11:27:39,11832,210259,153360,24894665600,2,0,236800
OI205,20220218,20220218,112739000,11:27:39,11831,210261,153360,24894902400,2,0,236800
OI205,20220218,20220218,112740000,11:27:40,11832,210262,153359,24895020800,1,-1,118400
OI205,20220218,20220218,112740500,11:27:40,11832,210262,153359,24895020800,0,0,0
OI205,20220218,20220218,112741000,11:27:41,11832,210268,153355,24895731200,6,-4,710400
OI205,20220218,20220218,112741500,11:27:41,11834,210405,153364,24911952000,137,9,16220800
OI205,20220218,20220218,112742000,11:27:42,11834,210430,153360,24914912000,25,-4,2960000
OI205,20220218,20220218,112742500,11:27:43,11835,210441,153354,24916214400,11,-6,1302400
OI205,20220218,20220218,112743000,11:27:43,11834,210537,153348,24927580800,96,-6,11366400
OI205,20220218,20220218,112743500,11:27:43,11835,210577,153347,24932316800,40,-1,4736000
OI205,20220218,20220218,112744000,11:27:44,11835,210587,153343,24933500800,10,-4,1184000
OI205,20220218,20220218,112744500,11:27:45,11835,210591,153342,24933974400,4,-1,473600
OI205,20220218,20220218,112745000,11:27:46,11836,210769,153229,24955049600,178,-113,21075200
OI205,20220218,20220218,112745500,11:27:46,11837,210780,153226,24956352000,11,-3,1302400
OI205,20220218,20220218,112746000,11:27:46,11837,210793,153223,24957891200,13,-3,1539200
OI205,20220218,20220218,112746500,11:27:47,11836,210796,153221,24958246400,3,-2,355200
OI205,20220218,20220218,112747000,11:27:47,11837,210801,153222,24958838400,5,1,592000
OI205,20220218,20220218,112747500,11:27:47,11837,210832,153216,24962508800,31,-6,3670400
OI205,20220218,20220218,112748000,11:27:53,11836,210837,153217,24963100800,5,1,592000
OI205,20220218,20220218,112748500,11:27:54,11836,210845,153221,24964048000,8,4,947200
OI205,20220218,20220218,112749000,11:27:54,11836,210857,153216,24965468800,12,-5,1420800
OI205,20220218,20220218,112749500,11:27:54,11836,210861,153219,24965942400,4,3,473600
OI205,20220218,20220218,112754000,11:27:54,11836,210955,153179,24977072000,94,-40,11129600
OI205,20220218,20220218,112754500,11:27:55,11836,210955,153179,24977072000,0,0,0
OI205,20220218,20220218,112755000,11:27:55,11835,210956,153179,24977190400,1,0,118400
OI205,20220218,20220218,112755500,11:27:55,11835,210961,153183,24977782400,5,4,592000
OI205,20220218,20220218,112756000,11:27:56,11834,210963,153183,24978019200,2,0,236800
OI205,20220218,20220218,112756500,11:27:56,11835,210964,153182,24978137600,1,-1,118400
OI205,20220218,20220218,112757000,11:27:57,11835,210965,153182,24978256000,1,0,118400
OI205,20220218,20220218,112757500,11:27:57,11835,210966,153182,24978374400,1,0,118400
OI205,20220218,20220218,112758000,11:27:58,11834,210988,153177,24980979200,22,-5,2604800
OI205,20220218,20220218,112758500,11:27:59,11834,210988,153177,24980979200,0,0,0
OI205,20220218,20220218,112759000,11:27:59,11834,210989,153177,24981097600,1,0,118400
OI205,20220218,20220218,112759500,11:27:59,11833,210991,153177,24981334400,2,0,236800
OI205,20220218,20220218,112800000,11:28:01,11833,210993,153177,24981571200,2,0,236800
OI205,20220218,20220218,112800500,11:28:01,11834,210995,153175,24981808000,2,-2,236800
OI205,20220218,20220218,112801000,11:28:01,11834,211004,153167,24982873600,9,-8,1065600
OI205,20220218,20220218,112801500,11:28:02,11835,211009,153164,24983465600,5,-3,592000
OI205,20220218,20220218,112802000,11:28:03,11834,211010,153164,24983584000,1,0,118400
OI205,20220218,20220218,112802500,11:28:03,11834,211010,153164,24983584000,0,0,0
OI205,20220218,20220218,112803000,11:28:04,11835,211011,153164,24983702400,1,0,118400
OI205,20220218,20220218,112803500,11:28:04,11835,211025,153151,24985360000,14,-13,1657600
OI205,20220218,20220218,112804000,11:28:04,11832,211080,153122,24991872000,55,-29,6512000
OI205,20220218,20220218,112804500,11:28:05,11833,211095,153116,24993648000,15,-6,1776000
OI205,20220218,20220218,112805000,11:28:06,11831,211099,153112,24994121600,4,-4,473600
OI205,20220218,20220218,112805500,11:28:06,11830,211114,153102,24995897600,15,-10,1776000
OI205,20220218,20220218,112806000,11:28:10,11830,211116,153103,24996134400,2,1,236800
OI205,20220218,20220218,112806500,11:28:10,11830,211117,153102,24996252800,1,-1,118400
OI205,20220218,20220218,112807000,11:28:10,11831,211122,153106,24996844800,5,4,592000
OI205,20220218,20220218,112807500,11:28:11,11831,211122,153106,24996844800,0,0,0
OI205,20220218,20220218,112809500,11:28:11,11831,211125,153107,24997200000,3,1,355200
OI205,20220218,20220218,112810500,11:28:11,11831,211130,153103,24997792000,5,-4,592000
OI205,20220218,20220218,112811000,11:28:12,11831,211131,153102,24997910400,1,-1,118400
OI205,20220218,20220218,112811500,11:28:12,11831,211133,153103,24998147200,2,1,236800
OI205,20220218,20220218,112812000,11:28:12,11831,211135,153103,24998384000,2,0,236800
OI205,20220218,20220218,112812500,11:28:13,11832,211139,153101,24998857600,4,-2,473600
OI205,20220218,20220218,112813000,11:28:13,11832,211139,153101,24998857600,0,0,0
OI205,20220218,20220218,112813500,11:28:14,11835,211345,153144,25023248000,206,43,24390400
OI205,20220218,20220218,112814000,11:28:14,11834,211369,153148,25026089600,24,4,2841600
OI205,20220218,20220218,112814500,11:28:14,11834,211375,153150,25026800000,6,2,710400
OI205,20220218,20220218,112815000,11:28:15,11835,211376,153149,25026918400,1,-1,118400
OI205,20220218,20220218,112815500,11:28:15,11834,211382,153149,25027628800,6,0,710400
OI205,20220218,20220218,112816000,11:28:16,11834,211397,153155,25029404800,15,6,1776000
OI205,20220218,20220218,112816500,11:28:16,11836,211405,153159,25030352000,8,4,947200
OI205,20220218,20220218,112817000,11:28:17,11836,211405,153159,25030352000,0,0,0
OI205,20220218,20220218,112817500,11:28:17,11835,211407,153159,25030588800,2,0,236800
OI205,20220218,20220218,112818000,11:28:18,11835,211408,153159,25030707200,1,0,118400
OI205,20220218,20220218,112818500,11:28:18,11834,211409,153159,25030825600,1,0,118400
OI205,20220218,20220218,112819000,11:28:19,11834,211414,153158,25031417600,5,-1,592000
OI205,20220218,20220218,112819500,11:28:19,11834,211420,153157,25032128000,6,-1,710400
OI205,20220218,20220218,112820000,11:28:20,11833,211426,153163,25032838400,6,6,710400
OI205,20220218,20220218,112820500,11:28:20,11833,211427,153163,25032956800,1,0,118400
OI205,20220218,20220218,112821000,11:28:21,11833,211430,153163,25033312000,3,0,355200
OI205,20220218,20220218,112821500,11:28:22,11833,211430,153163,25033312000,0,0,0
OI205,20220218,20220218,112822000,11:28:22,11832,211431,153162,25033430400,1,-1,118400
OI205,20220218,20220218,112822500,11:28:22,11832,211431,153162,25033430400,0,0,0
OI205,20220218,20220218,112823000,11:28:23,11832,211431,153162,25033430400,0,0,0
OI205,20220218,20220218,112823500,11:28:23,11833,211435,153163,25033904000,4,1,473600
OI205,20220218,20220218,112824000,11:28:24,11833,211435,153163,25033904000,0,0,0
OI205,20220218,20220218,112824500,11:28:24,11833,211436,153162,25034022400,1,-1,118400
OI205,20220218,20220218,112825000,11:28:25,11833,211436,153162,25034022400,0,0,0
OI205,20220218,20220218,112825500,11:28:25,11834,211437,153162,25034140800,1,0,118400
OI205,20220218,20220218,112826000,11:28:26,11833,211439,153161,25034377600,2,-1,236800
OI205,20220218,20220218,112826500,11:28:27,11831,211461,153168,25036982400,22,7,2604800
OI205,20220218,20220218,112827000,11:28:27,11833,211466,153167,25037574400,5,-1,592000
OI205,20220218,20220218,112827500,11:28:27,11833,211477,153158,25038876800,11,-9,1302400
OI205,20220218,20220218,112828500,11:28:28,11833,211479,153158,25039113600,2,0,236800
OI205,20220218,20220218,112829000,11:28:29,11832,211483,153154,25039587200,4,-4,473600
OI205,20220218,20220218,112829500,11:28:29,11831,211486,153156,25039942400,3,2,355200
OI205,20220218,20220218,112830000,11:28:30,11832,211487,153156,25040060800,1,0,118400
OI205,20220218,20220218,112831500,11:28:31,11832,211487,153156,25040060800,0,0,0
OI205,20220218,20220218,112832000,11:28:32,11832,211491,153158,25040534400,4,2,473600
OI205,20220218,20220218,112832500,11:28:33,11831,211515,153164,25043376000,24,6,2841600
OI205,20220218,20220218,112833000,11:28:33,11831,211515,153164,25043376000,0,0,0
OI205,20220218,20220218,112833500,11:28:34,11831,211515,153164,25043376000,0,0,0
OI205,20220218,20220218,112834000,11:28:34,11830,211517,153165,25043612800,2,1,236800
OI205,20220218,20220218,112834500,11:28:34,11830,211518,153165,25043731200,1,0,118400
OI205,20220218,20220218,112835000,11:28:35,11830,211519,153165,25043849600,1,0,118400
OI205,20220218,20220218,112835500,11:28:36,11830,211523,153165,25044323200,4,0,473600
OI205,20220218,20220218,112836000,11:28:37,11831,211524,153166,25044441600,1,1,118400
OI205,20220218,20220218,112836500,11:28:37,11830,211531,153161,25045270400,7,-5,828800
OI205,20220218,20220218,112837500,11:28:38,11829,211532,153160,25045388800,1,-1,118400
OI205,20220218,20220218,112838000,11:28:38,11829,211533,153160,25045507200,1,0,118400
OI205,20220218,20220218,112838500,11:28:38,11829,211536,153158,25045862400,3,-2,355200
OI205,20220218,20220218,112839000,11:28:40,11829,211537,153159,25045980800,1,1,118400
OI205,20220218,20220218,112839500,11:28:40,11829,211541,153157,25046454400,4,-2,473600
OI205,20220218,20220218,112840000,11:28:40,11830,211543,153157,25046691200,2,0,236800
OI205,20220218,20220218,112840500,11:28:40,11830,211548,153157,25047283200,5,0,592000
OI205,20220218,20220218,112841000,11:28:41,11829,211549,153156,25047401600,1,-1,118400
OI205,20220218,20220218,112841500,11:28:41,11829,211550,153156,25047520000,1,0,118400
OI205,20220218,20220218,112842000,11:28:42,11830,211551,153157,25047638400,1,1,118400
OI205,20220218,20220218,112842500,11:28:42,11830,211551,153157,25047638400,0,0,0
OI205,20220218,20220218,112843000,11:28:43,11829,211552,153156,25047756800,1,-1,118400
OI205,20220218,20220218,112843500,11:28:44,11829,211554,153156,25047993600,2,0,236800
OI205,20220218,20220218,112844000,11:28:44,11830,211555,153156,25048112000,1,0,118400
OI205,20220218,20220218,112844500,11:28:44,11829,211559,153155,25048585600,4,-1,473600
OI205,20220218,20220218,112845000,11:28:45,11830,211564,153154,25049177600,5,-1,592000
OI205,20220218,20220218,112845500,11:28:45,11830,211565,153153,25049296000,1,-1,118400
OI205,20220218,20220218,112846000,11:28:46,11829,211571,153147,25050006400,6,-6,710400
OI205,20220218,20220218,112846500,11:28:46,11830,211572,153146,25050124800,1,-1,118400
OI205,20220218,20220218,112847000,11:28:47,11829,211573,153145,25050243200,1,-1,118400
OI205,20220218,20220218,112847500,11:28:47,11830,211574,153145,25050361600,1,0,118400
OI205,20220218,20220218,112848000,11:28:48,11829,211577,153143,25050716800,3,-2,355200
OI205,20220218,20220218,112848500,11:28:48,11830,211579,153143,25050953600,2,0,236800
OI205,20220218,20220218,112849000,11:28:49,11829,211582,153143,25051308800,3,0,355200
OI205,20220218,20220218,112849500,11:28:50,11829,211583,153144,25051427200,1,1,118400
OI205,20220218,20220218,112850000,11:28:50,11830,211585,153144,25051664000,2,0,236800
OI205,20220218,20220218,112850500,11:28:50,11830,211587,153143,25051900800,2,-1,236800
OI205,20220218,20220218,112851000,11:28:51,11830,211588,153143,25052019200,1,0,118400
OI205,20220218,20220218,112851500,11:28:51,11831,211589,153142,25052137600,1,-1,118400
OI205,20220218,20220218,112852000,11:28:52,11831,211593,153138,25052611200,4,-4,473600
OI205,20220218,20220218,112852500,11:28:53,11830,211596,153139,25052966400,3,1,355200
OI205,20220218,20220218,112853000,11:28:54,11830,211596,153139,25052966400,0,0,0
OI205,20220218,20220218,112854000,11:28:54,11829,211599,153142,25053321600,3,3,355200
OI205,20220218,20220218,112854500,11:28:54,11829,211615,153150,25055216000,16,8,1894400
OI205,20220218,20220218,112855000,11:28:55,11830,211619,153151,25055689600,4,1,473600
OI205,20220218,20220218,112856000,11:28:56,11830,211622,153154,25056044800,3,3,355200
OI205,20220218,20220218,112856500,11:28:56,11830,211627,153152,25056636800,5,-2,592000
OI205,20220218,20220218,112857000,11:28:57,11830,211627,153152,25056636800,0,0,0
OI205,20220218,20220218,112857500,11:28:58,11830,211629,153153,25056873600,2,1,236800
OI205,20220218,20220218,112859000,11:28:59,11831,211630,153152,25056992000,1,-1,118400
OI205,20220218,20220218,112859500,11:29:00,11831,211633,153152,25057347200,3,0,355200
OI205,20220218,20220218,112900000,11:29:00,11830,211634,153151,25057465600,1,-1,118400
OI205,20220218,20220218,112901000,11:29:01,11829,211650,153142,25059360000,16,-9,1894400
OI205,20220218,20220218,112901500,11:29:02,11832,211673,153133,25062083200,23,-9,2723200
OI205,20220218,20220218,112902000,11:29:02,11831,211682,153125,25063148800,9,-8,1065600
OI205,20220218,20220218,112902500,11:29:03,11832,211683,153125,25063267200,1,0,118400
OI205,20220218,20220218,112903000,11:29:03,11832,211684,153126,25063385600,1,1,118400
OI205,20220218,20220218,112904000,11:29:04,11832,211684,153126,25063385600,0,0,0
OI205,20220218,20220218,112904500,11:29:04,11831,211686,153126,25063622400,2,0,236800
OI205,20220218,20220218,112905000,11:29:05,11831,211686,153126,25063622400,0,0,0
OI205,20220218,20220218,112905500,11:29:06,11832,211688,153125,25063859200,2,-1,236800
OI205,20220218,20220218,112906000,11:29:06,11832,211695,153122,25064688000,7,-3,828800
OI205,20220218,20220218,112906500,11:29:06,11833,211702,153121,25065516800,7,-1,828800
OI205,20220218,20220218,112907000,11:29:07,11832,211709,153120,25066345600,7,-1,828800
OI205,20220218,20220218,112907500,11:29:08,11833,211712,153119,25066700800,3,-1,355200
OI205,20220218,20220218,112908000,11:29:08,11832,211713,153119,25066819200,1,0,118400
OI205,20220218,20220218,112908500,11:29:08,11831,211720,153116,25067648000,7,-3,828800
OI205,20220218,20220218,112909000,11:29:09,11832,211727,153111,25068476800,7,-5,828800
OI205,20220218,20220218,112909500,11:29:09,11832,211727,153111,25068476800,0,0,0
OI205,20220218,20220218,112910000,11:29:10,11830,211732,153113,25069068800,5,2,592000
OI205,20220218,20220218,112910500,11:29:10,11831,211733,153113,25069187200,1,0,118400
OI205,20220218,20220218,112911000,11:29:11,11831,211737,153111,25069660800,4,-2,473600
OI205,20220218,20220218,112911500,11:29:12,11831,211737,153111,25069660800,0,0,0
OI205,20220218,20220218,112912000,11:29:12,11830,211738,153112,25069779200,1,1,118400
OI205,20220218,20220218,112912500,11:29:12,11829,211739,153112,25069897600,1,0,118400
OI205,20220218,20220218,112913000,11:29:13,11829,211739,153112,25069897600,0,0,0
OI205,20220218,20220218,112913500,11:29:14,11829,211742,153111,25070252800,3,-1,355200
OI205,20220218,20220218,112914000,11:29:14,11829,211752,153108,25071436800,10,-3,1184000
OI205,20220218,20220218,112914500,11:29:15,11829,211754,153107,25071673600,2,-1,236800
OI205,20220218,20220218,112915000,11:29:15,11830,211758,153106,25072147200,4,-1,473600
OI205,20220218,20220218,112915500,11:29:16,11831,211775,153108,25074160000,17,2,2012800
OI205,20220218,20220218,112916000,11:29:16,11832,211782,153110,25074988800,7,2,828800
OI205,20220218,20220218,112916500,11:29:18,11832,211783,153110,25075107200,1,0,118400
OI205,20220218,20220218,112917000,11:29:20,11831,211784,153110,25075225600,1,0,118400
OI205,20220218,20220218,112917500,11:29:21,11831,211786,153108,25075462400,2,-2,236800
OI205,20220218,20220218,112918000,11:29:21,11832,211789,153106,25075817600,3,-2,355200
OI205,20220218,20220218,112920500,11:29:21,11832,211817,153095,25079132800,28,-11,3315200
OI205,20220218,20220218,112921000,11:29:22,11832,211817,153095,25079132800,0,0,0
OI205,20220218,20220218,112921500,11:29:24,11831,211819,153096,25079369600,2,1,236800
OI205,20220218,20220218,112922000,11:29:24,11832,211829,153102,25080553600,10,6,1184000
OI205,20220218,20220218,112922500,11:29:24,11832,211832,153104,25080908800,3,2,355200
OI205,20220218,20220218,112923000,11:29:24,11832,211835,153104,25081264000,3,0,355200
OI205,20220218,20220218,112923500,11:29:24,11831,211839,153105,25081737600,4,1,473600
OI205,20220218,20220218,112924500,11:29:24,11831,211839,153105,25081737600,0,0,0
OI205,20220218,20220218,112925000,11:29:25,11831,211840,153105,25081856000,1,0,118400
OI205,20220218,20220218,112925500,11:29:25,11831,211842,153105,25082092800,2,0,236800
OI205,20220218,20220218,112926000,11:29:26,11831,211852,153111,25083276800,10,6,1184000
OI205,20220218,20220218,112927500,11:29:27,11832,211853,153112,25083395200,1,1,118400
OI205,20220218,20220218,112928000,11:29:28,11830,211856,153112,25083750400,3,0,355200
OI205,20220218,20220218,112928500,11:29:28,11831,211857,153111,25083868800,1,-1,118400
OI205,20220218,20220218,112929500,11:29:29,11830,211862,153109,25084460800,5,-2,592000
OI205,20220218,20220218,112930000,11:29:30,11830,211862,153109,25084460800,0,0,0
OI205,20220218,20220218,112930500,11:29:30,11830,211869,153107,25085289600,7,-2,828800
OI205,20220218,20220218,112931000,11:29:32,11832,211873,153104,25085763200,4,-3,473600
OI205,20220218,20220218,112931500,11:29:32,11832,211876,153105,25086118400,3,1,355200
OI205,20220218,20220218,112932000,11:29:36,11832,211888,153108,25087539200,12,3,1420800
OI205,20220218,20220218,112932500,11:29:36,11832,211889,153109,25087657600,1,1,118400
OI205,20220218,20220218,112933000,11:29:37,11832,211891,153107,25087894400,2,-2,236800
OI205,20220218,20220218,112933500,11:29:38,11832,211895,153106,25088368000,4,-1,473600
OI205,20220218,20220218,112936500,11:29:38,11832,211905,153098,25089552000,10,-8,1184000
OI205,20220218,20220218,112937000,11:29:38,11832,211905,153098,25089552000,0,0,0
OI205,20220218,20220218,112937500,11:29:38,11833,211935,153108,25093104000,30,10,3552000
OI205,20220218,20220218,112938000,11:29:38,11834,211937,153109,25093340800,2,1,236800
OI205,20220218,20220218,112938500,11:29:39,11833,211943,153105,25094051200,6,-4,710400
OI205,20220218,20220218,112939000,11:29:39,11833,211943,153105,25094051200,0,0,0
OI205,20220218,20220218,112939500,11:29:40,11833,211946,153106,25094406400,3,1,355200
OI205,20220218,20220218,112940000,11:29:40,11833,211947,153106,25094524800,1,0,118400
OI205,20220218,20220218,112940500,11:29:40,11833,211952,153102,25095116800,5,-4,592000
OI205,20220218,20220218,112941000,11:29:41,11834,211954,153101,25095353600,2,-1,236800
OI205,20220218,20220218,112941500,11:29:42,11834,211961,153106,25096182400,7,5,828800
OI205,20220218,20220218,112942000,11:29:42,11834,211968,153104,25097011200,7,-2,828800
OI205,20220218,20220218,112942500,11:29:44,11833,211970,153104,25097248000,2,0,236800
OI205,20220218,20220218,112943000,11:29:45,11833,211972,153103,25097484800,2,-1,236800
OI205,20220218,20220218,112943500,11:29:45,11834,211973,153104,25097603200,1,1,118400
OI205,20220218,20220218,112944000,11:29:45,11833,211974,153104,25097721600,1,0,118400
OI205,20220218,20220218,112944500,11:29:45,11833,211978,153101,25098195200,4,-3,473600
OI205,20220218,20220218,112945000,11:29:46,11832,211981,153099,25098550400,3,-2,355200
OI205,20220218,20220218,112945500,11:29:46,11832,211986,153095,25099142400,5,-4,592000
OI205,20220218,20220218,112946000,11:29:46,11832,211988,153093,25099379200,2,-2,236800
OI205,20220218,20220218,112946500,11:29:47,11832,211988,153093,25099379200,0,0,0
OI205,20220218,20220218,112947000,11:29:47,11832,211994,153092,25100089600,6,-1,710400
OI205,20220218,20220218,112947500,11:29:48,11832,211999,153093,25100681600,5,1,592000
OI205,20220218,20220218,112948000,11:29:49,11833,212010,153090,25101984000,11,-3,1302400
OI205,20220218,20220218,112948500,11:29:49,11834,212014,153089,25102457600,4,-1,473600
OI205,20220218,20220218,112949000,11:29:50,11834,212016,153088,25102694400,2,-1,236800
OI205,20220218,20220218,112949500,11:29:50,11833,212017,153088,25102812800,1,0,118400
OI205,20220218,20220218,112950000,11:29:51,11833,212023,153083,25103523200,6,-5,710400
OI205,20220218,20220218,112950500,11:29:51,11832,212029,153078,25104233600,6,-5,710400
OI205,20220218,20220218,112951500,11:29:52,11835,212080,153075,25110272000,51,-3,6038400
OI205,20220218,20220218,112952500,11:29:53,11835,212081,153075,25110390400,1,0,118400
OI205,20220218,20220218,112953000,11:29:54,11835,212081,153075,25110390400,0,0,0
OI205,20220218,20220218,112953500,11:29:54,11834,212102,153070,25112876800,21,-5,2486400
OI205,20220218,20220218,112954000,11:29:54,11834,212123,153068,25115363200,21,-2,2486400
OI205,20220218,20220218,112954500,11:29:54,11835,212130,153073,25116192000,7,5,828800
OI205,20220218,20220218,112955000,11:29:55,11835,212131,153073,25116310400,1,0,118400
OI205,20220218,20220218,112955500,11:29:56,11835,212135,153074,25116784000,4,1,473600
OI205,20220218,20220218,112956000,11:29:56,11834,212139,153073,25117257600,4,-1,473600
OI205,20220218,20220218,112956500,11:30:00,11835,212141,153073,25117494400,2,0,236800
OI205,20220218,20220218,112957000,11:30:00,11835,212151,153067,25118678400,10,-6,1184000
OI205,20220218,20220218,112957500,11:30:02,11834,212162,153068,25119980800,11,1,1302400
OI205,20220218,20220218,112959500,11:30:02,11835,212183,153055,25122467200,21,-13,2486400
OI205,20220218,20220218,113000000,11:30:03,11834,212187,153053,25122940800,4,-2,473600
OI205,20220218,20220218,133001000,13:30:01,11832,212270,153029,25132768000,83,-24,9827200
OI205,20220218,20220218,133001500,13:30:02,11838,212624,152801,25174681600,354,-228,41913600
OI205,20220218,20220218,133002000,13:30:08,11836,212881,152722,25205110400,257,-79,30428800
OI205,20220218,20220218,133002500,13:30:10,11840,212928,152715,25210675200,47,-7,5564800
OI205,20220218,20220218,133008000,13:30:10,11833,213222,152628,25245484800,294,-87,34809600
OI205,20220218,20220218,133009500,13:30:10,11834,213263,152621,25250339200,41,-7,4854400
OI205,20220218,20220218,133010000,13:30:11,11833,213272,152614,25251404800,9,-7,1065600
OI205,20220218,20220218,133010500,13:30:12,11833,213273,152615,25251523200,1,1,118400
OI205,20220218,20220218,133011000,13:30:12,11833,213274,152616,25251641600,1,1,118400
OI205,20220218,20220218,133011500,13:30:13,11833,213287,152618,25253180800,13,2,1539200
OI205,20220218,20220218,133012500,13:30:13,11832,213291,152619,25253654400,4,1,473600
OI205,20220218,20220218,133013000,13:30:13,11832,213293,152618,25253891200,2,-1,236800
OI205,20220218,20220218,133013500,13:30:14,11833,213310,152620,25255904000,17,2,2012800
OI205,20220218,20220218,133014000,13:30:15,11832,213314,152618,25256377600,4,-2,473600
OI205,20220218,20220218,133014500,13:30:16,11833,213316,152618,25256614400,2,0,236800
OI205,20220218,20220218,133015000,13:30:17,11833,213319,152618,25256969600,3,0,355200
OI205,20220218,20220218,133016500,13:30:18,11831,213334,152617,25258745600,15,-1,1776000
OI205,20220218,20220218,133017000,13:30:18,11832,213344,152616,25259929600,10,-1,1184000
OI205,20220218,20220218,133017500,13:30:18,11831,213352,152622,25260876800,8,6,947200
OI205,20220218,20220218,133018500,13:30:20,11832,213366,152625,25262534400,14,3,1657600
OI205,20220218,20220218,133019000,13:30:20,11831,213373,152626,25263363200,7,1,828800
OI205,20220218,20220218,133019500,13:30:20,11831,213383,152625,25264547200,10,-1,1184000
OI205,20220218,20220218,133020000,13:30:21,11830,213385,152624,25264784000,2,-1,236800
OI205,20220218,20220218,133020500,13:30:21,11830,213396,152618,25266086400,11,-6,1302400
OI205,20220218,20220218,133021000,13:30:21,11830,213399,152621,25266441600,3,3,355200
OI205,20220218,20220218,133021500,13:30:22,11831,213406,152617,25267270400,7,-4,828800
OI205,20220218,20220218,133022000,13:30:38,11829,213412,152617,25267980800,6,0,710400
OI205,20220218,20220218,133022500,13:30:38,11833,213490,152584,25277216000,78,-33,9235200
OI205,20220218,20220218,133023000,13:30:39,11831,213500,152588,25278400000,10,4,1184000
OI205,20220218,20220218,133038000,13:30:40,11826,213695,152572,25301488000,195,-16,23088000
OI205,20220218,20220218,133038500,13:30:42,11827,213698,152573,25301843200,3,1,355200
OI205,20220218,20220218,133040500,13:30:42,11826,213721,152572,25304566400,23,-1,2723200
OI205,20220218,20220218,133041000,13:30:43,11826,213722,152573,25304684800,1,1,118400
OI205,20220218,20220218,133042500,13:30:44,11824,213736,152577,25306342400,14,4,1657600
OI205,20220218,20220218,133043000,13:30:44,11826,213737,152577,25306460800,1,0,118400
OI205,20220218,20220218,133043500,13:30:44,11824,213741,152579,25306934400,4,2,473600
OI205,20220218,20220218,133044000,13:30:45,11824,213741,152579,25306934400,0,0,0
OI205,20220218,20220218,133044500,13:30:46,11825,213744,152579,25307289600,3,0,355200
OI205,20220218,20220218,133045000,13:30:46,11824,213768,152590,25310131200,24,11,2841600
OI205,20220218,20220218,133045500,13:30:47,11824,213772,152590,25310604800,4,0,473600
OI205,20220218,20220218,133046000,13:30:47,11827,213785,152590,25312144000,13,0,1539200
OI205,20220218,20220218,133046500,13:30:47,11827,213788,152590,25312499200,3,0,355200
OI205,20220218,20220218,133047000,13:30:48,11827,213788,152590,25312499200,0,0,0
OI205,20220218,20220218,133047500,13:30:48,11826,213791,152592,25312854400,3,2,355200
OI205,20220218,20220218,133048000,13:30:48,11827,213792,152591,25312972800,1,-1,118400
OI205,20220218,20220218,133048500,13:30:49,11827,213797,152594,25313564800,5,3,592000
OI205,20220218,20220218,133049000,13:30:50,11827,213814,152599,25315577600,17,5,2012800
OI205,20220218,20220218,133049500,13:30:50,11829,213833,152612,25317827200,19,13,2249600
OI205,20220218,20220218,133050000,13:30:51,11829,213841,152608,25318774400,8,-4,947200
OI205,20220218,20220218,133050500,13:30:51,11830,213845,152606,25319248000,4,-2,473600
OI205,20220218,20220218,133051500,13:30:52,11830,213847,152606,25319484800,2,0,236800
OI205,20220218,20220218,133052000,13:30:53,11829,213848,152606,25319603200,1,0,118400
OI205,20220218,20220218,133052500,13:30:53,11828,213849,152606,25319721600,1,0,118400
OI205,20220218,20220218,133053000,13:30:54,11828,213850,152606,25319840000,1,0,118400
OI205,20220218,20220218,133053500,13:30:54,11828,213850,152606,25319840000,0,0,0
OI205,20220218,20220218,133054000,13:30:54,11828,213850,152606,25319840000,0,0,0
OI205,20220218,20220218,133054500,13:30:55,11829,213861,152610,25321142400,11,4,1302400
OI205,20220218,20220218,133055000,13:30:56,11829,213863,152611,25321379200,2,1,236800
OI205,20220218,20220218,133055500,13:30:56,11831,213867,152613,25321852800,4,2,473600
OI205,20220218,20220218,133056000,13:30:57,11830,213875,152616,25322800000,8,3,947200
OI205,20220218,20220218,133056500,13:30:57,11830,213885,152621,25323984000,10,5,1184000
OI205,20220218,20220218,133057000,13:30:58,11830,213894,152616,25325049600,9,-5,1065600
OI205,20220218,20220218,133057500,13:30:58,11832,213898,152613,25325523200,4,-3,473600
OI205,20220218,20220218,133058000,13:30:58,11830,213902,152612,25325996800,4,-1,473600
OI205,20220218,20220218,133058500,13:30:59,11830,213909,152617,25326825600,7,5,828800
OI205,20220218,20220218,133059000,13:30:59,11831,213923,152611,25328483200,14,-6,1657600
OI205,20220218,20220218,133059500,13:30:59,11831,213927,152611,25328956800,4,0,473600
OI205,20220218,20220218,133100000,13:31:00,11831,213928,152610,25329075200,1,-1,118400
OI205,20220218,20220218,133100500,13:31:01,11832,213938,152614,25330259200,10,4,1184000
OI205,20220218,20220218,133101000,13:31:01,11833,213963,152609,25333219200,25,-5,2960000
OI205,20220218,20220218,133101500,13:31:01,11836,213987,152617,25336060800,24,8,2841600
OI205,20220218,20220218,133102000,13:31:02,11836,214006,152623,25338310400,19,6,2249600
OI205,20220218,20220218,133102500,13:31:02,11835,214016,152623,25339494400,10,0,1184000
OI205,20220218,20220218,133103000,13:31:03,11837,214019,152623,25339849600,3,0,355200
OI205,20220218,20220218,133103500,13:31:04,11837,214026,152616,25340678400,7,-7,828800
OI205,20220218,20220218,133104000,13:31:06,11839,214046,152621,25343046400,20,5,2368000
OI205,20220218,20220218,133104500,13:31:06,11840,214059,152610,25344585600,13,-11,1539200
OI205,20220218,20220218,133105500,13:31:07,11840,214075,152601,25346480000,16,-9,1894400
OI205,20220218,20220218,133106000,13:31:08,11840,214079,152600,25346953600,4,-1,473600
OI205,20220218,20220218,133107500,13:31:08,11837,214149,152579,25355241600,70,-21,8288000
OI205,20220218,20220218,133108500,13:31:09,11837,214170,152572,25357728000,21,-7,2486400
OI205,20220218,20220218,133109000,13:31:09,11837,214170,152572,25357728000,0,0,0
OI205,20220218,20220218,133109500,13:31:10,11836,214171,152571,25357846400,1,-1,118400
OI205,20220218,20220218,133110000,13:31:11,11835,214177,152569,25358556800,6,-2,710400
OI205,20220218,20220218,133110500,13:31:11,11837,214183,152571,25359267200,6,2,710400
OI205,20220218,20220218,133111000,13:31:11,11836,214186,152569,25359622400,3,-2,355200
OI205,20220218,20220218,133111500,13:31:12,11836,214187,152569,25359740800,1,0,118400
OI205,20220218,20220218,133112000,13:31:13,11837,214195,152571,25360688000,8,2,947200
OI205,20220218,20220218,133112500,13:31:13,11838,214199,152568,25361161600,4,-3,473600
OI205,20220218,20220218,133113000,13:31:13,11838,214209,152563,25362345600,10,-5,1184000
OI205,20220218,20220218,133113500,13:31:14,11838,214213,152559,25362819200,4,-4,473600
OI205,20220218,20220218,133114000,13:31:15,11839,214216,152561,25363174400,3,2,355200
OI205,20220218,20220218,133114500,13:31:15,11840,214244,152565,25366489600,28,4,3315200
OI205,20220218,20220218,133115000,13:31:15,11839,214307,152574,25373948800,63,9,7459200
OI205,20220218,20220218,133115500,13:31:15,11841,214308,152573,25374067200,1,-1,118400
OI205,20220218,20220218,133116000,13:31:16,11841,214324,152580,25375961600,16,7,1894400
OI205,20220218,20220218,133116500,13:31:17,11842,214446,152577,25390406400,122,-3,14444800
OI205,20220218,20220218,133117000,13:31:17,11845,214559,152645,25403785600,113,68,13379200
OI205,20220218,20220218,133117500,13:31:18,11846,214695,152572,25419888000,136,-73,16102400
OI205,20220218,20220218,133118000,13:31:19,11845,214759,152577,25427465600,64,5,7577600
OI205,20220218,20220218,133118500,13:31:19,11845,214783,152565,25430307200,24,-12,2841600
OI205,20220218,20220218,133119000,13:31:19,11845,214797,152561,25431964800,14,-4,1657600
OI205,20220218,20220218,133119500,13:31:20,11844,214805,152562,25432912000,8,1,947200
OI205,20220218,20220218,133120000,13:31:20,11846,214823,152559,25435043200,18,-3,2131200
OI205,20220218,20220218,133120500,13:31:21,11845,214826,152560,25435398400,3,1,355200
OI205,20220218,20220218,133121000,13:31:21,11845,214830,152557,25435872000,4,-3,473600
OI205,20220218,20220218,133121500,13:31:22,11846,214835,152555,25436464000,5,-2,592000
OI205,20220218,20220218,133122000,13:31:22,11846,214877,152581,25441436800,42,26,4972800
OI205,20220218,20220218,133122500,13:31:25,11847,214884,152586,25442265600,7,5,828800
OI205,20220218,20220218,133123000,13:31:25,11848,214890,152583,25442976000,6,-3,710400
OI205,20220218,20220218,133123500,13:31:25,11850,214971,152591,25452566400,81,8,9590400
OI205,20220218,20220218,133124000,13:31:25,11850,215148,152546,25473523200,177,-45,20956800
OI205,20220218,20220218,133124500,13:31:25,11852,215245,152530,25485008000,97,-16,11484800
OI205,20220218,20220218,133156000,13:31:56,11854,215328,152522,25494835200,83,-8,9827200
OI205,20220218,20220218,133158000,13:31:58,11855,215514,152484,25516857600,186,-38,22022400
OI205,20220218,20220218,133158500,13:31:58,11856,215605,152426,25527632000,91,-58,10774400
OI205,20220218,20220218,133159500,13:32:00,11857,215646,152415,25532486400,41,-11,4854400
OI205,20220218,20220218,133200000,13:32:00,11858,217204,152166,25716953600,1558,-249,184467200
OI205,20220218,20220218,133200500,13:32:01,11859,217237,152173,25720860800,33,7,3907200
OI205,20220218,20220218,133201000,13:32:01,11860,217260,152183,25723584000,23,10,2723200
OI205,20220218,20220218,133201500,13:32:01,11859,217268,152186,25724531200,8,3,947200
OI205,20220218,20220218,133202000,13:32:03,11859,217271,152187,25724886400,3,1,355200
OI205,20220218,20220218,133202500,13:32:04,11860,217275,152184,25725360000,4,-3,473600
OI205,20220218,20220218,133203000,13:32:05,11860,217289,152189,25727017600,14,5,1657600
OI205,20220218,20220218,133203500,13:32:05,11861,217297,152192,25727964800,8,3,947200
OI205,20220218,20220218,133204000,13:32:05,11861,217310,152197,25729504000,13,5,1539200
OI205,20220218,20220218,133205000,13:32:05,11862,217346,152218,25733766400,36,21,4262400
OI205,20220218,20220218,133205500,13:32:06,11863,217353,152219,25734595200,7,1,828800
OI205,20220218,20220218,133206000,13:32:07,11863,217364,152219,25735897600,11,0,1302400
OI205,20220218,20220218,133206500,13:32:07,11864,217381,152209,25737910400,17,-10,2012800
OI205,20220218,20220218,133207000,13:32:07,11864,217404,152193,25740633600,23,-16,2723200
OI205,20220218,20220218,133207500,13:32:07,11864,217411,152190,25741462400,7,-3,828800
OI205,20220218,20220218,133208000,13:32:09,11863,217421,152192,25742646400,10,2,1184000
OI205,20220218,20220218,133208500,13:32:10,11863,217460,152188,25747264000,39,-4,4617600
OI205,20220218,20220218,133209000,13:32:10,11863,217466,152189,25747974400,6,1,710400
OI205,20220218,20220218,133209500,13:32:10,11861,217472,152187,25748684800,6,-2,710400
OI205,20220218,20220218,133210000,13:32:11,11861,217476,152189,25749158400,4,2,473600
OI205,20220218,20220218,133210500,13:32:13,11860,217507,152188,25752828800,31,-1,3670400
OI205,20220218,20220218,133211000,13:32:14,11859,217524,152180,25754841600,17,-8,2012800
OI205,20220218,20220218,133213000,13:32:15,11856,217580,152161,25761472000,56,-19,6630400
OI205,20220218,20220218,133214000,13:32:15,11856,217605,152159,25764432000,25,-2,2960000
OI205,20220218,20220218,133214500,13:32:16,11858,217621,152165,25766326400,16,6,1894400
OI205,20220218,20220218,133215000,13:32:16,11858,217632,152168,25767628800,11,3,1302400
OI205,20220218,20220218,133215500,13:32:16,11859,217666,152189,25771654400,34,21,4025600
OI205,20220218,20220218,133216000,13:32:17,11861,217672,152193,25772364800,6,4,710400
OI205,20220218,20220218,133216500,13:32:17,11860,217680,152194,25773312000,8,1,947200
OI205,20220218,20220218,133217000,13:32:17,11861,217681,152194,25773430400,1,0,118400
OI205,20220218,20220218,133217500,13:32:18,11862,217685,152194,25773904000,4,0,473600
OI205,20220218,20220218,133218000,13:32:18,11861,217725,152221,25778640000,40,27,4736000
OI205,20220218,20220218,133218500,13:32:19,11862,217732,152223,25779468800,7,2,828800
OI205,20220218,20220218,133219000,13:32:20,11863,217763,152232,25783139200,31,9,3670400
OI205,20220218,20220218,133219500,13:32:20,11863,217768,152228,25783731200,5,-4,592000
OI205,20220218,20220218,133220000,13:32:20,11863,217770,152228,25783968000,2,0,236800
OI205,20220218,20220218,133220500,13:32:21,11863,217775,152227,25784560000,5,-1,592000
OI205,20220218,20220218,133221000,13:32:21,11864,217823,152212,25790243200,48,-15,5683200
OI205,20220218,20220218,133221500,13:32:22,11863,217828,152208,25790835200,5,-4,592000
OI205,20220218,20220218,133222000,13:32:22,11864,217843,152203,25792611200,15,-5,1776000
OI205,20220218,20220218,133222500,13:32:23,11865,217911,152158,25800662400,68,-45,8051200
OI205,20220218,20220218,133223000,13:32:24,11862,217932,152160,25803148800,21,2,2486400
OI205,20220218,20220218,133223500,13:32:24,11863,217945,152165,25804688000,13,5,1539200
OI205,20220218,20220218,133224000,13:32:24,11863,217947,152166,25804924800,2,1,236800
OI205,20220218,20220218,133224500,13:32:25,11863,217957,152168,25806108800,10,2,1184000
OI205,20220218,20220218,133225000,13:32:25,11862,217966,152172,25807174400,9,4,1065600
OI205,20220218,20220218,133225500,13:32:26,11863,217979,152173,25808713600,13,1,1539200
OI205,20220218,20220218,133226000,13:32:27,11863,217979,152173,25808713600,0,0,0
OI205,20220218,20220218,133226500,13:32:27,11863,217985,152175,25809424000,6,2,710400
OI205,20220218,20220218,133227000,13:32:27,11863,217989,152176,25809897600,4,1,473600
OI205,20220218,20220218,133227500,13:32:28,11863,217989,152176,25809897600,0,0,0
OI205,20220218,20220218,133228000,13:32:32,11862,217991,152177,25810134400,2,1,236800
OI205,20220218,20220218,133228500,13:32:32,11863,217992,152177,25810252800,1,0,118400
OI205,20220218,20220218,133229000,13:32:33,11862,217993,152177,25810371200,1,0,118400
OI205,20220218,20220218,133232000,13:32:34,11859,218034,152168,25815225600,41,-9,4854400
OI205,20220218,20220218,133232500,13:32:35,11859,218040,152166,25815936000,6,-2,710400
OI205,20220218,20220218,133234500,13:32:35,11859,218078,152158,25820435200,38,-8,4499200
OI205,20220218,20220218,133235000,13:32:36,11859,218078,152158,25820435200,0,0,0
OI205,20220218,20220218,133235500,13:32:36,11859,218078,152158,25820435200,0,0,0
OI205,20220218,20220218,133236000,13:32:37,11858,218090,152163,25821856000,12,5,1420800
OI205,20220218,20220218,133236500,13:32:37,11859,218092,152162,25822092800,2,-1,236800
OI205,20220218,20220218,133237000,13:32:37,11859,218093,152163,25822211200,1,1,118400
OI205,20220218,20220218,133237500,13:32:37,11858,218096,152164,25822566400,3,1,355200
OI205,20220218,20220218,133238000,13:32:38,11858,218099,152163,25822921600,3,-1,355200
OI205,20220218,20220218,133238500,13:32:39,11858,218104,152161,25823513600,5,-2,592000
OI205,20220218,20220218,133239000,13:32:39,11858,218105,152160,25823632000,1,-1,118400
OI205,20220218,20220218,133239500,13:32:40,11858,218110,152158,25824224000,5,-2,592000
OI205,20220218,20220218,133240000,13:32:40,11859,218127,152158,25826236800,17,0,2012800
OI205,20220218,20220218,133240500,13:32:40,11857,218128,152159,25826355200,1,1,118400
OI205,20220218,20220218,133241000,13:32:41,11858,218131,152159,25826710400,3,0,355200
OI205,20220218,20220218,133241500,13:32:42,11859,218132,152158,25826828800,1,-1,118400
OI205,20220218,20220218,133242000,13:32:42,11859,218135,152158,25827184000,3,0,355200
OI205,20220218,20220218,133242500,13:32:42,11858,218138,152158,25827539200,3,0,355200
OI205,20220218,20220218,133243000,13:32:43,11858,218138,152158,25827539200,0,0,0
OI205,20220218,20220218,133243500,13:32:43,11859,218139,152158,25827657600,1,0,118400
OI205,20220218,20220218,133244000,13:32:44,11858,218146,152163,25828486400,7,5,828800
OI205,20220218,20220218,133244500,13:32:45,11860,218148,152162,25828723200,2,-1,236800
OI205,20220218,20220218,133245000,13:32:45,11858,218164,152157,25830617600,16,-5,1894400
OI205,20220218,20220218,133245500,13:32:45,11858,218168,152153,25831091200,4,-4,473600
OI205,20220218,20220218,133246000,13:32:47,11857,218212,152151,25836300800,44,-2,5209600
OI205,20220218,20220218,133246500,13:32:47,11855,218245,152135,25840208000,33,-16,3907200
OI205,20220218,20220218,133247000,13:32:47,11856,218254,152134,25841273600,9,-1,1065600
OI205,20220218,20220218,133247500,13:32:48,11855,218258,152131,25841747200,4,-3,473600
OI205,20220218,20220218,133248000,13:32:48,11854,218261,152128,25842102400,3,-3,355200
OI205,20220218,20220218,133248500,13:32:49,11855,218276,152119,25843878400,15,-9,1776000
OI205,20220218,20220218,133249000,13:32:49,11856,218280,152119,25844352000,4,0,473600
OI205,20220218,20220218,133249500,13:32:49,11854,218285,152116,25844944000,5,-3,592000
OI205,20220218,20220218,133250000,13:32:51,11854,218290,152116,25845536000,5,0,592000
OI205,20220218,20220218,133250500,13:32:52,11855,218295,152118,25846128000,5,2,592000
OI205,20220218,20220218,133251000,13:32:52,11854,218306,152115,25847430400,11,-3,1302400
OI205,20220218,20220218,133251500,13:32:53,11854,218314,152113,25848377600,8,-2,947200
OI205,20220218,20220218,133252500,13:32:53,11853,218363,152108,25854179200,49,-5,5801600
OI205,20220218,20220218,133253000,13:32:53,11854,218388,152104,25857139200,25,-4,2960000
OI205,20220218,20220218,133253500,13:32:54,11854,218435,152075,25862704000,47,-29,5564800
OI205,20220218,20220218,133254000,13:32:54,11855,218508,152069,25871347200,73,-6,8643200
OI205,20220218,20220218,133254500,13:32:55,11855,218508,152069,25871347200,0,0,0
OI205,20220218,20220218,133255000,13:32:55,11855,218508,152069,25871347200,0,0,0
OI205,20220218,20220218,133255500,13:32:55,11854,218515,152069,25872176000,7,0,828800
OI205,20220218,20220218,133256000,13:32:56,11854,218517,152069,25872412800,2,0,236800
OI205,20220218,20220218,133256500,13:32:56,11855,218529,152073,25873833600,12,4,1420800
OI205,20220218,20220218,133257000,13:32:59,11855,218537,152068,25874780800,8,-5,947200
OI205,20220218,20220218,133257500,13:33:00,11853,218562,152053,25877740800,25,-15,2960000
OI205,20220218,20220218,133258000,13:33:00,11853,218562,152053,25877740800,0,0,0
OI205,20220218,20220218,133259500,13:33:00,11853,218585,152056,25880464000,23,3,2723200
OI205,20220218,20220218,133300000,13:33:01,11853,218586,152055,25880582400,1,-1,118400
OI205,20220218,20220218,133300500,13:33:01,11853,218588,152055,25880819200,2,0,236800
OI205,20220218,20220218,133301000,13:33:02,11853,218591,152056,25881174400,3,1,355200
OI205,20220218,20220218,133301500,13:33:02,11853,218616,152049,25884134400,25,-7,2960000
OI205,20220218,20220218,133302000,13:33:03,11854,218627,152048,25885436800,11,-1,1302400
OI205,20220218,20220218,133302500,13:33:03,11855,218645,152049,25887568000,18,1,2131200
OI205,20220218,20220218,133303000,13:33:03,11855,218649,152048,25888041600,4,-1,473600
OI205,20220218,20220218,133303500,13:33:04,11856,218661,152044,25889462400,12,-4,1420800
OI205,20220218,20220218,133304000,13:33:04,11856,218688,152024,25892659200,27,-20,3196800
OI205,20220218,20220218,133304500,13:33:05,11855,218703,152014,25894435200,15,-10,1776000
OI205,20220218,20220218,133305000,13:33:05,11857,218708,152014,25895027200,5,0,592000
OI205,20220218,20220218,133305500,13:33:05,11856,218718,152011,25896211200,10,-3,1184000
OI205,20220218,20220218,133306000,13:33:06,11857,218724,152010,25896921600,6,-1,710400
OI205,20220218,20220218,133306500,13:33:06,11857,218730,152006,25897632000,6,-4,710400
OI205,20220218,20220218,133307000,13:33:07,11858,218733,152006,25897987200,3,0,355200
OI205,20220218,20220218,133307500,13:33:08,11858,218735,152005,25898224000,2,-1,236800
OI205,20220218,20220218,133308000,13:33:08,11857,218738,152006,25898579200,3,1,355200
OI205,20220218,20220218,133308500,13:33:09,11858,218744,152006,25899289600,6,0,710400
OI205,20220218,20220218,133309000,13:33:09,11858,218767,151990,25902012800,23,-16,2723200
OI205,20220218,20220218,133309500,13:33:11,11859,218810,152002,25907104000,43,12,5091200
OI205,20220218,20220218,133310000,13:33:11,11859,218818,152002,25908051200,8,0,947200
OI205,20220218,20220218,133310500,13:33:12,11859,218827,151995,25909116800,9,-7,1065600
OI205,20220218,20220218,133311000,13:33:12,11858,218831,151995,25909590400,4,0,473600
OI205,20220218,20220218,133311500,13:33:14,11858,218852,151989,25912076800,21,-6,2486400
OI205,20220218,20220218,133312000,13:33:14,11857,218856,151992,25912550400,4,3,473600
OI205,20220218,20220218,133312500,13:33:14,11856,218879,151993,25915273600,23,1,2723200
OI205,20220218,20220218,133313500,13:33:14,11857,218886,151994,25916102400,7,1,828800
OI205,20220218,20220218,133314000,13:33:17,11858,218891,151995,25916694400,5,1,592000
OI205,20220218,20220218,133314500,13:33:17,11857,218894,151996,25917049600,3,1,355200
OI205,20220218,20220218,133315000,13:33:18,11857,218894,151996,25917049600,0,0,0
OI205,20220218,20220218,133315500,13:33:18,11858,218895,151997,25917168000,1,1,118400
OI205,20220218,20220218,133317000,13:33:18,11858,218895,151997,25917168000,0,0,0
OI205,20220218,20220218,133317500,13:33:19,11858,218895,151997,25917168000,0,0,0
OI205,20220218,20220218,133318000,13:33:19,11858,218911,151995,25919062400,16,-2,1894400
OI205,20220218,20220218,133318500,13:33:19,11858,218915,151992,25919536000,4,-3,473600
OI205,20220218,20220218,133319000,13:33:20,11859,218920,151993,25920128000,5,1,592000
OI205,20220218,20220218,133319500,13:33:20,11859,218930,151997,25921312000,10,4,1184000
OI205,20220218,20220218,133320000,13:33:21,11860,218986,152036,25927942400,56,39,6630400
OI205,20220218,20220218,133320500,13:33:21,11860,218989,152037,25928297600,3,1,355200
OI205,20220218,20220218,133321000,13:33:22,11860,218989,152037,25928297600,0,0,0
OI205,20220218,20220218,133321500,13:33:22,11861,219000,152047,25929600000,11,10,1302400
OI205,20220218,20220218,133322000,13:33:22,11861,219020,152048,25931968000,20,1,2368000
OI205,20220218,20220218,133322500,13:33:22,11860,219043,152030,25934691200,23,-18,2723200
OI205,20220218,20220218,133323000,13:33:23,11860,219047,152030,25935164800,4,0,473600
OI205,20220218,20220218,133323500,13:33:24,11859,219074,152012,25938361600,27,-18,3196800
OI205,20220218,20220218,133324000,13:33:24,11860,219115,151979,25943216000,41,-33,4854400
OI205,20220218,20220218,133324500,13:33:25,11860,219132,151972,25945228800,17,-7,2012800
OI205,20220218,20220218,133325000,13:33:26,11859,219137,151977,25945820800,5,5,592000
OI205,20220218,20220218,133325500,13:33:27,11860,219141,151981,25946294400,4,4,473600
OI205,20220218,20220218,133326500,13:33:29,11859,219143,151980,25946531200,2,-1,236800
OI205,20220218,20220218,133327000,13:33:29,11858,219145,151980,25946768000,2,0,236800
OI205,20220218,20220218,133327500,13:33:29,11859,219154,151981,25947833600,9,1,1065600
OI205,20220218,20220218,133328500,13:33:30,11859,219176,151985,25952630160,22,4,4796560
OI205,20220218,20220218,133329500,13:33:30,11858,219187,151990,25953932670,11,5,1302510
OI205,20220218,20220218,133330000,13:33:30,11858,219211,151991,25956774510,24,1,2841840
OI205,20220218,20220218,133330500,13:33:31,11858,219212,151990,25956892920,1,-1,118410
OI205,20220218,20220218,133331000,13:33:32,11858,219215,151988,25957248150,3,-2,355230
OI205,20220218,20220218,133331500,13:33:32,11858,219217,151989,25957484970,2,1,236820
OI205,20220218,20220218,133332500,13:33:33,11859,219228,151986,25958787480,11,-3,1302510
OI205,20220218,20220218,133333000,13:33:33,11859,219232,151986,25959261120,4,0,473640
OI205,20220218,20220218,133333500,13:33:33,11859,219234,151986,25959497940,2,0,236820
OI205,20220218,20220218,133334000,13:33:34,11859,219234,151986,25959497940,0,0,0
OI205,20220218,20220218,133334500,13:33:35,11858,219238,151984,25959971580,4,-2,473640
OI205,20220218,20220218,133335000,13:33:35,11859,219239,151984,25960089990,1,0,118410
OI205,20220218,20220218,133335500,13:33:35,11859,219248,151984,25961155680,9,0,1065690
OI205,20220218,20220218,133336000,13:33:36,11859,219256,151985,25962102960,8,1,947280
OI205,20220218,20220218,133336500,13:33:36,11859,219262,151987,25962813420,6,2,710460
OI205,20220218,20220218,133337000,13:33:37,11859,219264,151988,25963050240,2,1,236820
OI205,20220218,20220218,133337500,13:33:37,11860,219268,151988,25963523880,4,0,473640
OI205,20220218,20220218,133338000,13:33:38,11859,219271,151988,25963879110,3,0,355230
OI205,20220218,20220218,133338500,13:33:39,11859,219283,151984,25965300030,12,-4,1420920
OI205,20220218,20220218,133339000,13:33:39,11859,219284,151983,25965418440,1,-1,118410
OI205,20220218,20220218,133339500,13:33:40,11859,219286,151982,25965655260,2,-1,236820
OI205,20220218,20220218,133340000,13:33:40,11859,219288,151982,25965892080,2,0,236820
OI205,20220218,20220218,133340500,13:33:41,11859,219289,151982,25966010490,1,0,118410
OI205,20220218,20220218,133341000,13:33:41,11859,219289,151982,25966010490,0,0,0
OI205,20220218,20220218,133341500,13:33:42,11858,219292,151984,25966365720,3,2,355230
OI205,20220218,20220218,133342000,13:33:42,11859,219298,151979,25967076180,6,-5,710460
OI205,20220218,20220218,133342500,13:33:42,11856,219375,151955,25976193750,77,-24,9117570
OI205,20220218,20220218,133343000,13:33:43,11854,219386,151952,25977496260,11,-3,1302510
OI205,20220218,20220218,133343500,13:33:44,11854,219398,151947,25978917180,12,-5,1420920
OI205,20220218,20220218,133344000,13:33:45,11854,219400,151947,25979154000,2,0,236820
OI205,20220218,20220218,133344500,13:33:45,11854,219406,151948,25979864460,6,1,710460
OI205,20220218,20220218,133345000,13:33:45,11854,219409,151948,25980219690,3,0,355230
OI205,20220218,20220218,133345500,13:33:47,11854,219410,151949,25980338100,1,1,118410
OI205,20220218,20220218,133346000,13:33:48,11854,219421,151948,25981640610,11,-1,1302510
OI205,20220218,20220218,133346500,13:33:48,11854,219466,151947,25986969060,45,-1,5328450
OI205,20220218,20220218,133347000,13:33:48,11854,219473,151948,25987797930,7,1,828870
OI205,20220218,20220218,133347500,13:33:49,11855,219477,151947,25988271570,4,-1,473640
OI205,20220218,20220218,133348000,13:33:49,11855,219477,151947,25988271570,0,0,0
OI205,20220218,20220218,133348500,13:33:49,11854,219480,151947,25988626800,3,0,355230
OI205,20220218,20220218,133349000,13:33:50,11854,219484,151949,25989100440,4,2,473640
OI205,20220218,20220218,133349500,13:33:50,11855,219487,151951,25989455670,3,2,355230
OI205,20220218,20220218,133350000,13:33:50,11854,219489,151951,25989692490,2,0,236820
OI205,20220218,20220218,133350500,13:33:50,11855,219490,151951,25989810900,1,0,118410
OI205,20220218,20220218,133351000,13:33:51,11854,219496,151952,25990521360,6,1,710460
OI205,20220218,20220218,133351500,13:33:52,11854,219496,151952,25990521360,0,0,0
OI205,20220218,20220218,133352000,13:33:52,11854,219496,151952,25990521360,0,0,0
OI205,20220218,20220218,133352500,13:33:52,11854,219498,151952,25990758180,2,0,236820
OI205,20220218,20220218,133353000,13:33:53,11854,219500,151952,25990995000,2,0,236820
OI205,20220218,20220218,133353500,13:33:53,11854,219502,151952,25991231820,2,0,236820
OI205,20220218,20220218,133354000,13:33:54,11854,219504,151952,25991468640,2,0,236820
OI205,20220218,20220218,133354500,13:33:55,11855,219508,151954,25991942280,4,2,473640
OI205,20220218,20220218,133355000,13:33:56,11855,219508,151954,25991942280,0,0,0
OI205,20220218,20220218,133355500,13:33:56,11854,219511,151954,25992297510,3,0,355230
OI205,20220218,20220218,133356000,13:33:56,11853,219513,151954,25992534330,2,0,236820
OI205,20220218,20220218,133356500,13:33:57,11854,219516,151954,25992889560,3,0,355230
OI205,20220218,20220218,133357000,13:33:58,11855,219521,151956,25993481610,5,2,592050
OI205,20220218,20220218,133357500,13:33:58,11854,219523,151955,25993718430,2,-1,236820
OI205,20220218,20220218,133358000,13:33:58,11855,219527,151952,25994192070,4,-3,473640
OI205,20220218,20220218,133358500,13:33:58,11855,219528,151951,25994310480,1,-1,118410
OI205,20220218,20220218,133359000,13:33:59,11855,219533,151950,25994902530,5,-1,592050
OI205,20220218,20220218,133359500,13:33:59,11854,219535,151951,25995139350,2,1,236820
OI205,20220218,20220218,133400000,13:34:00,11854,219537,151950,25995376170,2,-1,236820
OI205,20220218,20220218,133400500,13:34:00,11854,219538,151951,25995494580,1,1,118410
OI205,20220218,20220218,133401000,13:34:01,11855,219546,151954,25996441860,8,3,947280
OI205,20220218,20220218,133401500,13:34:02,11854,219549,151956,25996797090,3,2,355230
OI205,20220218,20220218,133402000,13:34:10,11854,219552,151957,25997152320,3,1,355230
OI205,20220218,20220218,133403000,13:34:10,11856,219574,151972,25999757340,22,15,2605020
OI205,20220218,20220218,133410000,13:34:11,11862,219746,151960,26020123860,172,-12,20366520
OI205,20220218,20220218,133410500,13:34:12,11862,219752,151954,26020834320,6,-6,710460
OI205,20220218,20220218,133411000,13:34:12,11862,219754,151955,26021071140,2,1,236820
OI205,20220218,20220218,133411500,13:34:12,11861,219775,151956,26023557750,21,1,2486610
OI205,20220218,20220218,133412000,13:34:12,11861,219777,151958,26023794570,2,2,236820
OI205,20220218,20220218,133412500,13:34:13,11861,219781,151957,26024268210,4,-1,473640
OI205,20220218,20220218,133413000,13:34:13,11860,219790,151954,26025333900,9,-3,1065690
OI205,20220218,20220218,133413500,13:34:14,11860,219805,151950,26027110050,15,-4,1776150
OI205,20220218,20220218,133414000,13:34:14,11860,219805,151950,26027110050,0,0,0
OI205,20220218,20220218,133414500,13:34:15,11860,219831,151956,26030188710,26,6,3078660
OI205,20220218,20220218,133415000,13:34:15,11859,219841,151962,26031372810,10,6,1184100
OI205,20220218,20220218,133415500,13:34:16,11859,219844,151960,26031728040,3,-2,355230
OI205,20220218,20220218,133416000,13:34:16,11861,219847,151960,26032083270,3,0,355230
OI205,20220218,20220218,133416500,13:34:16,11861,219849,151958,26032320090,2,-2,236820
OI205,20220218,20220218,133417000,13:34:17,11861,219850,151957,26032438500,1,-1,118410
OI205,20220218,20220218,133417500,13:34:17,11860,219854,151957,26032912140,4,0,473640
OI205,20220218,20220218,133418000,13:34:18,11861,219855,151956,26033030550,1,-1,118410
OI205,20220218,20220218,133418500,13:34:19,11861,219860,151952,26033622600,5,-4,592050
OI205,20220218,20220218,133419000,13:34:19,11861,219860,151952,26033622600,0,0,0
OI205,20220218,20220218,133419500,13:34:20,11860,219868,151951,26034569880,8,-1,947280
OI205,20220218,20220218,133420000,13:34:20,11860,219872,151953,26035043520,4,2,473640
OI205,20220218,20220218,133420500,13:34:21,11861,219882,151954,26036227620,10,1,1184100
OI205,20220218,20220218,133421000,13:34:23,11861,219882,151954,26036227620,0,0,0
OI205,20220218,20220218,133421500,13:34:23,11860,219885,151954,26036582850,3,0,355230
OI205,20220218,20220218,133423500,13:34:24,11860,219906,151955,26039069460,21,1,2486610
OI205,20220218,20220218,133424000,13:34:24,11861,219915,151955,26040135150,9,0,1065690
OI205,20220218,20220218,133424500,13:34:24,11861,219921,151954,26040845610,6,-1,710460
OI205,20220218,20220218,133425000,13:34:25,11861,219927,151948,26041556070,6,-6,710460
OI205,20220218,20220218,133425500,13:34:26,11862,219930,151949,26041911300,3,1,355230
OI205,20220218,20220218,133426000,13:34:26,11861,219937,151952,26042740170,7,3,828870
OI205,20220218,20220218,133426500,13:34:26,11862,219955,151956,26044871550,18,4,2131380
OI205,20220218,20220218,133427000,13:34:27,11862,219971,151952,26046766110,16,-4,1894560
OI205,20220218,20220218,133427500,13:34:27,11863,219973,151950,26047002930,2,-2,236820
OI205,20220218,20220218,133428000,13:34:28,11863,219976,151948,26047358160,3,-2,355230
OI205,20220218,20220218,133428500,13:34:29,11863,219981,151949,26047950210,5,1,592050
OI205,20220218,20220218,133429000,13:34:29,11863,219996,151947,26049726360,15,-2,1776150
OI205,20220218,20220218,133429500,13:34:29,11864,220009,151955,26051265690,13,8,1539330
OI205,20220218,20220218,133430000,13:34:30,11863,220013,151954,26051739330,4,-1,473640
OI205,20220218,20220218,133430500,13:34:30,11863,220017,151954,26052212970,4,0,473640
OI205,20220218,20220218,133431000,13:34:31,11864,220018,151955,26052331380,1,1,118410
OI205,20220218,20220218,133431500,13:34:31,11863,220035,151962,26054344350,17,7,2012970
OI205,20220218,20220218,133432000,13:34:32,11863,220035,151962,26054344350,0,0,0
OI205,20220218,20220218,133432500,13:34:32,11862,220099,151920,26061922590,64,-42,7578240
OI205,20220218,20220218,133433000,13:34:33,11862,220113,151925,26063580330,14,5,1657740
OI205,20220218,20220218,133433500,13:34:34,11862,220118,151921,26064172380,5,-4,592050
OI205,20220218,20220218,133434000,13:34:34,11862,220122,151920,26064646020,4,-1,473640
OI205,20220218,20220218,133434500,13:34:35,11861,220124,151919,26064882840,2,-1,236820
OI205,20220218,20220218,133435000,13:34:35,11862,220125,151919,26065001250,1,0,118410
OI205,20220218,20220218,133435500,13:34:36,11862,220141,151915,26066895810,16,-4,1894560
OI205,20220218,20220218,133436000,13:34:36,11862,220145,151919,26067369450,4,4,473640
OI205,20220218,20220218,133436500,13:34:36,11863,220211,151975,26075184510,66,56,7815060
OI205,20220218,20220218,133437000,13:34:37,11865,220288,152001,26084302080,77,26,9117570
OI205,20220218,20220218,133437500,13:34:38,11864,220309,151995,26086788690,21,-6,2486610
OI205,20220218,20220218,133438000,13:34:38,11864,220318,151990,26087854380,9,-5,1065690
OI205,20220218,20220218,133438500,13:34:38,11865,220339,151980,26090340990,21,-10,2486610
OI205,20220218,20220218,133439000,13:34:39,11866,220349,151978,26091525090,10,-2,1184100
OI205,20220218,20220218,133439500,13:34:39,11867,220393,151951,26096735130,44,-27,5210040
OI205,20220218,20220218,133440500,13:34:41,11867,220431,151917,26101234710,38,-34,4499580
OI205,20220218,20220218,133441000,13:34:41,11868,220515,151899,26111181150,84,-18,9946440
OI205,20220218,20220218,133441500,13:34:42,11868,220547,151911,26114970270,32,12,3789120
OI205,20220218,20220218,133442000,13:34:44,11867,220570,151901,26117693700,23,-10,2723430
OI205,20220218,20220218,133442500,13:34:44,11869,220596,151900,26120772360,26,-1,3078660
OI205,20220218,20220218,133443000,13:34:45,11870,220626,151885,26124324660,30,-15,3552300
OI205,20220218,20220218,133443500,13:34:45,11869,220730,151809,26136639300,104,-76,12314640
OI205,20220218,20220218,133444000,13:34:45,11870,220762,151807,26140428420,32,-2,3789120
OI205,20220218,20220218,133445000,13:34:46,11870,220842,151778,26149901220,80,-29,9472800
OI205,20220218,20220218,133445500,13:34:46,11871,220902,151778,26157005820,60,0,7104600
OI205,20220218,20220218,133446000,13:34:46,11871,220968,151754,26164820880,66,-24,7815060
OI205,20220218,20220218,133446500,13:34:47,11870,220977,151748,26165886570,9,-6,1065690
OI205,20220218,20220218,133447000,13:34:47,11870,220982,151747,26166478620,5,-1,592050
OI205,20220218,20220218,133447500,13:34:47,11870,220992,151744,26167662720,10,-3,1184100
OI205,20220218,20220218,133448000,13:34:48,11870,221011,151746,26169912510,19,2,2249790
OI205,20220218,20220218,133448500,13:34:49,11872,221033,151742,26172517530,22,-4,2605020
OI205,20220218,20220218,133449000,13:34:49,11871,221049,151742,26174412090,16,0,1894560
OI205,20220218,20220218,133449500,13:34:49,11871,221066,151739,26176425060,17,-3,2012970
OI205,20220218,20220218,133450000,13:34:51,11872,221085,151748,26178674850,19,9,2249790
OI205,20220218,20220218,133450500,13:34:51,11871,221097,151747,26180095770,12,-1,1420920
OI205,20220218,20220218,133451000,13:34:51,11870,221100,151746,26180451000,3,-1,355230
