OI203,20220218,20220218,112003000,11:20:04,12096,550,1645,66770000,550,-285,66770000
OI203,20220218,20220218,112004500,11:20:09,12096,550,1645,66770000,0,0,0
OI203,20220218,20220218,112005000,11:20:10,12096,550,1645,66770000,0,0,0
OI203,20220218,20220218,112005500,11:20:10,12096,550,1645,66770000,0,0,0
OI203,20220218,20220218,112007000,11:20:10,12096,550,1645,66770000,0,0,0
OI203,20220218,20220218,112007500,11:20:10,12096,550,1645,66770000,0,0,0
OI203,20220218,20220218,112008500,11:20:10,12096,550,1645,66770000,0,0,0
OI203,20220218,20220218,112009500,11:20:10,12096,550,1645,66770000,0,0,0
OI203,20220218,20220218,112010000,11:20:10,12096,550,1645,66770000,0,0,0
OI203,20220218,20220218,112013500,11:20:13,12096,550,1645,66770000,0,0,0
OI203,20220218,20220218,112014500,11:20:14,12096,550,1645,66770000,0,0,0
OI203,20220218,20220218,112015000,11:20:15,12096,550,1645,66770000,0,0,0
OI203,20220218,20220218,112015500,11:20:16,12096,550,1645,66770000,0,0,0
OI203,20220218,20220218,112016000,11:20:16,12096,550,1645,66770000,0,0,0
OI203,20220218,20220218,112016500,11:20:16,12096,550,1645,66770000,0,0,0
OI203,20220218,20220218,112017500,11:20:17,12096,550,1645,66770000,0,0,0
OI203,20220218,20220218,112018500,11:20:18,12096,550,1645,66770000,0,0,0
OI203,20220218,20220218,112019000,11:20:19,12096,550,1645,66770000,0,0,0
OI203,20220218,20220218,112020500,11:20:20,12096,550,1645,66770000,0,0,0
OI203,20220218,20220218,112021500,11:20:21,12096,550,1645,66770000,0,0,0
OI203,20220218,20220218,112022000,11:20:22,12096,550,1645,66770000,0,0,0
OI203,20220218,20220218,112028000,11:20:28,12096,550,1645,66770000,0,0,0
OI203,20220218,20220218,112029000,11:20:29,12096,550,1645,66770000,0,0,0
OI203,20220218,20220218,112029500,11:20:29,12096,550,1645,66770000,0,0,0
OI203,20220218,20220218,112030000,11:20:31,12096,550,1645,66770000,0,0,0
OI203,20220218,20220218,112030500,11:20:31,12096,550,1645,66770000,0,0,0
OI203,20220218,20220218,112031000,11:20:31,12096,550,1645,66770000,0,0,0
OI203,20220218,20220218,112031500,11:20:32,12096,550,1645,66770000,0,0,0
OI203,20220218,20220218,112032000,11:20:32,12096,550,1645,66770000,0,0,0
OI203,20220218,20220218,112034500,11:20:34,12096,550,1645,66770000,0,0,0
OI203,20220218,20220218,112035500,11:20:35,12096,550,1645,66770000,0,0,0
OI203,20220218,20220218,112038500,11:20:38,12096,550,1645,66770000,0,0,0
OI203,20220218,20220218,112042000,11:20:42,12096,550,1645,66770000,0,0,0
OI203,20220218,20220218,112042500,11:20:42,12096,550,1645,66770000,0,0,0
OI203,20220218,20220218,112043000,11:20:43,12096,550,1645,66770000,0,0,0
OI203,20220218,20220218,112044000,11:20:44,12096,550,1645,66770000,0,0,0
OI203,20220218,20220218,112044500,11:20:44,12096,550,1645,66770000,0,0,0
OI203,20220218,20220218,112045500,11:20:46,12096,550,1645,66770000,0,0,0
OI203,20220218,20220218,112046000,11:20:46,12096,550,1645,66770000,0,0,0
OI203,20220218,20220218,112047000,11:20:47,12096,550,1645,66770000,0,0,0
OI203,20220218,20220218,112047500,11:20:48,12096,550,1645,66770000,0,0,0
OI203,20220218,20220218,112048000,11:20:48,12096,550,1645,66770000,0,0,0
OI203,20220218,20220218,112048500,11:20:50,12096,550,1645,66770000,0,0,0
OI203,20220218,20220218,112050000,11:20:50,12096,550,1645,66770000,0,0,0
OI203,20220218,20220218,112050500,11:20:50,12096,550,1645,66770000,0,0,0
OI203,20220218,20220218,112051000,11:20:51,12096,550,1645,66770000,0,0,0
OI203,20220218,20220218,112051500,11:20:51,12096,550,1645,66770000,0,0,0
OI203,20220218,20220218,112052000,11:20:53,12096,550,1645,66770000,0,0,0
OI203,20220218,20220218,112054000,11:20:54,12096,550,1645,66770000,0,0,0
OI203,20220218,20220218,112101500,11:21:02,12096,550,1645,66770000,0,0,0
OI203,20220218,20220218,112102500,11:21:03,12096,550,1645,66770000,0,0,0
OI203,20220218,20220218,112103500,11:21:04,12096,550,1645,66770000,0,0,0
OI203,20220218,20220218,112109500,11:21:10,12096,550,1645,66770000,0,0,0
OI203,20220218,20220218,112110500,11:21:11,12096,550,1645,66770000,0,0,0
OI203,20220218,20220218,112111500,11:21:12,12096,550,1645,66770000,0,0,0
OI203,20220218,20220218,112113500,11:21:13,12096,550,1645,66770000,0,0,0
OI203,20220218,20220218,112114500,11:21:14,12096,550,1645,66770000,0,0,0
OI203,20220218,20220218,112115500,11:21:15,12096,550,1645,66770000,0,0,0
OI203,20220218,20220218,112116000,11:21:16,12096,550,1645,66770000,0,0,0
OI203,20220218,20220218,112116500,11:21:16,12096,550,1645,66770000,0,0,0
OI203,20220218,20220218,112117500,11:21:18,12096,550,1645,66770000,0,0,0
OI203,20220218,20220218,112119500,11:21:19,12096,550,1645,66770000,0,0,0
OI203,20220218,20220218,112120000,11:21:20,12096,550,1645,66770000,0,0,0
OI203,20220218,20220218,112120500,11:21:21,12096,550,1645,66770000,0,0,0
OI203,20220218,20220218,112121000,11:21:22,12096,550,1645,66770000,0,0,0
OI203,20220218,20220218,112121500,11:21:22,12096,550,1645,66770000,0,0,0
OI203,20220218,20220218,112122500,11:21:22,12096,550,1645,66770000,0,0,0
OI203,20220218,20220218,112123000,11:21:23,12096,550,1645,66770000,0,0,0
OI203,20220218,20220218,112124000,11:21:24,12096,550,1645,66770000,0,0,0
OI203,20220218,20220218,112124500,11:21:24,12096,550,1645,66770000,0,0,0
OI203,20220218,20220218,112125000,11:21:29,12096,550,1645,66770000,0,0,0
OI203,20220218,20220218,112329000,11:23:33,12096,550,1645,66770000,0,0,0
OI203,20220218,20220218,112335500,11:23:35,12096,550,1645,66770000,0,0,0
OI203,20220218,20220218,112336000,11:23:36,12096,550,1645,66770000,0,0,0
OI203,20220218,20220218,112337000,11:23:38,12096,550,1645,66770000,0,0,0
OI203,20220218,20220218,112337500,11:23:38,12096,550,1645,66770000,0,0,0
OI203,20220218,20220218,112338000,11:23:38,12096,550,1645,66770000,0,0,0
OI203,20220218,20220218,112339000,11:23:39,12096,550,1645,66770000,0,0,0
OI203,20220218,20220218,112339500,11:23:39,12096,550,1645,66770000,0,0,0
OI203,20220218,20220218,112340000,11:23:40,12096,550,1645,66770000,0,0,0
OI203,20220218,20220218,112341000,11:23:41,12096,550,1645,66770000,0,0,0
OI203,20220218,20220218,112346500,11:23:48,12096,550,1645,66770000,0,0,0
OI203,20220218,20220218,112349500,11:23:50,12096,550,1645,66770000,0,0,0
OI203,20220218,20220218,112351500,11:23:51,12096,550,1645,66770000,0,0,0
OI203,20220218,20220218,112353000,11:23:53,12096,550,1645,66770000,0,0,0
OI203,20220218,20220218,112353500,11:23:53,12096,550,1645,66770000,0,0,0
OI203,20220218,20220218,112354500,11:23:55,12096,550,1645,66770000,0,0,0
OI203,20220218,20220218,112356000,11:23:56,12096,550,1645,66770000,0,0,0
OI203,20220218,20220218,112359000,11:23:59,12096,550,1645,66770000,0,0,0
OI203,20220218,20220218,112400500,11:24:00,12096,550,1645,66770000,0,0,0
OI203,20220218,20220218,112401500,11:24:01,12096,550,1645,66770000,0,0,0
OI203,20220218,20220218,112402000,11:24:02,12096,550,1645,66770000,0,0,0
OI203,20220218,20220218,112403000,11:24:03,12096,550,1645,66770000,0,0,0
OI203,20220218,20220218,112404000,11:24:04,12096,550,1645,66770000,0,0,0
OI203,20220218,20220218,112405500,11:24:05,12096,550,1645,66770000,0,0,0
OI203,20220218,20220218,112406000,11:24:06,12096,550,1645,66770000,0,0,0
OI203,20220218,20220218,112407000,11:24:07,12096,550,1645,66770000,0,0,0
OI203,20220218,20220218,112409000,11:24:09,12096,550,1645,66770000,0,0,0
OI203,20220218,20220218,112411000,11:24:12,12096,550,1645,66770000,0,0,0
OI203,20220218,20220218,112411500,11:24:12,12096,550,1645,66770000,0,0,0
OI203,20220218,20220218,112412500,11:24:13,12096,550,1645,66770000,0,0,0
OI203,20220218,20220218,112413000,11:24:13,12096,550,1645,66770000,0,0,0
OI203,20220218,20220218,112413500,11:24:14,12096,550,1645,66770000,0,0,0
OI203,20220218,20220218,112415500,11:24:15,12096,550,1645,66770000,0,0,0
OI203,20220218,20220218,112416500,11:24:16,12096,550,1645,66770000,0,0,0
OI203,20220218,20220218,112417000,11:24:17,12096,550,1645,66770000,0,0,0
OI203,20220218,20220218,112417500,11:24:18,12096,550,1645,66770000,0,0,0
OI203,20220218,20220218,112418500,11:24:19,12096,550,1645,66770000,0,0,0
OI203,20220218,20220218,112419000,11:24:19,12096,550,1645,66770000,0,0,0
OI203,20220218,20220218,112419500,11:24:19,12096,550,1645,66770000,0,0,0
OI203,20220218,20220218,112420000,11:24:20,12096,550,1645,66770000,0,0,0
OI203,20220218,20220218,112421000,11:24:21,12096,550,1645,66770000,0,0,0
OI203,20220218,20220218,112422500,11:24:23,12096,550,1645,66770000,0,0,0
OI203,20220218,20220218,112423000,11:24:23,12096,550,1645,66770000,0,0,0
OI203,20220218,20220218,112424000,11:24:24,12096,550,1645,66770000,0,0,0
OI203,20220218,20220218,112424500,11:24:24,12096,550,1645,66770000,0,0,0
OI203,20220218,20220218,112426000,11:24:26,12096,550,1645,66770000,0,0,0
OI203,20220218,20220218,112429500,11:24:29,12096,550,1645,66770000,0,0,0
OI203,20220218,20220218,112430000,11:24:30,12096,550,1645,66770000,0,0,0
OI203,20220218,20220218,112430500,11:24:30,12096,550,1645,66770000,0,0,0
OI203,20220218,20220218,112431500,11:24:31,12096,550,1645,66770000,0,0,0
OI203,20220218,20220218,112432000,11:24:32,12096,550,1645,66770000,0,0,0
OI203,20220218,20220218,112432500,11:24:32,12096,550,1645,66770000,0,0,0
OI203,20220218,20220218,112433000,11:24:33,12096,550,1645,66770000,0,0,0
OI203,20220218,20220218,112433500,11:24:33,12096,550,1645,66770000,0,0,0
OI203,20220218,20220218,112435000,11:24:35,12096,550,1645,66770000,0,0,0
OI203,20220218,20220218,112435500,11:24:35,12096,550,1645,66770000,0,0,0
OI203,20220218,20220218,112436500,11:24:36,12096,550,1645,66770000,0,0,0
OI203,20220218,20220218,112437000,11:24:37,12096,550,1645,66770000,0,0,0
OI203,20220218,20220218,112439000,11:24:40,12096,550,1645,66770000,0,0,0
OI203,20220218,20220218,112440500,11:24:40,12096,550,1645,66770000,0,0,0
OI203,20220218,20220218,112441000,11:24:41,12096,550,1645,66770000,0,0,0
OI203,20220218,20220218,112442000,11:24:42,12096,550,1645,66770000,0,0,0
OI203,20220218,20220218,112442500,11:24:42,12096,550,1645,66770000,0,0,0
OI203,20220218,20220218,112443500,11:24:43,12096,550,1645,66770000,0,0,0
OI203,20220218,20220218,112444000,11:24:44,12096,550,1645,66770000,0,0,0
OI203,20220218,20220218,112444500,11:24:44,12096,550,1645,66770000,0,0,0
OI203,20220218,20220218,112445500,11:24:45,12096,550,1645,66770000,0,0,0
OI203,20220218,20220218,112452500,11:24:52,12096,550,1645,66770000,0,0,0
OI203,20220218,20220218,112453500,11:24:53,12096,550,1645,66770000,0,0,0
OI203,20220218,20220218,112454500,11:24:54,12096,550,1645,66770000,0,0,0
OI203,20220218,20220218,112455500,11:24:56,12096,550,1645,66770000,0,0,0
OI203,20220218,20220218,112456000,11:24:56,12096,550,1645,66770000,0,0,0
OI203,20220218,20220218,112456500,11:24:56,12096,550,1645,66770000,0,0,0
OI203,20220218,20220218,112457000,11:24:57,12096,550,1645,66770000,0,0,0
OI203,20220218,20220218,112458000,11:24:58,12096,550,1645,66770000,0,0,0
OI203,20220218,20220218,112458500,11:24:58,12096,550,1645,66770000,0,0,0
OI203,20220218,20220218,112459500,11:24:59,12096,550,1645,66770000,0,0,0
OI203,20220218,20220218,112500500,11:25:01,12096,550,1645,66770000,0,0,0
OI203,20220218,20220218,112501500,11:25:03,12096,550,1645,66770000,0,0,0
OI203,20220218,20220218,112502000,11:25:05,12096,550,1645,66770000,0,0,0
OI203,20220218,20220218,112503000,11:25:06,12096,550,1645,66770000,0,0,0
OI203,20220218,20220218,112505000,11:25:06,12096,550,1645,66770000,0,0,0
OI203,20220218,20220218,112505500,11:25:06,12096,550,1645,66770000,0,0,0
OI203,20220218,20220218,112506000,11:25:07,12096,550,1645,66770000,0,0,0
OI203,20220218,20220218,112506500,11:25:07,12096,550,1645,66770000,0,0,0
OI203,20220218,20220218,112507000,11:25:07,12096,550,1645,66770000,0,0,0
OI203,20220218,20220218,112507500,11:25:07,12096,550,1645,66770000,0,0,0
OI203,20220218,20220218,112508500,11:25:08,12096,550,1645,66770000,0,0,0
OI203,20220218,20220218,112509000,11:25:09,12096,550,1645,66770000,0,0,0
OI203,20220218,20220218,112509500,11:25:09,12096,550,1645,66770000,0,0,0
OI203,20220218,20220218,112511500,11:25:11,12096,550,1645,66770000,0,0,0
OI203,20220218,20220218,112512000,11:25:12,12096,550,1645,66770000,0,0,0
OI203,20220218,20220218,112513500,11:25:15,12096,550,1645,66770000,0,0,0
OI203,20220218,20220218,112516000,11:25:16,12096,550,1645,66770000,0,0,0
OI203,20220218,20220218,112516500,11:25:16,12096,550,1645,66770000,0,0,0
OI203,20220218,20220218,112518000,11:25:18,12096,550,1645,66770000,0,0,0
OI203,20220218,20220218,112518500,11:25:19,12096,550,1645,66770000,0,0,0
OI203,20220218,20220218,112519000,11:25:19,12096,550,1645,66770000,0,0,0
OI203,20220218,20220218,112519500,11:25:19,12096,550,1645,66770000,0,0,0
OI203,20220218,20220218,112520000,11:25:20,12096,550,1645,66770000,0,0,0
OI203,20220218,20220218,112520500,11:25:21,12096,550,1645,66770000,0,0,0
OI203,20220218,20220218,112521000,11:25:21,12096,550,1645,66770000,0,0,0
OI203,20220218,20220218,112521500,11:25:22,12096,550,1645,66770000,0,0,0
OI203,20220218,20220218,112522000,11:25:22,12096,550,1645,66770000,0,0,0
OI203,20220218,20220218,112522500,11:25:22,12096,550,1645,66770000,0,0,0
OI203,20220218,20220218,112524500,11:25:25,12096,550,1645,66770000,0,0,0
OI203,20220218,20220218,112525000,11:25:25,12096,550,1645,66770000,0,0,0
OI203,20220218,20220218,112525500,11:25:26,12096,550,1645,66770000,0,0,0
OI203,20220218,20220218,112527000,11:25:27,12096,550,1645,66770000,0,0,0
OI203,20220218,20220218,112527500,11:25:28,12096,550,1645,66770000,0,0,0
OI203,20220218,20220218,112528000,11:25:28,12096,550,1645,66770000,0,0,0
OI203,20220218,20220218,112528500,11:25:28,12096,550,1645,66770000,0,0,0
OI203,20220218,20220218,112529000,11:25:29,12096,550,1645,66770000,0,0,0
OI203,20220218,20220218,112529500,11:25:30,12096,550,1645,66770000,0,0,0
OI203,20220218,20220218,112530000,11:25:30,12096,550,1645,66770000,0,0,0
OI203,20220218,20220218,112530500,11:25:31,12096,550,1645,66770000,0,0,0
OI203,20220218,20220218,112531000,11:25:31,12096,550,1645,66770000,0,0,0
OI203,20220218,20220218,112532000,11:25:32,12096,550,1645,66770000,0,0,0
OI203,20220218,20220218,112532500,11:25:33,12096,550,1645,66770000,0,0,0
OI203,20220218,20220218,112533000,11:25:33,12096,550,1645,66770000,0,0,0
OI203,20220218,20220218,112534000,11:25:34,12096,550,1645,66770000,0,0,0
OI203,20220218,20220218,112535500,11:25:37,12096,550,1645,66770000,0,0,0
OI203,20220218,20220218,112536000,11:25:37,12096,550,1645,66770000,0,0,0
OI203,20220218,20220218,112536500,11:25:37,12096,550,1645,66770000,0,0,0
OI203,20220218,20220218,112537000,11:25:37,12096,550,1645,66770000,0,0,0
OI203,20220218,20220218,112539500,11:25:39,12096,550,1645,66770000,0,0,0
OI203,20220218,20220218,112541500,11:25:41,12096,550,1645,66770000,0,0,0
OI203,20220218,20220218,112542000,11:25:42,12096,550,1645,66770000,0,0,0
OI203,20220218,20220218,112542500,11:25:42,12096,550,1645,66770000,0,0,0
OI203,20220218,20220218,112543000,11:25:43,12096,550,1645,66770000,0,0,0
OI203,20220218,20220218,112544500,11:25:44,12096,550,1645,66770000,0,0,0
OI203,20220218,20220218,112545000,11:25:45,12096,550,1645,66770000,0,0,0
OI203,20220218,20220218,112545500,11:25:46,12096,550,1645,66770000,0,0,0
OI203,20220218,20220218,112547000,11:25:48,12096,550,1645,66770000,0,0,0
OI203,20220218,20220218,112547500,11:25:48,12096,550,1645,66770000,0,0,0
OI203,20220218,20220218,112549500,11:25:49,12096,550,1645,66770000,0,0,0
OI203,20220218,20220218,112553500,11:25:54,12096,550,1645,66770000,0,0,0
OI203,20220218,20220218,112554000,11:25:54,12096,550,1645,66770000,0,0,0
OI203,20220218,20220218,112554500,11:25:54,12096,550,1645,66770000,0,0,0
OI203,20220218,20220218,112555500,11:25:56,12096,550,1645,66770000,0,0,0
OI203,20220218,20220218,112556000,11:25:57,12096,550,1645,66770000,0,0,0
OI203,20220218,20220218,112556500,11:25:57,12096,550,1645,66770000,0,0,0
OI203,20220218,20220218,112557000,11:25:57,12096,550,1645,66770000,0,0,0
OI203,20220218,20220218,112557500,11:25:57,12096,550,1645,66770000,0,0,0
OI203,20220218,20220218,112558000,11:25:59,12096,550,1645,66770000,0,0,0
OI203,20220218,20220218,112559000,11:25:59,12096,550,1645,66770000,0,0,0
OI203,20220218,20220218,112559500,11:26:00,12096,550,1645,66770000,0,0,0
OI203,20220218,20220218,112600000,11:26:00,12096,550,1645,66770000,0,0,0
OI203,20220218,20220218,112600500,11:26:00,12096,550,1645,66770000,0,0,0
OI203,20220218,20220218,112601000,11:26:01,12096,550,1645,66770000,0,0,0
OI203,20220218,20220218,112601500,11:26:01,12096,550,1645,66770000,0,0,0
OI203,20220218,20220218,112602000,11:26:03,12096,550,1645,66770000,0,0,0
OI203,20220218,20220218,112602500,11:26:03,12096,550,1645,66770000,0,0,0
OI203,20220218,20220218,112603000,11:26:03,12096,550,1645,66770000,0,0,0
OI203,20220218,20220218,112603500,11:26:03,12096,550,1645,66770000,0,0,0
OI203,20220218,20220218,112604000,11:26:04,12096,550,1645,66770000,0,0,0
OI203,20220218,20220218,112604500,11:26:05,12096,550,1645,66770000,0,0,0
OI203,20220218,20220218,112605500,11:26:05,12096,550,1645,66770000,0,0,0
OI203,20220218,20220218,112606500,11:26:06,12096,550,1645,66770000,0,0,0
OI203,20220218,20220218,112607000,11:26:09,12096,550,1645,66770000,0,0,0
OI203,20220218,20220218,112607500,11:26:09,12096,550,1645,66770000,0,0,0
OI203,20220218,20220218,112608500,11:26:09,12096,550,1645,66770000,0,0,0
OI203,20220218,20220218,112610000,11:26:10,12096,550,1645,66770000,0,0,0
OI203,20220218,20220218,112611000,11:26:11,12096,550,1645,66770000,0,0,0
OI203,20220218,20220218,112611500,11:26:11,12096,550,1645,66770000,0,0,0
OI203,20220218,20220218,112612000,11:26:14,12096,550,1645,66770000,0,0,0
OI203,20220218,20220218,112612500,11:26:14,12096,550,1645,66770000,0,0,0
OI203,20220218,20220218,112613000,11:26:15,12096,550,1645,66770000,0,0,0
OI203,20220218,20220218,112614000,11:26:15,12096,550,1645,66770000,0,0,0
OI203,20220218,20220218,112615000,11:26:16,12096,550,1645,66770000,0,0,0
OI203,20220218,20220218,112615500,11:26:16,12096,550,1645,66770000,0,0,0
OI203,20220218,20220218,112616000,11:26:16,12096,550,1645,66770000,0,0,0
OI203,20220218,20220218,112616500,11:26:16,12096,550,1645,66770000,0,0,0
OI203,20220218,20220218,112617000,11:26:17,12096,550,1645,66770000,0,0,0
OI203,20220218,20220218,112618500,11:26:18,12096,550,1645,66770000,0,0,0
OI203,20220218,20220218,112620500,11:26:20,12096,550,1645,66770000,0,0,0
OI203,20220218,20220218,112621000,11:26:21,12096,550,1645,66770000,0,0,0
OI203,20220218,20220218,112621500,11:26:21,12096,550,1645,66770000,0,0,0
OI203,20220218,20220218,112622000,11:26:22,12096,550,1645,66770000,0,0,0
OI203,20220218,20220218,112622500,11:26:22,12096,550,1645,66770000,0,0,0
OI203,20220218,20220218,112623000,11:26:23,12096,550,1645,66770000,0,0,0
OI203,20220218,20220218,112623500,11:26:23,12096,550,1645,66770000,0,0,0
OI203,20220218,20220218,112624000,11:26:24,12096,550,1645,66770000,0,0,0
OI203,20220218,20220218,112625500,11:26:25,12096,550,1645,66770000,0,0,0
OI203,20220218,20220218,112626500,11:26:26,12096,550,1645,66770000,0,0,0
OI203,20220218,20220218,112627000,11:26:27,12096,550,1645,66770000,0,0,0
OI203,20220218,20220218,112627500,11:26:27,12096,550,1645,66770000,0,0,0
OI203,20220218,20220218,112628000,11:26:28,12096,550,1645,66770000,0,0,0
OI203,20220218,20220218,112628500,11:26:28,12096,550,1645,66770000,0,0,0
OI203,20220218,20220218,112629000,11:26:29,12096,550,1645,66770000,0,0,0
OI203,20220218,20220218,112629500,11:26:30,12096,550,1645,66770000,0,0,0
OI203,20220218,20220218,112630000,11:26:31,12096,550,1645,66770000,0,0,0
OI203,20220218,20220218,112630500,11:26:31,12096,550,1645,66770000,0,0,0
OI203,20220218,20220218,112631000,11:26:31,12096,550,1645,66770000,0,0,0
OI203,20220218,20220218,112632000,11:26:32,12096,550,1645,66770000,0,0,0
OI203,20220218,20220218,112632500,11:26:32,12096,550,1645,66770000,0,0,0
OI203,20220218,20220218,112633000,11:26:33,12096,550,1645,66770000,0,0,0
OI203,20220218,20220218,112635500,11:26:37,12096,550,1645,66770000,0,0,0
OI203,20220218,20220218,112636000,11:26:38,12096,550,1645,66770000,0,0,0
OI203,20220218,20220218,112636500,11:26:38,12096,550,1645,66770000,0,0,0
OI203,20220218,20220218,112653500,11:27:10,12096,550,1645,66770000,0,0,0
OI203,20220218,20220218,112654000,11:27:12,12096,550,1645,66770000,0,0,0
OI203,20220218,20220218,112710000,11:27:12,12096,550,1645,66770000,0,0,0
OI203,20220218,20220218,112710500,11:27:12,12096,550,1645,66770000,0,0,0
OI203,20220218,20220218,112712000,11:27:12,12096,550,1645,66770000,0,0,0
OI203,20220218,20220218,112713000,11:27:13,12096,550,1645,66770000,0,0,0
OI203,20220218,20220218,112716000,11:27:17,12096,550,1645,66770000,0,0,0
OI203,20220218,20220218,112716500,11:27:17,12096,550,1645,66770000,0,0,0
OI203,20220218,20220218,112717500,11:27:17,12096,550,1645,66770000,0,0,0
OI203,20220218,20220218,112718000,11:27:18,12096,550,1645,66770000,0,0,0
OI203,20220218,20220218,112718500,11:27:19,12096,550,1645,66770000,0,0,0
OI203,20220218,20220218,112719000,11:27:19,12096,550,1645,66770000,0,0,0
OI203,20220218,20220218,112719500,11:27:20,12096,550,1645,66770000,0,0,0
OI203,20220218,20220218,112720000,11:27:20,12096,550,1645,66770000,0,0,0
OI203,20220218,20220218,112720500,11:27:20,12096,550,1645,66770000,0,0,0
OI203,20220218,20220218,112721500,11:27:22,12096,550,1645,66770000,0,0,0
OI203,20220218,20220218,112722000,11:27:22,12096,550,1645,66770000,0,0,0
OI203,20220218,20220218,112722500,11:27:22,12096,550,1645,66770000,0,0,0
OI203,20220218,20220218,112723500,11:27:27,12096,550,1645,66770000,0,0,0
OI203,20220218,20220218,112724000,11:27:27,12096,550,1645,66770000,0,0,0
OI203,20220218,20220218,112726500,11:27:27,12096,550,1645,66770000,0,0,0
OI203,20220218,20220218,112728000,11:27:28,12096,550,1645,66770000,0,0,0
OI203,20220218,20220218,112729000,11:27:29,12096,550,1645,66770000,0,0,0
OI203,20220218,20220218,112729500,11:27:29,12096,550,1645,66770000,0,0,0
OI203,20220218,20220218,112730000,11:27:30,12096,550,1645,66770000,0,0,0
OI203,20220218,20220218,112730500,11:27:31,12096,550,1645,66770000,0,0,0
OI203,20220218,20220218,112731000,11:27:32,12096,550,1645,66770000,0,0,0
OI203,20220218,20220218,112735500,11:27:36,12096,550,1645,66770000,0,0,0
OI203,20220218,20220218,112736000,11:27:36,12096,550,1645,66770000,0,0,0
OI203,20220218,20220218,112736500,11:27:37,12096,550,1645,66770000,0,0,0
OI203,20220218,20220218,112737500,11:27:38,12096,550,1645,66770000,0,0,0
OI203,20220218,20220218,112738000,11:27:38,12096,550,1645,66770000,0,0,0
OI203,20220218,20220218,112738500,11:27:39,12096,550,1645,66770000,0,0,0
OI203,20220218,20220218,112739000,11:27:39,12096,550,1645,66770000,0,0,0
OI203,20220218,20220218,112741000,11:27:41,12096,550,1645,66770000,0,0,0
OI203,20220218,20220218,112741500,11:27:41,12096,550,1645,66770000,0,0,0
OI203,20220218,20220218,112742000,11:27:42,12096,550,1645,66770000,0,0,0
OI203,20220218,20220218,112742500,11:27:43,12096,550,1645,66770000,0,0,0
OI203,20220218,20220218,112743000,11:27:43,12096,550,1645,66770000,0,0,0
OI203,20220218,20220218,112743500,11:27:43,12096,550,1645,66770000,0,0,0
OI203,20220218,20220218,112744000,11:27:44,12096,550,1645,66770000,0,0,0
OI203,20220218,20220218,112744500,11:27:45,12096,550,1645,66770000,0,0,0
OI203,20220218,20220218,112745000,11:27:45,12096,550,1645,66770000,0,0,0
OI203,20220218,20220218,112745500,11:27:46,12096,550,1645,66770000,0,0,0
OI203,20220218,20220218,112746000,11:27:46,12096,550,1645,66770000,0,0,0
OI203,20220218,20220218,112747500,11:27:47,12096,550,1645,66770000,0,0,0
OI203,20220218,20220218,112748500,11:27:54,12096,550,1645,66770000,0,0,0
OI203,20220218,20220218,112749000,11:27:54,12096,550,1645,66770000,0,0,0
OI203,20220218,20220218,112754000,11:27:54,12096,550,1645,66770000,0,0,0
OI203,20220218,20220218,112754500,11:27:55,12096,550,1645,66770000,0,0,0
OI203,20220218,20220218,112755500,11:27:55,12096,550,1645,66770000,0,0,0
OI203,20220218,20220218,112756000,11:27:56,12096,550,1645,66770000,0,0,0
OI203,20220218,20220218,112756500,11:27:56,12096,550,1645,66770000,0,0,0
OI203,20220218,20220218,112758000,11:27:58,12096,550,1645,66770000,0,0,0
OI203,20220218,20220218,112758500,11:27:59,12096,550,1645,66770000,0,0,0
OI203,20220218,20220218,112759000,11:27:59,12096,550,1645,66770000,0,0,0
OI203,20220218,20220218,112759500,11:27:59,12096,550,1645,66770000,0,0,0
OI203,20220218,20220218,112800500,11:28:01,12096,550,1645,66770000,0,0,0
OI203,20220218,20220218,112801000,11:28:01,12096,550,1645,66770000,0,0,0
OI203,20220218,20220218,112801500,11:28:02,12096,550,1645,66770000,0,0,0
OI203,20220218,20220218,112802500,11:28:03,12096,550,1645,66770000,0,0,0
OI203,20220218,20220218,112804000,11:28:04,12096,550,1645,66770000,0,0,0
OI203,20220218,20220218,112804500,11:28:05,12096,550,1645,66770000,0,0,0
OI203,20220218,20220218,112805000,11:28:06,12096,550,1645,66770000,0,0,0
OI203,20220218,20220218,112805500,11:28:06,12096,550,1645,66770000,0,0,0
OI203,20220218,20220218,112806000,11:28:10,12096,550,1645,66770000,0,0,0
OI203,20220218,20220218,112806500,11:28:10,12096,550,1645,66770000,0,0,0
OI203,20220218,20220218,112807000,11:28:10,12096,550,1645,66770000,0,0,0
OI203,20220218,20220218,112810000,11:28:11,12096,550,1645,66770000,0,0,0
OI203,20220218,20220218,112813500,11:28:13,12096,550,1645,66770000,0,0,0
OI203,20220218,20220218,112814000,11:28:14,12096,550,1645,66770000,0,0,0
OI203,20220218,20220218,112814500,11:28:14,12096,550,1645,66770000,0,0,0
OI203,20220218,20220218,112815000,11:28:15,12096,550,1645,66770000,0,0,0
OI203,20220218,20220218,112815500,11:28:15,12096,550,1645,66770000,0,0,0
OI203,20220218,20220218,112816000,11:28:16,12096,550,1645,66770000,0,0,0
OI203,20220218,20220218,112816500,11:28:16,12096,550,1645,66770000,0,0,0
OI203,20220218,20220218,112817000,11:28:17,12096,550,1645,66770000,0,0,0
OI203,20220218,20220218,112817500,11:28:17,12096,550,1645,66770000,0,0,0
OI203,20220218,20220218,112818000,11:28:18,12096,550,1645,66770000,0,0,0
OI203,20220218,20220218,112819500,11:28:19,12096,550,1645,66770000,0,0,0
OI203,20220218,20220218,112820000,11:28:20,12096,550,1645,66770000,0,0,0
OI203,20220218,20220218,112820500,11:28:20,12096,550,1645,66770000,0,0,0
OI203,20220218,20220218,112821000,11:28:21,12096,550,1645,66770000,0,0,0
OI203,20220218,20220218,112823500,11:28:23,12096,550,1645,66770000,0,0,0
OI203,20220218,20220218,112826000,11:28:26,12096,550,1645,66770000,0,0,0
OI203,20220218,20220218,112826500,11:28:26,12096,550,1645,66770000,0,0,0
OI203,20220218,20220218,112827000,11:28:27,12096,550,1645,66770000,0,0,0
OI203,20220218,20220218,112827500,11:28:27,12096,550,1645,66770000,0,0,0
OI203,20220218,20220218,112829000,11:28:29,12096,550,1645,66770000,0,0,0
OI203,20220218,20220218,112829500,11:28:29,12096,550,1645,66770000,0,0,0
OI203,20220218,20220218,112830000,11:28:30,12096,550,1645,66770000,0,0,0
OI203,20220218,20220218,112832000,11:28:32,12096,550,1645,66770000,0,0,0
OI203,20220218,20220218,112832500,11:28:33,12096,550,1645,66770000,0,0,0
OI203,20220218,20220218,112833000,11:28:33,12096,550,1645,66770000,0,0,0
OI203,20220218,20220218,112836500,11:28:37,12096,550,1645,66770000,0,0,0
OI203,20220218,20220218,112839000,11:28:39,12096,550,1645,66770000,0,0,0
OI203,20220218,20220218,112840000,11:28:40,12096,550,1645,66770000,0,0,0
OI203,20220218,20220218,112840500,11:28:40,12096,550,1645,66770000,0,0,0
OI203,20220218,20220218,112845000,11:28:45,12096,550,1645,66770000,0,0,0
OI203,20220218,20220218,112846000,11:28:46,12096,550,1645,66770000,0,0,0
OI203,20220218,20220218,112846500,11:28:46,12096,550,1645,66770000,0,0,0
OI203,20220218,20220218,112847000,11:28:47,12096,550,1645,66770000,0,0,0
OI203,20220218,20220218,112847500,11:28:47,12096,550,1645,66770000,0,0,0
OI203,20220218,20220218,112848000,11:28:48,12096,550,1645,66770000,0,0,0
OI203,20220218,20220218,112848500,11:28:48,12096,550,1645,66770000,0,0,0
OI203,20220218,20220218,112849000,11:28:49,12096,550,1645,66770000,0,0,0
OI203,20220218,20220218,112849500,11:28:50,12096,550,1645,66770000,0,0,0
OI203,20220218,20220218,112850500,11:28:50,12096,550,1645,66770000,0,0,0
OI203,20220218,20220218,112851000,11:28:51,12096,550,1645,66770000,0,0,0
OI203,20220218,20220218,112852500,11:28:53,12096,550,1645,66770000,0,0,0
OI203,20220218,20220218,112854500,11:28:54,12096,550,1645,66770000,0,0,0
OI203,20220218,20220218,112855000,11:28:55,12096,550,1645,66770000,0,0,0
OI203,20220218,20220218,112856500,11:28:56,12096,550,1645,66770000,0,0,0
OI203,20220218,20220218,112857500,11:28:57,12096,550,1645,66770000,0,0,0
OI203,20220218,20220218,112858000,11:28:58,12096,550,1645,66770000,0,0,0
OI203,20220218,20220218,112900000,11:29:00,12096,550,1645,66770000,0,0,0
OI203,20220218,20220218,112901000,11:29:01,12096,550,1645,66770000,0,0,0
OI203,20220218,20220218,112901500,11:29:01,12096,550,1645,66770000,0,0,0
OI203,20220218,20220218,112902000,11:29:02,12096,550,1645,66770000,0,0,0
OI203,20220218,20220218,112902500,11:29:03,12096,550,1645,66770000,0,0,0
OI203,20220218,20220218,112903500,11:29:03,12096,550,1645,66770000,0,0,0
OI203,20220218,20220218,112905500,11:29:05,12096,550,1645,66770000,0,0,0
OI203,20220218,20220218,112907000,11:29:07,12096,550,1645,66770000,0,0,0
OI203,20220218,20220218,112908000,11:29:08,12096,550,1645,66770000,0,0,0
OI203,20220218,20220218,112908500,11:29:08,12096,550,1645,66770000,0,0,0
OI203,20220218,20220218,112909000,11:29:09,12096,550,1645,66770000,0,0,0
OI203,20220218,20220218,112909500,11:29:09,12096,550,1645,66770000,0,0,0
OI203,20220218,20220218,112911000,11:29:11,12096,550,1645,66770000,0,0,0
OI203,20220218,20220218,112911500,11:29:12,12096,550,1645,66770000,0,0,0
OI203,20220218,20220218,112912000,11:29:12,12096,550,1645,66770000,0,0,0
OI203,20220218,20220218,112913500,11:29:14,12096,550,1645,66770000,0,0,0
OI203,20220218,20220218,112914000,11:29:14,12096,550,1645,66770000,0,0,0
OI203,20220218,20220218,112915000,11:29:15,12096,550,1645,66770000,0,0,0
OI203,20220218,20220218,112915500,11:29:16,12096,550,1645,66770000,0,0,0
OI203,20220218,20220218,112916000,11:29:16,12096,550,1645,66770000,0,0,0
OI203,20220218,20220218,112916500,11:29:16,12096,550,1645,66770000,0,0,0
OI203,20220218,20220218,112917500,11:29:20,12096,550,1645,66770000,0,0,0
OI203,20220218,20220218,112918000,11:29:21,12096,550,1645,66770000,0,0,0
OI203,20220218,20220218,112920500,11:29:21,12096,550,1645,66770000,0,0,0
OI203,20220218,20220218,112921000,11:29:22,12096,550,1645,66770000,0,0,0
OI203,20220218,20220218,112921500,11:29:24,12096,550,1645,66770000,0,0,0
OI203,20220218,20220218,112922000,11:29:24,12096,550,1645,66770000,0,0,0
OI203,20220218,20220218,112922500,11:29:24,12096,550,1645,66770000,0,0,0
OI203,20220218,20220218,112923000,11:29:24,12096,550,1645,66770000,0,0,0
OI203,20220218,20220218,112925000,11:29:25,12096,550,1645,66770000,0,0,0
OI203,20220218,20220218,112925500,11:29:25,12096,550,1645,66770000,0,0,0
OI203,20220218,20220218,112926000,11:29:26,12096,550,1645,66770000,0,0,0
OI203,20220218,20220218,112928000,11:29:28,12096,550,1645,66770000,0,0,0
OI203,20220218,20220218,112928500,11:29:28,12096,550,1645,66770000,0,0,0
OI203,20220218,20220218,112930500,11:29:30,12096,550,1645,66770000,0,0,0
OI203,20220218,20220218,112931000,11:29:32,12096,550,1645,66770000,0,0,0
OI203,20220218,20220218,112935500,11:29:38,12096,550,1645,66770000,0,0,0
OI203,20220218,20220218,112937500,11:29:38,12096,550,1645,66770000,0,0,0
OI203,20220218,20220218,112941000,11:29:41,12096,550,1645,66770000,0,0,0
OI203,20220218,20220218,112943500,11:29:45,12096,550,1645,66770000,0,0,0
OI203,20220218,20220218,112944500,11:29:45,12096,550,1645,66770000,0,0,0
OI203,20220218,20220218,112945500,11:29:46,12096,550,1645,66770000,0,0,0
OI203,20220218,20220218,112947000,11:29:47,12096,550,1645,66770000,0,0,0
OI203,20220218,20220218,112947500,11:29:48,12096,550,1645,66770000,0,0,0
OI203,20220218,20220218,112948000,11:29:48,12096,550,1645,66770000,0,0,0
OI203,20220218,20220218,112951000,11:29:52,12096,550,1645,66770000,0,0,0
OI203,20220218,20220218,112954000,11:29:54,12096,550,1645,66770000,0,0,0
OI203,20220218,20220218,112954500,11:29:54,12096,550,1645,66770000,0,0,0
OI203,20220218,20220218,112957000,11:30:00,12096,550,1645,66770000,0,0,0
OI203,20220218,20220218,112957500,11:30:02,12096,550,1645,66770000,0,0,0
OI203,20220218,20220218,112959000,11:30:02,12096,550,1645,66770000,0,0,0
OI203,20220218,20220218,113000000,11:30:03,12096,550,1645,66770000,0,0,0
OI203,20220218,20220218,133001000,13:30:01,12096,550,1645,66770000,0,0,0
OI203,20220218,20220218,133001500,13:30:01,12096,550,1645,66770000,0,0,0
OI203,20220218,20220218,133002000,13:30:08,12121,555,1641,67377000,5,-4,607000
OI203,20220218,20220218,133002500,13:30:08,12121,555,1641,67377000,0,0,0
OI203,20220218,20220218,133008500,13:30:10,12121,555,1641,67377000,0,0,0
OI203,20220218,20220218,133009500,13:30:10,12121,555,1641,67377000,0,0,0
OI203,20220218,20220218,133010000,13:30:11,12121,555,1641,67377000,0,0,0
OI203,20220218,20220218,133010500,13:30:12,12121,555,1641,67377000,0,0,0
OI203,20220218,20220218,133011500,13:30:13,12121,555,1641,67377000,0,0,0
OI203,20220218,20220218,133012500,13:30:13,12121,555,1641,67377000,0,0,0
OI203,20220218,20220218,133013500,13:30:14,12121,555,1641,67377000,0,0,0
OI203,20220218,20220218,133014000,13:30:15,12121,555,1641,67377000,0,0,0
OI203,20220218,20220218,133014500,13:30:16,12121,555,1641,67377000,0,0,0
OI203,20220218,20220218,133015000,13:30:17,12121,555,1641,67377000,0,0,0
OI203,20220218,20220218,133016500,13:30:18,12121,555,1641,67377000,0,0,0
OI203,20220218,20220218,133017000,13:30:18,12121,555,1641,67377000,0,0,0
OI203,20220218,20220218,133017500,13:30:18,12121,555,1641,67377000,0,0,0
OI203,20220218,20220218,133018000,13:30:19,12121,555,1641,67377000,0,0,0
OI203,20220218,20220218,133018500,13:30:19,12121,555,1641,67377000,0,0,0
OI203,20220218,20220218,133019000,13:30:20,12121,555,1641,67377000,0,0,0
OI203,20220218,20220218,133019500,13:30:20,12121,555,1641,67377000,0,0,0
OI203,20220218,20220218,133020000,13:30:21,12121,555,1641,67377000,0,0,0
OI203,20220218,20220218,133021000,13:30:21,12121,555,1641,67377000,0,0,0
OI203,20220218,20220218,133021500,13:30:22,12121,555,1641,67377000,0,0,0
OI203,20220218,20220218,133022000,13:30:22,12121,555,1641,67377000,0,0,0
OI203,20220218,20220218,133022500,13:30:38,12121,555,1641,67377000,0,0,0
OI203,20220218,20220218,133023000,13:30:38,12121,555,1641,67377000,0,0,0
OI203,20220218,20220218,133037500,13:30:40,12121,555,1641,67377000,0,0,0
OI203,20220218,20220218,133038500,13:30:41,12121,555,1641,67377000,0,0,0
OI203,20220218,20220218,133040500,13:30:42,12121,555,1641,67377000,0,0,0
OI203,20220218,20220218,133042500,13:30:44,12121,555,1641,67377000,0,0,0
OI203,20220218,20220218,133043000,13:30:44,12121,555,1641,67377000,0,0,0
OI203,20220218,20220218,133044500,13:30:45,12121,555,1641,67377000,0,0,0
OI203,20220218,20220218,133045000,13:30:46,12121,555,1641,67377000,0,0,0
OI203,20220218,20220218,133045500,13:30:47,12121,555,1641,67377000,0,0,0
OI203,20220218,20220218,133046000,13:30:47,12121,555,1641,67377000,0,0,0
OI203,20220218,20220218,133046500,13:30:47,12121,555,1641,67377000,0,0,0
OI203,20220218,20220218,133048000,13:30:48,12121,555,1641,67377000,0,0,0
OI203,20220218,20220218,133048500,13:30:49,12121,555,1641,67377000,0,0,0
OI203,20220218,20220218,133049000,13:30:50,12121,555,1641,67377000,0,0,0
OI203,20220218,20220218,133049500,13:30:50,12121,555,1641,67377000,0,0,0
OI203,20220218,20220218,133050000,13:30:50,12121,555,1641,67377000,0,0,0
OI203,20220218,20220218,133052000,13:30:53,12121,555,1641,67377000,0,0,0
OI203,20220218,20220218,133052500,13:30:53,12121,555,1641,67377000,0,0,0
OI203,20220218,20220218,133054500,13:30:55,12121,555,1641,67377000,0,0,0
OI203,20220218,20220218,133055000,13:30:55,12121,555,1641,67377000,0,0,0
OI203,20220218,20220218,133055500,13:30:56,12121,555,1641,67377000,0,0,0
OI203,20220218,20220218,133056000,13:30:57,12121,555,1641,67377000,0,0,0
OI203,20220218,20220218,133056500,13:30:57,12121,555,1641,67377000,0,0,0
OI203,20220218,20220218,133057000,13:30:57,12121,555,1641,67377000,0,0,0
OI203,20220218,20220218,133057500,13:30:58,12121,555,1641,67377000,0,0,0
OI203,20220218,20220218,133058000,13:30:58,12121,555,1641,67377000,0,0,0
OI203,20220218,20220218,133058500,13:30:59,12121,555,1641,67377000,0,0,0
OI203,20220218,20220218,133059000,13:30:59,12121,555,1641,67377000,0,0,0
OI203,20220218,20220218,133059500,13:30:59,12121,555,1641,67377000,0,0,0
OI203,20220218,20220218,133100500,13:31:00,12121,555,1641,67377000,0,0,0
OI203,20220218,20220218,133101000,13:31:01,12121,555,1641,67377000,0,0,0
OI203,20220218,20220218,133101500,13:31:01,12121,555,1641,67377000,0,0,0
OI203,20220218,20220218,133102000,13:31:02,12121,555,1641,67377000,0,0,0
OI203,20220218,20220218,133102500,13:31:02,12121,555,1641,67377000,0,0,0
OI203,20220218,20220218,133103000,13:31:03,12121,555,1641,67377000,0,0,0
OI203,20220218,20220218,133103500,13:31:04,12121,555,1641,67377000,0,0,0
OI203,20220218,20220218,133104000,13:31:06,12121,555,1641,67377000,0,0,0
OI203,20220218,20220218,133104500,13:31:06,12121,555,1641,67377000,0,0,0
OI203,20220218,20220218,133107500,13:31:08,12121,555,1641,67377000,0,0,0
OI203,20220218,20220218,133108500,13:31:09,12121,555,1641,67377000,0,0,0
OI203,20220218,20220218,133109000,13:31:09,12121,555,1641,67377000,0,0,0
OI203,20220218,20220218,133109500,13:31:10,12121,555,1641,67377000,0,0,0
OI203,20220218,20220218,133110000,13:31:11,12121,555,1641,67377000,0,0,0
OI203,20220218,20220218,133110500,13:31:11,12121,555,1641,67377000,0,0,0
OI203,20220218,20220218,133111000,13:31:11,12121,555,1641,67377000,0,0,0
OI203,20220218,20220218,133111500,13:31:12,12121,555,1641,67377000,0,0,0
OI203,20220218,20220218,133112000,13:31:12,12121,555,1641,67377000,0,0,0
OI203,20220218,20220218,133112500,13:31:13,12121,555,1641,67377000,0,0,0
OI203,20220218,20220218,133113000,13:31:13,12121,555,1641,67377000,0,0,0
OI203,20220218,20220218,133113500,13:31:14,12121,555,1641,67377000,0,0,0
OI203,20220218,20220218,133114500,13:31:15,12121,555,1641,67377000,0,0,0
OI203,20220218,20220218,133115000,13:31:15,12121,555,1641,67377000,0,0,0
OI203,20220218,20220218,133115500,13:31:15,12121,555,1641,67377000,0,0,0
OI203,20220218,20220218,133116000,13:31:16,12121,555,1641,67377000,0,0,0
OI203,20220218,20220218,133116500,13:31:17,12121,555,1641,67377000,0,0,0
OI203,20220218,20220218,133117000,13:31:17,12121,555,1641,67377000,0,0,0
OI203,20220218,20220218,133117500,13:31:18,12130,556,1640,67498400,1,-1,121400
OI203,20220218,20220218,133118000,13:31:18,12130,556,1640,67498400,0,0,0
OI203,20220218,20220218,133118500,13:31:19,12130,556,1640,67498400,0,0,0
OI203,20220218,20220218,133119000,13:31:19,12130,556,1640,67498400,0,0,0
OI203,20220218,20220218,133120000,13:31:20,12130,556,1640,67498400,0,0,0
OI203,20220218,20220218,133120500,13:31:21,12130,556,1640,67498400,0,0,0
OI203,20220218,20220218,133121000,13:31:21,12130,556,1640,67498400,0,0,0
OI203,20220218,20220218,133121500,13:31:22,12130,556,1640,67498400,0,0,0
OI203,20220218,20220218,133122000,13:31:22,12130,556,1640,67498400,0,0,0
OI203,20220218,20220218,133122500,13:31:23,12130,556,1640,67498400,0,0,0
OI203,20220218,20220218,133123500,13:31:25,12130,556,1640,67498400,0,0,0
OI203,20220218,20220218,133124000,13:31:25,12130,556,1640,67498400,0,0,0
OI203,20220218,20220218,133124500,13:31:25,12130,556,1640,67498400,0,0,0
OI203,20220218,20220218,133156000,13:31:56,12130,556,1640,67498400,0,0,0
OI203,20220218,20220218,133158000,13:31:58,12130,556,1640,67498400,0,0,0
OI203,20220218,20220218,133158500,13:31:58,12130,556,1640,67498400,0,0,0
OI203,20220218,20220218,133159500,13:32:00,12130,556,1640,67498400,0,0,0
OI203,20220218,20220218,133200000,13:32:00,12130,556,1640,67498400,0,0,0
OI203,20220218,20220218,133200500,13:32:01,12130,556,1640,67498400,0,0,0
OI203,20220218,20220218,133201000,13:32:01,12130,556,1640,67498400,0,0,0
OI203,20220218,20220218,133201500,13:32:01,12130,556,1640,67498400,0,0,0
OI203,20220218,20220218,133202000,13:32:03,12130,556,1640,67498400,0,0,0
OI203,20220218,20220218,133202500,13:32:03,12130,556,1640,67498400,0,0,0
OI203,20220218,20220218,133203000,13:32:04,12130,556,1640,67498400,0,0,0
OI203,20220218,20220218,133204000,13:32:05,12130,556,1640,67498400,0,0,0
OI203,20220218,20220218,133205000,13:32:05,12130,556,1640,67498400,0,0,0
OI203,20220218,20220218,133206000,13:32:06,12130,556,1640,67498400,0,0,0
OI203,20220218,20220218,133208500,13:32:10,12130,556,1640,67498400,0,0,0
OI203,20220218,20220218,133209500,13:32:10,12130,556,1640,67498400,0,0,0
OI203,20220218,20220218,133210000,13:32:10,12130,556,1640,67498400,0,0,0
OI203,20220218,20220218,133210500,13:32:13,12130,556,1640,67498400,0,0,0
OI203,20220218,20220218,133211000,13:32:14,12130,556,1640,67498400,0,0,0
OI203,20220218,20220218,133213000,13:32:15,12130,556,1640,67498400,0,0,0
OI203,20220218,20220218,133213500,13:32:15,12130,556,1640,67498400,0,0,0
OI203,20220218,20220218,133214000,13:32:15,12130,556,1640,67498400,0,0,0
OI203,20220218,20220218,133214500,13:32:16,12130,556,1640,67498400,0,0,0
OI203,20220218,20220218,133215000,13:32:16,12130,556,1640,67498400,0,0,0
OI203,20220218,20220218,133215500,13:32:16,12130,556,1640,67498400,0,0,0
OI203,20220218,20220218,133216000,13:32:17,12130,556,1640,67498400,0,0,0
OI203,20220218,20220218,133217500,13:32:18,12130,556,1640,67498400,0,0,0
OI203,20220218,20220218,133218500,13:32:18,12130,556,1640,67498400,0,0,0
OI203,20220218,20220218,133219500,13:32:20,12130,556,1640,67498400,0,0,0
OI203,20220218,20220218,133221000,13:32:21,12130,556,1640,67498400,0,0,0
OI203,20220218,20220218,133222000,13:32:22,12130,556,1640,67498400,0,0,0
OI203,20220218,20220218,133222500,13:32:23,12130,556,1640,67498400,0,0,0
OI203,20220218,20220218,133223000,13:32:24,12149,557,1639,67619800,1,-1,121400
OI203,20220218,20220218,133223500,13:32:24,12149,557,1639,67619800,0,0,0
OI203,20220218,20220218,133224500,13:32:24,12149,557,1639,67619800,0,0,0
OI203,20220218,20220218,133225000,13:32:25,12149,557,1639,67619800,0,0,0
OI203,20220218,20220218,133225500,13:32:25,12149,557,1639,67619800,0,0,0
OI203,20220218,20220218,133227000,13:32:27,12149,557,1639,67619800,0,0,0
OI203,20220218,20220218,133231500,13:32:34,12149,557,1639,67619800,0,0,0
OI203,20220218,20220218,133232500,13:32:35,12149,557,1639,67619800,0,0,0
OI203,20220218,20220218,133234500,13:32:35,12149,557,1639,67619800,0,0,0
OI203,20220218,20220218,133235500,13:32:36,12149,557,1639,67619800,0,0,0
OI203,20220218,20220218,133236000,13:32:36,12149,557,1639,67619800,0,0,0
OI203,20220218,20220218,133236500,13:32:37,12149,557,1639,67619800,0,0,0
OI203,20220218,20220218,133237000,13:32:37,12149,557,1639,67619800,0,0,0
OI203,20220218,20220218,133238000,13:32:38,12149,557,1639,67619800,0,0,0
OI203,20220218,20220218,133238500,13:32:39,12149,557,1639,67619800,0,0,0
OI203,20220218,20220218,133239500,13:32:40,12149,557,1639,67619800,0,0,0
OI203,20220218,20220218,133240000,13:32:40,12149,557,1639,67619800,0,0,0
OI203,20220218,20220218,133240500,13:32:40,12149,557,1639,67619800,0,0,0
OI203,20220218,20220218,133241000,13:32:41,12149,557,1639,67619800,0,0,0
OI203,20220218,20220218,133244000,13:32:44,12149,557,1639,67619800,0,0,0
OI203,20220218,20220218,133245000,13:32:45,12149,557,1639,67619800,0,0,0
OI203,20220218,20220218,133246000,13:32:46,12149,557,1639,67619800,0,0,0
OI203,20220218,20220218,133246500,13:32:47,12149,557,1639,67619800,0,0,0
OI203,20220218,20220218,133247000,13:32:47,12149,557,1639,67619800,0,0,0
OI203,20220218,20220218,133247500,13:32:48,12149,557,1639,67619800,0,0,0
OI203,20220218,20220218,133248000,13:32:48,12149,557,1639,67619800,0,0,0
OI203,20220218,20220218,133248500,13:32:49,12149,557,1639,67619800,0,0,0
OI203,20220218,20220218,133249500,13:32:49,12149,557,1639,67619800,0,0,0
OI203,20220218,20220218,133250500,13:32:52,12149,557,1639,67619800,0,0,0
OI203,20220218,20220218,133251000,13:32:52,12149,557,1639,67619800,0,0,0
OI203,20220218,20220218,133251500,13:32:53,12149,557,1639,67619800,0,0,0
OI203,20220218,20220218,133252000,13:32:53,12149,557,1639,67619800,0,0,0
OI203,20220218,20220218,133252500,13:32:53,12147,558,1640,67741200,1,1,121400
OI203,20220218,20220218,133253000,13:32:53,12147,558,1640,67741200,0,0,0
OI203,20220218,20220218,133254000,13:32:54,12147,558,1640,67741200,0,0,0
OI203,20220218,20220218,133255500,13:32:55,12147,558,1640,67741200,0,0,0
OI203,20220218,20220218,133256000,13:32:56,12147,558,1640,67741200,0,0,0
OI203,20220218,20220218,133256500,13:32:56,12147,558,1640,67741200,0,0,0
OI203,20220218,20220218,133257000,13:32:59,12147,558,1640,67741200,0,0,0
OI203,20220218,20220218,133257500,13:33:00,12147,558,1640,67741200,0,0,0
OI203,20220218,20220218,133258000,13:33:00,12147,558,1640,67741200,0,0,0
OI203,20220218,20220218,133259500,13:33:00,12147,558,1640,67741200,0,0,0
OI203,20220218,20220218,133300000,13:33:01,12147,558,1640,67741200,0,0,0
OI203,20220218,20220218,133300500,13:33:01,12147,558,1640,67741200,0,0,0
OI203,20220218,20220218,133301000,13:33:02,12147,558,1640,67741200,0,0,0
OI203,20220218,20220218,133301500,13:33:02,12147,558,1640,67741200,0,0,0
OI203,20220218,20220218,133302000,13:33:03,12147,558,1640,67741200,0,0,0
OI203,20220218,20220218,133302500,13:33:03,12147,558,1640,67741200,0,0,0
OI203,20220218,20220218,133303000,13:33:03,12147,558,1640,67741200,0,0,0
OI203,20220218,20220218,133303500,13:33:04,12147,558,1640,67741200,0,0,0
OI203,20220218,20220218,133304000,13:33:04,12147,558,1640,67741200,0,0,0
OI203,20220218,20220218,133304500,13:33:05,12147,558,1640,67741200,0,0,0
OI203,20220218,20220218,133305000,13:33:05,12147,558,1640,67741200,0,0,0
OI203,20220218,20220218,133305500,13:33:05,12147,558,1640,67741200,0,0,0
OI203,20220218,20220218,133306000,13:33:06,12147,558,1640,67741200,0,0,0
OI203,20220218,20220218,133306500,13:33:06,12147,558,1640,67741200,0,0,0
OI203,20220218,20220218,133309500,13:33:10,12147,558,1640,67741200,0,0,0
OI203,20220218,20220218,133310000,13:33:11,12147,558,1640,67741200,0,0,0
OI203,20220218,20220218,133310500,13:33:12,12147,558,1640,67741200,0,0,0
OI203,20220218,20220218,133311000,13:33:12,12147,558,1640,67741200,0,0,0
OI203,20220218,20220218,133311500,13:33:14,12147,558,1640,67741200,0,0,0
OI203,20220218,20220218,133312000,13:33:14,12147,558,1640,67741200,0,0,0
OI203,20220218,20220218,133312500,13:33:14,12147,558,1640,67741200,0,0,0
OI203,20220218,20220218,133313500,13:33:14,12147,558,1640,67741200,0,0,0
OI203,20220218,20220218,133314000,13:33:17,12147,558,1640,67741200,0,0,0
OI203,20220218,20220218,133314500,13:33:17,12147,558,1640,67741200,0,0,0
OI203,20220218,20220218,133315000,13:33:18,12147,558,1640,67741200,0,0,0
OI203,20220218,20220218,133315500,13:33:18,12147,558,1640,67741200,0,0,0
OI203,20220218,20220218,133317500,13:33:18,12147,558,1640,67741200,0,0,0
OI203,20220218,20220218,133318000,13:33:19,12147,558,1640,67741200,0,0,0
OI203,20220218,20220218,133318500,13:33:19,12147,558,1640,67741200,0,0,0
OI203,20220218,20220218,133319000,13:33:20,12147,558,1640,67741200,0,0,0
OI203,20220218,20220218,133320000,13:33:21,12147,558,1640,67741200,0,0,0
OI203,20220218,20220218,133320500,13:33:21,12147,558,1640,67741200,0,0,0
OI203,20220218,20220218,133321500,13:33:22,12147,558,1640,67741200,0,0,0
OI203,20220218,20220218,133322000,13:33:22,12147,558,1640,67741200,0,0,0
OI203,20220218,20220218,133322500,13:33:22,12147,558,1640,67741200,0,0,0
OI203,20220218,20220218,133323500,13:33:24,12147,558,1640,67741200,0,0,0
OI203,20220218,20220218,133324000,13:33:24,12147,558,1640,67741200,0,0,0
OI203,20220218,20220218,133324500,13:33:25,12147,558,1640,67741200,0,0,0
OI203,20220218,20220218,133325000,13:33:26,12147,558,1640,67741200,0,0,0
OI203,20220218,20220218,133325500,13:33:26,12147,558,1640,67741200,0,0,0
OI203,20220218,20220218,133326500,13:33:29,12147,558,1640,67741200,0,0,0
OI203,20220218,20220218,133327000,13:33:29,12147,558,1640,67741200,0,0,0
OI203,20220218,20220218,133327500,13:33:29,12147,558,1640,67741200,0,0,0
OI203,20220218,20220218,133328500,13:33:30,12147,558,1640,67741200,0,0,0
OI203,20220218,20220218,133329000,13:33:30,12147,558,1640,67741200,0,0,0
OI203,20220218,20220218,133329500,13:33:30,12147,558,1640,67741200,0,0,0
OI203,20220218,20220218,133330000,13:33:30,12147,558,1640,67741200,0,0,0
OI203,20220218,20220218,133331500,13:33:32,12147,558,1640,67741200,0,0,0
OI203,20220218,20220218,133332500,13:33:32,12147,558,1640,67741200,0,0,0
OI203,20220218,20220218,133333000,13:33:33,12147,558,1640,67741200,0,0,0
OI203,20220218,20220218,133334000,13:33:34,12147,558,1640,67741200,0,0,0
OI203,20220218,20220218,133334500,13:33:34,12147,558,1640,67741200,0,0,0
OI203,20220218,20220218,133335000,13:33:35,12147,558,1640,67741200,0,0,0
OI203,20220218,20220218,133336000,13:33:36,12147,558,1640,67741200,0,0,0
OI203,20220218,20220218,133336500,13:33:36,12147,558,1640,67741200,0,0,0
OI203,20220218,20220218,133337500,13:33:37,12147,558,1640,67741200,0,0,0
OI203,20220218,20220218,133338500,13:33:39,12147,558,1640,67741200,0,0,0
OI203,20220218,20220218,133342500,13:33:42,12147,558,1640,67741200,0,0,0
OI203,20220218,20220218,133343000,13:33:43,12147,558,1640,67741200,0,0,0
OI203,20220218,20220218,133343500,13:33:44,12147,558,1640,67741200,0,0,0
OI203,20220218,20220218,133344000,13:33:44,12147,558,1640,67741200,0,0,0
OI203,20220218,20220218,133344500,13:33:45,12147,558,1640,67741200,0,0,0
OI203,20220218,20220218,133345000,13:33:45,12147,558,1640,67741200,0,0,0
OI203,20220218,20220218,133345500,13:33:45,12147,558,1640,67741200,0,0,0
OI203,20220218,20220218,133346000,13:33:47,12147,558,1640,67741200,0,0,0
OI203,20220218,20220218,133346500,13:33:48,12147,558,1640,67741200,0,0,0
OI203,20220218,20220218,133347000,13:33:48,12147,558,1640,67741200,0,0,0
OI203,20220218,20220218,133347500,13:33:49,12147,558,1640,67741200,0,0,0
OI203,20220218,20220218,133348000,13:33:49,12147,558,1640,67741200,0,0,0
OI203,20220218,20220218,133350000,13:33:50,12147,558,1640,67741200,0,0,0
OI203,20220218,20220218,133350500,13:33:50,12147,558,1640,67741200,0,0,0
OI203,20220218,20220218,133351000,13:33:51,12147,558,1640,67741200,0,0,0
OI203,20220218,20220218,133352000,13:33:52,12147,558,1640,67741200,0,0,0
OI203,20220218,20220218,133352500,13:33:52,12147,558,1640,67741200,0,0,0
OI203,20220218,20220218,133353000,13:33:53,12147,558,1640,67741200,0,0,0
OI203,20220218,20220218,133353500,13:33:53,12147,558,1640,67741200,0,0,0
OI203,20220218,20220218,133354000,13:33:54,12147,558,1640,67741200,0,0,0
OI203,20220218,20220218,133354500,13:33:54,12147,558,1640,67741200,0,0,0
OI203,20220218,20220218,133355500,13:33:56,12147,558,1640,67741200,0,0,0
OI203,20220218,20220218,133356500,13:33:57,12147,558,1640,67741200,0,0,0
OI203,20220218,20220218,133357500,13:33:58,12147,558,1640,67741200,0,0,0
OI203,20220218,20220218,133358000,13:33:58,12147,558,1640,67741200,0,0,0
OI203,20220218,20220218,133359000,13:33:59,12147,558,1640,67741200,0,0,0
OI203,20220218,20220218,133359500,13:33:59,12147,558,1640,67741200,0,0,0
OI203,20220218,20220218,133401000,13:34:01,12147,558,1640,67741200,0,0,0
OI203,20220218,20220218,133403000,13:34:10,12147,558,1640,67741200,0,0,0
OI203,20220218,20220218,133403500,13:34:11,12147,558,1640,67741200,0,0,0
OI203,20220218,20220218,133410000,13:34:11,12147,558,1640,67741200,0,0,0
OI203,20220218,20220218,133410500,13:34:12,12147,558,1640,67741200,0,0,0
OI203,20220218,20220218,133411500,13:34:12,12147,558,1640,67741200,0,0,0
OI203,20220218,20220218,133413500,13:34:14,12147,558,1640,67741200,0,0,0
OI203,20220218,20220218,133414500,13:34:14,12147,558,1640,67741200,0,0,0
OI203,20220218,20220218,133415000,13:34:15,12147,558,1640,67741200,0,0,0
OI203,20220218,20220218,133415500,13:34:16,12142,559,1641,67862600,1,1,121400
OI203,20220218,20220218,133416500,13:34:16,12142,559,1641,67862600,0,0,0
OI203,20220218,20220218,133420500,13:34:21,12142,559,1641,67862600,0,0,0
OI203,20220218,20220218,133421000,13:34:23,12142,559,1641,67862600,0,0,0
OI203,20220218,20220218,133421500,13:34:23,12142,559,1641,67862600,0,0,0
OI203,20220218,20220218,133423500,13:34:24,12142,559,1641,67862600,0,0,0
OI203,20220218,20220218,133424000,13:34:24,12142,559,1641,67862600,0,0,0
OI203,20220218,20220218,133424500,13:34:24,12142,559,1641,67862600,0,0,0
OI203,20220218,20220218,133425000,13:34:25,12142,559,1641,67862600,0,0,0
OI203,20220218,20220218,133425500,13:34:25,12142,559,1641,67862600,0,0,0
OI203,20220218,20220218,133426000,13:34:26,12142,559,1641,67862600,0,0,0
OI203,20220218,20220218,133426500,13:34:26,12142,559,1641,67862600,0,0,0
OI203,20220218,20220218,133428500,13:34:28,12142,559,1641,67862600,0,0,0
OI203,20220218,20220218,133429000,13:34:29,12142,559,1641,67862600,0,0,0
OI203,20220218,20220218,133432500,13:34:32,12142,559,1641,67862600,0,0,0
OI203,20220218,20220218,133433000,13:34:33,12142,559,1641,67862600,0,0,0
OI203,20220218,20220218,133433500,13:34:34,12142,559,1641,67862600,0,0,0
OI203,20220218,20220218,133434000,13:34:34,12142,559,1641,67862600,0,0,0
OI203,20220218,20220218,133435000,13:34:35,12142,559,1641,67862600,0,0,0
OI203,20220218,20220218,133435500,13:34:36,12142,559,1641,67862600,0,0,0
OI203,20220218,20220218,133436500,13:34:36,12142,559,1641,67862600,0,0,0
OI203,20220218,20220218,133437000,13:34:37,12142,559,1641,67862600,0,0,0
OI203,20220218,20220218,133437500,13:34:38,12142,559,1641,67862600,0,0,0
OI203,20220218,20220218,133438000,13:34:38,12142,559,1641,67862600,0,0,0
OI203,20220218,20220218,133438500,13:34:38,12142,559,1641,67862600,0,0,0
OI203,20220218,20220218,133439500,13:34:39,12142,559,1641,67862600,0,0,0
OI203,20220218,20220218,133441000,13:34:41,12142,559,1641,67862600,0,0,0
OI203,20220218,20220218,133441500,13:34:41,12142,559,1641,67862600,0,0,0
OI203,20220218,20220218,133442000,13:34:44,12142,559,1641,67862600,0,0,0
OI203,20220218,20220218,133442500,13:34:44,12142,559,1641,67862600,0,0,0
OI203,20220218,20220218,133443000,13:34:44,12142,559,1641,67862600,0,0,0
OI203,20220218,20220218,133443500,13:34:45,12142,559,1641,67862600,0,0,0
OI203,20220218,20220218,133445500,13:34:46,12142,559,1641,67862600,0,0,0
OI203,20220218,20220218,133446000,13:34:46,12142,559,1641,67862600,0,0,0
OI203,20220218,20220218,133446500,13:34:47,12142,559,1641,67862600,0,0,0
OI203,20220218,20220218,133447000,13:34:47,12142,559,1641,67862600,0,0,0
OI203,20220218,20220218,133447500,13:34:47,12142,559,1641,67862600,0,0,0
OI203,20220218,20220218,133448000,13:34:48,12142,559,1641,67862600,0,0,0
OI203,20220218,20220218,133448500,13:34:49,12142,559,1641,67862600,0,0,0
OI203,20220218,20220218,133449000,13:34:49,12142,559,1641,67862600,0,0,0
OI203,20220218,20220218,133449500,13:34:49,12142,559,1641,67862600,0,0,0
OI203,20220218,20220218,133450000,13:34:50,12142,559,1641,67862600,0,0,0
OI203,20220218,20220218,133450500,13:34:51,12142,559,1641,67862600,0,0,0
OI203,20220218,20220218,133451000,13:34:51,12142,559,1641,67862600,0,0,0
OI203,20220218,20220218,133451500,13:34:51,12142,559,1641,67862600,0,0,0
OI203,20220218,20220218,133453000,13:34:53,12142,559,1641,67862600,0,0,0
OI203,20220218,20220218,133453500,13:34:55,12142,559,1641,67862600,0,0,0
OI203,20220218,20220218,133454000,13:34:56,12152,560,1640,67984000,1,-1,121400
OI203,20220218,20220218,133454500,13:34:56,12152,560,1640,67984000,0,0,0
OI203,20220218,20220218,133455000,13:34:56,12152,560,1640,67984000,0,0,0
OI203,20220218,20220218,133457000,13:34:57,12152,560,1640,67984000,0,0,0
OI203,20220218,20220218,133458000,13:34:58,12152,560,1640,67984000,0,0,0
OI203,20220218,20220218,133458500,13:34:59,12152,560,1640,67984000,0,0,0
OI203,20220218,20220218,133459000,13:34:59,12152,560,1640,67984000,0,0,0
OI203,20220218,20220218,133459500,13:34:59,12152,560,1640,67984000,0,0,0
OI203,20220218,20220218,133500000,13:35:00,12152,560,1640,67984000,0,0,0
OI203,20220218,20220218,133500500,13:35:00,12152,560,1640,67984000,0,0,0
OI203,20220218,20220218,133501000,13:35:04,12152,560,1640,67984000,0,0,0
OI203,20220218,20220218,133501500,13:35:04,12152,560,1640,67984000,0,0,0
OI203,20220218,20220218,133502000,13:35:10,12152,560,1640,67984000,0,0,0
OI203,20220218,20220218,133504500,13:35:10,12152,560,1640,67984000,0,0,0
OI203,20220218,20220218,133510000,13:35:10,12152,560,1640,67984000,0,0,0
OI203,20220218,20220218,133512500,13:35:13,12152,560,1640,67984000,0,0,0
OI203,20220218,20220218,133513500,13:35:14,12152,560,1640,67984000,0,0,0
OI203,20220218,20220218,133515500,13:35:16,12152,560,1640,67984000,0,0,0
OI203,20220218,20220218,133516000,13:35:16,12152,560,1640,67984000,0,0,0
OI203,20220218,20220218,133518000,13:35:18,12152,560,1640,67984000,0,0,0
OI203,20220218,20220218,133519500,13:35:20,12152,560,1640,67984000,0,0,0
OI203,20220218,20220218,133520500,13:35:20,12152,560,1640,67984000,0,0,0
OI203,20220218,20220218,133521000,13:35:21,12152,560,1640,67984000,0,0,0
OI203,20220218,20220218,133521500,13:35:22,12152,560,1640,67984000,0,0,0
OI203,20220218,20220218,133522000,13:35:22,12152,560,1640,67984000,0,0,0
OI203,20220218,20220218,133522500,13:35:23,12152,560,1640,67984000,0,0,0
OI203,20220218,20220218,133523000,13:35:23,12152,560,1640,67984000,0,0,0
OI203,20220218,20220218,133523500,13:35:23,12152,560,1640,67984000,0,0,0
OI203,20220218,20220218,133524500,13:35:25,12152,560,1640,67984000,0,0,0
OI203,20220218,20220218,133525000,13:35:25,12152,560,1640,67984000,0,0,0
OI203,20220218,20220218,133526000,13:35:26,12152,560,1640,67984000,0,0,0
OI203,20220218,20220218,133526500,13:35:27,12152,560,1640,67984000,0,0,0
OI203,20220218,20220218,133527000,13:35:27,12152,560,1640,67984000,0,0,0
OI203,20220218,20220218,133527500,13:35:31,12152,560,1640,67984000,0,0,0
OI203,20220218,20220218,133528500,13:35:32,12152,560,1640,67984000,0,0,0
OI203,20220218,20220218,133531000,13:35:32,12152,560,1640,67984000,0,0,0
OI203,20220218,20220218,133531500,13:35:41,12152,560,1640,67984000,0,0,0
OI203,20220218,20220218,133532000,13:35:41,12152,560,1640,67984000,0,0,0
OI203,20220218,20220218,133540000,13:35:43,12152,560,1640,67984000,0,0,0
OI203,20220218,20220218,133542000,13:35:43,12152,560,1640,67984000,0,0,0
OI203,20220218,20220218,133542500,13:35:44,12152,560,1640,67984000,0,0,0
OI203,20220218,20220218,133544000,13:35:44,12152,560,1640,67984000,0,0,0
OI203,20220218,20220218,133544500,13:35:45,12152,560,1640,67984000,0,0,0
OI203,20220218,20220218,133545000,13:35:45,12152,560,1640,67984000,0,0,0
OI203,20220218,20220218,133545500,13:35:46,12152,560,1640,67984000,0,0,0
OI203,20220218,20220218,133546000,13:35:46,12152,560,1640,67984000,0,0,0
OI203,20220218,20220218,133546500,13:35:46,12152,560,1640,67984000,0,0,0
OI203,20220218,20220218,133547000,13:35:47,12152,560,1640,67984000,0,0,0
OI203,20220218,20220218,133547500,13:35:48,12152,560,1640,67984000,0,0,0
OI203,20220218,20220218,133548000,13:35:48,12152,560,1640,67984000,0,0,0
OI203,20220218,20220218,133548500,13:35:48,12152,560,1640,67984000,0,0,0
OI203,20220218,20220218,133549000,13:35:49,12152,560,1640,67984000,0,0,0
OI203,20220218,20220218,133549500,13:35:49,12152,560,1640,67984000,0,0,0
OI203,20220218,20220218,133550000,13:35:50,12152,560,1640,67984000,0,0,0
OI203,20220218,20220218,133550500,13:35:50,12152,560,1640,67984000,0,0,0
OI203,20220218,20220218,133551000,13:35:51,12152,560,1640,67984000,0,0,0
OI203,20220218,20220218,133551500,13:35:51,12152,560,1640,67984000,0,0,0
OI203,20220218,20220218,133552000,13:35:52,12152,560,1640,67984000,0,0,0
OI203,20220218,20220218,133552500,13:35:52,12152,560,1640,67984000,0,0,0
OI203,20220218,20220218,133553000,13:35:53,12152,560,1640,67984000,0,0,0
OI203,20220218,20220218,133554000,13:35:55,12152,560,1640,67984000,0,0,0
OI203,20220218,20220218,133554500,13:35:55,12152,560,1640,67984000,0,0,0
OI203,20220218,20220218,133555000,13:35:56,12152,560,1640,67984000,0,0,0
OI203,20220218,20220218,133555500,13:35:56,12152,560,1640,67984000,0,0,0
OI203,20220218,20220218,133556000,13:35:56,12152,560,1640,67984000,0,0,0
OI203,20220218,20220218,133556500,13:35:56,12152,560,1640,67984000,0,0,0
OI203,20220218,20220218,133557000,13:35:59,12152,560,1640,67984000,0,0,0
OI203,20220218,20220218,133557500,13:35:59,12152,560,1640,67984000,0,0,0
OI203,20220218,20220218,133601500,13:36:03,12152,560,1640,67984000,0,0,0
OI203,20220218,20220218,133602000,13:36:03,12152,560,1640,67984000,0,0,0
OI203,20220218,20220218,133602500,13:36:03,12152,560,1640,67984000,0,0,0
OI203,20220218,20220218,133603000,13:36:05,12152,560,1640,67984000,0,0,0
OI203,20220218,20220218,133603500,13:36:05,12152,560,1640,67984000,0,0,0
OI203,20220218,20220218,133604000,13:36:05,12152,560,1640,67984000,0,0,0
OI203,20220218,20220218,133605000,13:36:06,12152,560,1640,67984000,0,0,0
OI203,20220218,20220218,133605500,13:36:07,12152,560,1640,67984000,0,0,0
OI203,20220218,20220218,133606000,13:36:07,12152,560,1640,67984000,0,0,0
OI203,20220218,20220218,133606500,13:36:07,12152,560,1640,67984000,0,0,0
OI203,20220218,20220218,133607000,13:36:07,12152,560,1640,67984000,0,0,0
OI203,20220218,20220218,133607500,13:36:08,12152,560,1640,67984000,0,0,0
OI203,20220218,20220218,133608000,13:36:08,12152,560,1640,67984000,0,0,0
OI203,20220218,20220218,133609000,13:36:09,12152,560,1640,67984000,0,0,0
OI203,20220218,20220218,133609500,13:36:10,12152,560,1640,67984000,0,0,0
OI203,20220218,20220218,133610000,13:36:10,12152,560,1640,67984000,0,0,0
OI203,20220218,20220218,133610500,13:36:11,12152,560,1640,67984000,0,0,0
OI203,20220218,20220218,133611000,13:36:12,12152,560,1640,67984000,0,0,0
OI203,20220218,20220218,133611500,13:36:12,12152,560,1640,67984000,0,0,0
OI203,20220218,20220218,133612000,13:36:12,12152,560,1640,67984000,0,0,0
OI203,20220218,20220218,133612500,13:36:12,12152,560,1640,67984000,0,0,0
OI203,20220218,20220218,133613000,13:36:13,12152,560,1640,67984000,0,0,0
OI203,20220218,20220218,133613500,13:36:14,12152,560,1640,67984000,0,0,0
OI203,20220218,20220218,133614500,13:36:14,12152,560,1640,67984000,0,0,0
OI203,20220218,20220218,133615000,13:36:15,12152,560,1640,67984000,0,0,0
OI203,20220218,20220218,133615500,13:36:15,12152,560,1640,67984000,0,0,0
OI203,20220218,20220218,133616000,13:36:16,12152,560,1640,67984000,0,0,0
OI203,20220218,20220218,133616500,13:36:17,12152,560,1640,67984000,0,0,0
OI203,20220218,20220218,133617000,13:36:17,12152,560,1640,67984000,0,0,0
OI203,20220218,20220218,133617500,13:36:19,12152,560,1640,67984000,0,0,0
OI203,20220218,20220218,133618000,13:36:19,12152,560,1640,67984000,0,0,0
OI203,20220218,20220218,133618500,13:36:19,12152,560,1640,67984000,0,0,0
OI203,20220218,20220218,133619000,13:36:19,12152,560,1640,67984000,0,0,0
OI203,20220218,20220218,133620500,13:36:20,12152,560,1640,67984000,0,0,0
OI203,20220218,20220218,133621000,13:36:21,12152,560,1640,67984000,0,0,0
OI203,20220218,20220218,133621500,13:36:21,12152,560,1640,67984000,0,0,0
OI203,20220218,20220218,133622500,13:36:22,12152,560,1640,67984000,0,0,0
OI203,20220218,20220218,133623000,13:36:23,12152,560,1640,67984000,0,0,0
OI203,20220218,20220218,133623500,13:36:23,12152,560,1640,67984000,0,0,0
OI203,20220218,20220218,133624000,13:36:24,12152,560,1640,67984000,0,0,0
OI203,20220218,20220218,133625500,13:36:25,12152,560,1640,67984000,0,0,0
OI203,20220218,20220218,133626000,13:36:26,12152,560,1640,67984000,0,0,0
OI203,20220218,20220218,133626500,13:36:27,12152,560,1640,67984000,0,0,0
OI203,20220218,20220218,133627000,13:36:27,12152,560,1640,67984000,0,0,0
OI203,20220218,20220218,133627500,13:36:28,12152,560,1640,67984000,0,0,0
OI203,20220218,20220218,133628000,13:36:28,12152,560,1640,67984000,0,0,0
OI203,20220218,20220218,133628500,13:36:29,12152,560,1640,67984000,0,0,0
OI203,20220218,20220218,133629500,13:36:30,12152,560,1640,67984000,0,0,0
OI203,20220218,20220218,133630500,13:36:31,12152,560,1640,67984000,0,0,0
OI203,20220218,20220218,133631000,13:36:31,12152,560,1640,67984000,0,0,0
OI203,20220218,20220218,133631500,13:36:31,12152,560,1640,67984000,0,0,0
OI203,20220218,20220218,133632000,13:36:32,12152,560,1640,67984000,0,0,0
OI203,20220218,20220218,133632500,13:36:32,12152,560,1640,67984000,0,0,0
OI203,20220218,20220218,133633000,13:36:33,12152,560,1640,67984000,0,0,0
OI203,20220218,20220218,133633500,13:36:33,12152,560,1640,67984000,0,0,0
OI203,20220218,20220218,133634000,13:36:34,12152,560,1640,67984000,0,0,0
OI203,20220218,20220218,133636000,13:36:36,12152,560,1640,67984000,0,0,0
OI203,20220218,20220218,133638000,13:36:38,12152,560,1640,67984000,0,0,0
OI203,20220218,20220218,133639000,13:36:39,12152,560,1640,67984000,0,0,0
OI203,20220218,20220218,133639500,13:36:39,12152,560,1640,67984000,0,0,0
OI203,20220218,20220218,133640500,13:36:40,12152,560,1640,67984000,0,0,0
OI203,20220218,20220218,133641000,13:36:41,12152,560,1640,67984000,0,0,0
OI203,20220218,20220218,133641500,13:36:41,12152,560,1640,67984000,0,0,0
OI203,20220218,20220218,133642000,13:36:42,12152,560,1640,67984000,0,0,0
OI203,20220218,20220218,133642500,13:36:42,12152,560,1640,67984000,0,0,0
OI203,20220218,20220218,133643000,13:36:43,12152,560,1640,67984000,0,0,0
OI203,20220218,20220218,133643500,13:36:44,12152,560,1640,67984000,0,0,0
OI203,20220218,20220218,133644000,13:36:44,12152,560,1640,67984000,0,0,0
OI203,20220218,20220218,133645000,13:36:45,12152,560,1640,67984000,0,0,0
OI203,20220218,20220218,133645500,13:36:46,12152,560,1640,67984000,0,0,0
OI203,20220218,20220218,133646000,13:36:46,12152,560,1640,67984000,0,0,0
OI203,20220218,20220218,133646500,13:36:46,12152,560,1640,67984000,0,0,0
OI203,20220218,20220218,133648000,13:36:48,12152,560,1640,67984000,0,0,0
OI203,20220218,20220218,133649000,13:36:49,12152,560,1640,67984000,0,0,0
OI203,20220218,20220218,133649500,13:36:49,12152,560,1640,67984000,0,0,0
OI203,20220218,20220218,133650000,13:36:50,12152,560,1640,67984000,0,0,0
OI203,20220218,20220218,133650500,13:36:50,12152,560,1640,67984000,0,0,0
OI203,20220218,20220218,133651000,13:36:51,12152,560,1640,67984000,0,0,0
OI203,20220218,20220218,133651500,13:36:51,12152,560,1640,67984000,0,0,0
OI203,20220218,20220218,133652000,13:36:52,12152,560,1640,67984000,0,0,0
OI203,20220218,20220218,133653000,13:36:53,12152,560,1640,67984000,0,0,0
OI203,20220218,20220218,133653500,13:36:54,12152,560,1640,67984000,0,0,0
OI203,20220218,20220218,133654000,13:36:54,12152,560,1640,67984000,0,0,0
OI203,20220218,20220218,133658000,13:36:58,12152,560,1640,67984000,0,0,0
OI203,20220218,20220218,133659500,13:36:59,12152,560,1640,67984000,0,0,0
OI203,20220218,20220218,133700000,13:37:00,12152,560,1640,67984000,0,0,0
OI203,20220218,20220218,133700500,13:37:00,12152,560,1640,67984000,0,0,0
OI203,20220218,20220218,133701000,13:37:01,12152,560,1640,67984000,0,0,0
OI203,20220218,20220218,133701500,13:37:02,12152,560,1640,67984000,0,0,0
OI203,20220218,20220218,133702000,13:37:02,12152,560,1640,67984000,0,0,0
OI203,20220218,20220218,133702500,13:37:03,12152,560,1640,67984000,0,0,0
OI203,20220218,20220218,133703000,13:37:03,12152,560,1640,67984000,0,0,0
OI203,20220218,20220218,133703500,13:37:03,12152,560,1640,67984000,0,0,0
OI203,20220218,20220218,133705000,13:37:05,12152,560,1640,67984000,0,0,0
OI203,20220218,20220218,133705500,13:37:05,12152,560,1640,67984000,0,0,0
OI203,20220218,20220218,133707500,13:37:08,12152,560,1640,67984000,0,0,0
OI203,20220218,20220218,133709000,13:37:09,12152,560,1640,67984000,0,0,0
OI203,20220218,20220218,133709500,13:37:10,12152,560,1640,67984000,0,0,0
OI203,20220218,20220218,133710000,13:37:11,12152,560,1640,67984000,0,0,0
OI203,20220218,20220218,133710500,13:37:11,12152,560,1640,67984000,0,0,0
OI203,20220218,20220218,133711500,13:37:13,12152,560,1640,67984000,0,0,0
OI203,20220218,20220218,133712500,13:37:13,12152,560,1640,67984000,0,0,0
OI203,20220218,20220218,133713000,13:37:13,12152,560,1640,67984000,0,0,0
OI203,20220218,20220218,133713500,13:37:14,12152,560,1640,67984000,0,0,0
OI203,20220218,20220218,133714000,13:37:14,12152,560,1640,67984000,0,0,0
OI203,20220218,20220218,133714500,13:37:14,12152,560,1640,67984000,0,0,0
OI203,20220218,20220218,133715500,13:37:15,12152,560,1640,67984000,0,0,0
OI203,20220218,20220218,133716500,13:37:17,12152,560,1640,67984000,0,0,0
OI203,20220218,20220218,133717500,13:37:18,12152,560,1640,67984000,0,0,0
OI203,20220218,20220218,133718000,13:37:18,12152,560,1640,67984000,0,0,0
OI203,20220218,20220218,133718500,13:37:19,12152,560,1640,67984000,0,0,0
OI203,20220218,20220218,133719000,13:37:19,12152,560,1640,67984000,0,0,0
OI203,20220218,20220218,133719500,13:37:20,12152,560,1640,67984000,0,0,0
OI203,20220218,20220218,133720000,13:37:20,12152,560,1640,67984000,0,0,0
OI203,20220218,20220218,133720500,13:37:21,12152,560,1640,67984000,0,0,0
OI203,20220218,20220218,133721000,13:37:21,12152,560,1640,67984000,0,0,0
OI203,20220218,20220218,133721500,13:37:21,12152,560,1640,67984000,0,0,0
OI203,20220218,20220218,133722500,13:37:23,12152,560,1640,67984000,0,0,0
OI203,20220218,20220218,133723000,13:37:23,12152,560,1640,67984000,0,0,0
OI203,20220218,20220218,133724000,13:37:24,12152,560,1640,67984000,0,0,0
OI203,20220218,20220218,133724500,13:37:25,12152,560,1640,67984000,0,0,0
OI203,20220218,20220218,133725000,13:37:25,12152,560,1640,67984000,0,0,0
OI203,20220218,20220218,133725500,13:37:25,12152,560,1640,67984000,0,0,0
OI203,20220218,20220218,133728500,13:37:28,12152,560,1640,67984000,0,0,0
OI203,20220218,20220218,133729000,13:37:29,12152,560,1640,67984000,0,0,0
OI203,20220218,20220218,133729500,13:37:30,12152,560,1640,67984000,0,0,0
OI203,20220218,20220218,133730000,13:37:30,12152,560,1640,67984000,0,0,0
OI203,20220218,20220218,133732000,13:37:32,12152,560,1640,67984000,0,0,0
OI203,20220218,20220218,133732500,13:37:32,12152,560,1640,67984000,0,0,0
OI203,20220218,20220218,133733000,13:37:33,12152,560,1640,67984000,0,0,0
OI203,20220218,20220218,133735000,13:37:35,12152,560,1640,67984000,0,0,0
OI203,20220218,20220218,133735500,13:37:36,12152,560,1640,67984000,0,0,0
OI203,20220218,20220218,133737500,13:37:37,12152,560,1640,67984000,0,0,0
OI203,20220218,20220218,133738000,13:37:38,12152,560,1640,67984000,0,0,0
OI203,20220218,20220218,133738500,13:37:39,12152,560,1640,67984000,0,0,0
OI203,20220218,20220218,133739500,13:37:39,12152,560,1640,67984000,0,0,0
OI203,20220218,20220218,133741500,13:37:41,12152,560,1640,67984000,0,0,0
OI203,20220218,20220218,133742500,13:37:43,12152,560,1640,67984000,0,0,0
OI203,20220218,20220218,133743000,13:37:43,12152,560,1640,67984000,0,0,0
OI203,20220218,20220218,133747000,13:37:47,12152,560,1640,67984000,0,0,0
OI203,20220218,20220218,133747500,13:37:48,12152,560,1640,67984000,0,0,0
OI203,20220218,20220218,133748000,13:37:48,12152,560,1640,67984000,0,0,0
OI203,20220218,20220218,133748500,13:37:48,12152,560,1640,67984000,0,0,0
OI203,20220218,20220218,133749500,13:37:49,12152,560,1640,67984000,0,0,0
OI203,20220218,20220218,133750000,13:37:50,12152,560,1640,67984000,0,0,0
OI203,20220218,20220218,133751000,13:37:51,12152,560,1640,67984000,0,0,0
OI203,20220218,20220218,133751500,13:37:53,12152,560,1640,67984000,0,0,0
OI203,20220218,20220218,133752000,13:37:53,12152,560,1640,67984000,0,0,0
OI203,20220218,20220218,133754000,13:37:55,12152,560,1640,67984000,0,0,0
OI203,20220218,20220218,133754500,13:37:55,12152,560,1640,67984000,0,0,0
OI203,20220218,20220218,133755000,13:37:55,12152,560,1640,67984000,0,0,0
OI203,20220218,20220218,133755500,13:37:55,12152,560,1640,67984000,0,0,0
OI203,20220218,20220218,133756000,13:37:56,12152,560,1640,67984000,0,0,0
OI203,20220218,20220218,133758000,13:37:58,12152,560,1640,67984000,0,0,0
OI203,20220218,20220218,133759000,13:38:00,12152,560,1640,67984000,0,0,0
OI203,20220218,20220218,133759500,13:38:00,12152,560,1640,67984000,0,0,0
OI203,20220218,20220218,133800000,13:38:00,12152,560,1640,67984000,0,0,0
OI203,20220218,20220218,133800500,13:38:02,12152,560,1640,67984000,0,0,0
OI203,20220218,20220218,133801000,13:38:02,12152,560,1640,67984000,0,0,0
OI203,20220218,20220218,133802000,13:38:03,12152,560,1640,67984000,0,0,0
OI203,20220218,20220218,133802500,13:38:05,12152,560,1640,67984000,0,0,0
OI203,20220218,20220218,133805000,13:38:06,12152,560,1640,67984000,0,0,0
OI203,20220218,20220218,133805500,13:38:07,12152,561,1640,68105400,1,0,121400
OI203,20220218,20220218,133806500,13:38:09,12152,561,1640,68105400,0,0,0
OI203,20220218,20220218,133807000,13:38:09,12152,561,1640,68105400,0,0,0
OI203,20220218,20220218,133809000,13:38:09,12155,562,1639,68226800,1,-1,121400
OI203,20220218,20220218,133810000,13:38:10,12155,562,1639,68226800,0,0,0
OI203,20220218,20220218,133810500,13:38:10,12155,562,1639,68226800,0,0,0
OI203,20220218,20220218,133811000,13:38:14,12155,562,1639,68226800,0,0,0
OI203,20220218,20220218,133811500,13:38:14,12155,562,1639,68226800,0,0,0
OI203,20220218,20220218,133813500,13:38:15,12155,562,1639,68226800,0,0,0
OI203,20220218,20220218,133814000,13:38:15,12155,562,1639,68226800,0,0,0
OI203,20220218,20220218,133815000,13:38:17,12155,562,1639,68226800,0,0,0
OI203,20220218,20220218,133815500,13:38:17,12155,562,1639,68226800,0,0,0
OI203,20220218,20220218,133816500,13:38:18,12155,562,1639,68226800,0,0,0
OI203,20220218,20220218,133817500,13:38:18,12155,562,1639,68226800,0,0,0
OI203,20220218,20220218,133818000,13:38:18,12155,562,1639,68226800,0,0,0
OI203,20220218,20220218,133818500,13:38:18,12155,562,1639,68226800,0,0,0
OI203,20220218,20220218,133819000,13:38:19,12155,562,1639,68226800,0,0,0
OI203,20220218,20220218,133819500,13:38:19,12155,562,1639,68226800,0,0,0
OI203,20220218,20220218,133820000,13:38:20,12155,562,1639,68226800,0,0,0
OI203,20220218,20220218,133820500,13:38:22,12155,562,1639,68226800,0,0,0
OI203,20220218,20220218,133821000,13:38:22,12155,562,1639,68226800,0,0,0
OI203,20220218,20220218,133822500,13:38:23,12155,562,1639,68226800,0,0,0
OI203,20220218,20220218,133824000,13:38:24,12155,562,1639,68226800,0,0,0
OI203,20220218,20220218,133824500,13:38:28,12155,562,1639,68226800,0,0,0
OI203,20220218,20220218,133825000,13:38:41,12155,562,1639,68226800,0,0,0
OI203,20220218,20220218,133840500,13:38:42,12155,562,1639,68226800,0,0,0
OI203,20220218,20220218,133842500,13:38:43,12155,562,1639,68226800,0,0,0
OI203,20220218,20220218,133843500,13:38:43,12155,562,1639,68226800,0,0,0
OI203,20220218,20220218,133844000,13:38:44,12155,562,1639,68226800,0,0,0
OI203,20220218,20220218,133845500,13:38:45,12155,562,1639,68226800,0,0,0
OI203,20220218,20220218,133846000,13:38:46,12155,562,1639,68226800,0,0,0
OI203,20220218,20220218,133851500,13:38:51,12155,562,1639,68226800,0,0,0
OI203,20220218,20220218,133856500,13:38:56,12155,562,1639,68226800,0,0,0
OI203,20220218,20220218,133859500,13:38:59,12155,562,1639,68226800,0,0,0
OI203,20220218,20220218,133901000,13:39:01,12155,562,1639,68226800,0,0,0
OI203,20220218,20220218,133901500,13:39:01,12155,562,1639,68226800,0,0,0
OI203,20220218,20220218,133902500,13:39:02,12155,562,1639,68226800,0,0,0
OI203,20220218,20220218,133906000,13:39:06,12155,562,1639,68226800,0,0,0
OI203,20220218,20220218,133907500,13:39:07,12155,562,1639,68226800,0,0,0
OI203,20220218,20220218,133908500,13:39:08,12155,562,1639,68226800,0,0,0
OI203,20220218,20220218,133910000,13:39:10,12155,562,1639,68226800,0,0,0
OI203,20220218,20220218,133911500,13:39:11,12155,562,1639,68226800,0,0,0
OI203,20220218,20220218,133913500,13:39:13,12155,562,1639,68226800,0,0,0
OI203,20220218,20220218,133914000,13:39:14,12165,564,1638,68469600,2,-1,242800
OI203,20220218,20220218,133914500,13:39:15,12165,564,1638,68469600,0,0,0
OI203,20220218,20220218,133915500,13:39:19,12165,564,1638,68469600,0,0,0
OI203,20220218,20220218,133916000,13:39:19,12165,564,1638,68469600,0,0,0
OI203,20220218,20220218,133918500,13:39:19,12165,564,1638,68469600,0,0,0
OI203,20220218,20220218,133919000,13:39:19,12165,564,1638,68469600,0,0,0
OI203,20220218,20220218,133920000,13:39:20,12165,564,1638,68469600,0,0,0
OI203,20220218,20220218,133922500,13:39:23,12165,564,1638,68469600,0,0,0
OI203,20220218,20220218,133924000,13:39:24,12165,564,1638,68469600,0,0,0
OI203,20220218,20220218,133925000,13:39:25,12165,564,1638,68469600,0,0,0
OI203,20220218,20220218,133926000,13:39:26,12165,564,1638,68469600,0,0,0
OI203,20220218,20220218,133928000,13:39:28,12165,564,1638,68469600,0,0,0
OI203,20220218,20220218,133931000,13:39:31,12165,564,1638,68469600,0,0,0
OI203,20220218,20220218,133932500,13:39:33,12165,564,1638,68469600,0,0,0
OI203,20220218,20220218,133936000,13:39:36,12165,564,1638,68469600,0,0,0
OI203,20220218,20220218,133938000,13:39:38,12165,564,1638,68469600,0,0,0
OI203,20220218,20220218,133939500,13:39:39,12165,564,1638,68469600,0,0,0
OI203,20220218,20220218,133940000,13:39:40,12165,564,1638,68469600,0,0,0
OI203,20220218,20220218,133944500,13:39:44,12165,564,1638,68469600,0,0,0
OI203,20220218,20220218,133945000,13:39:45,12165,564,1638,68469600,0,0,0
OI203,20220218,20220218,133945500,13:39:46,12165,564,1638,68469600,0,0,0
OI203,20220218,20220218,133946000,13:39:46,12165,564,1638,68469600,0,0,0
OI203,20220218,20220218,133947000,13:39:47,12165,564,1638,68469600,0,0,0
OI203,20220218,20220218,133948000,13:39:48,12165,564,1638,68469600,0,0,0
OI203,20220218,20220218,133949000,13:39:49,12165,564,1638,68469600,0,0,0
OI203,20220218,20220218,133949500,13:39:50,12165,564,1638,68469600,0,0,0
OI203,20220218,20220218,133951500,13:39:51,12165,564,1638,68469600,0,0,0
OI203,20220218,20220218,133952000,13:39:52,12165,564,1638,68469600,0,0,0
OI203,20220218,20220218,133952500,13:39:53,12165,564,1638,68469600,0,0,0
OI203,20220218,20220218,133953000,13:39:53,12165,564,1638,68469600,0,0,0
OI203,20220218,20220218,133953500,13:39:54,12165,564,1638,68469600,0,0,0
OI203,20220218,20220218,133954000,13:39:54,12165,564,1638,68469600,0,0,0
OI203,20220218,20220218,133954500,13:39:55,12165,564,1638,68469600,0,0,0
OI203,20220218,20220218,133955000,13:39:55,12165,564,1638,68469600,0,0,0
OI203,20220218,20220218,133955500,13:39:55,12165,564,1638,68469600,0,0,0
OI203,20220218,20220218,133956500,13:39:57,12165,564,1638,68469600,0,0,0
OI203,20220218,20220218,133957000,13:39:57,12165,564,1638,68469600,0,0,0
OI203,20220218,20220218,133957500,13:40:12,12165,564,1638,68469600,0,0,0
OI203,20220218,20220218,133958000,13:40:13,12165,564,1638,68469600,0,0,0
OI203,20220218,20220218,133958500,13:40:13,12165,564,1638,68469600,0,0,0
OI203,20220218,20220218,134012500,13:40:13,12165,564,1638,68469600,0,0,0
OI203,20220218,20220218,134013000,13:40:13,12165,564,1638,68469600,0,0,0
OI203,20220218,20220218,134013500,13:40:13,12165,564,1638,68469600,0,0,0
OI203,20220218,20220218,134014000,13:40:14,12165,564,1638,68469600,0,0,0
OI203,20220218,20220218,134014500,13:40:15,12165,564,1638,68469600,0,0,0
OI203,20220218,20220218,134015000,13:40:16,12165,564,1638,68469600,0,0,0
OI203,20220218,20220218,134015500,13:40:16,12165,564,1638,68469600,0,0,0
OI203,20220218,20220218,134016000,13:40:16,12165,564,1638,68469600,0,0,0
OI203,20220218,20220218,134016500,13:40:17,12165,564,1638,68469600,0,0,0
OI203,20220218,20220218,134017000,13:40:17,12165,564,1638,68469600,0,0,0
OI203,20220218,20220218,134017500,13:40:18,12165,564,1638,68469600,0,0,0
OI203,20220218,20220218,134018500,13:40:19,12165,564,1638,68469600,0,0,0
OI203,20220218,20220218,134019000,13:40:19,12165,564,1638,68469600,0,0,0
OI203,20220218,20220218,134020000,13:40:20,12165,564,1638,68469600,0,0,0
OI203,20220218,20220218,134021000,13:40:21,12165,564,1638,68469600,0,0,0
OI203,20220218,20220218,134022000,13:40:22,12165,564,1638,68469600,0,0,0
OI203,20220218,20220218,134022500,13:40:22,12165,564,1638,68469600,0,0,0
OI203,20220218,20220218,134023000,13:40:23,12165,564,1638,68469600,0,0,0
OI203,20220218,20220218,134024500,13:40:25,12165,564,1638,68469600,0,0,0
OI203,20220218,20220218,134026500,13:40:27,12165,564,1638,68469600,0,0,0
OI203,20220218,20220218,134027000,13:40:27,12165,564,1638,68469600,0,0,0
OI203,20220218,20220218,134027500,13:40:27,12165,564,1638,68469600,0,0,0
OI203,20220218,20220218,134028500,13:40:29,12165,564,1638,68469600,0,0,0
OI203,20220218,20220218,134030500,13:40:30,12165,564,1638,68469600,0,0,0
OI203,20220218,20220218,134033000,13:40:33,12165,564,1638,68469600,0,0,0
OI203,20220218,20220218,134033500,13:40:34,12165,564,1638,68469600,0,0,0
OI203,20220218,20220218,134035000,13:40:35,12165,564,1638,68469600,0,0,0
OI203,20220218,20220218,134036500,13:40:36,12165,564,1638,68469600,0,0,0
OI203,20220218,20220218,134037500,13:40:37,12165,564,1638,68469600,0,0,0
OI203,20220218,20220218,134038500,13:40:38,12165,564,1638,68469600,0,0,0
OI203,20220218,20220218,134039000,13:40:40,12165,564,1638,68469600,0,0,0
OI203,20220218,20220218,134039500,13:40:40,12165,564,1638,68469600,0,0,0
OI203,20220218,20220218,134041000,13:40:42,12165,564,1638,68469600,0,0,0
OI203,20220218,20220218,134042500,13:40:42,12165,564,1638,68469600,0,0,0
OI203,20220218,20220218,134043500,13:40:44,12165,564,1638,68469600,0,0,0
OI203,20220218,20220218,134045000,13:40:45,12165,564,1638,68469600,0,0,0
OI203,20220218,20220218,134046000,13:40:46,12165,564,1638,68469600,0,0,0
OI203,20220218,20220218,134046500,13:40:46,12165,564,1638,68469600,0,0,0
OI203,20220218,20220218,134047500,13:40:47,12165,564,1638,68469600,0,0,0
OI203,20220218,20220218,134048000,13:40:48,12165,564,1638,68469600,0,0,0
OI203,20220218,20220218,134050000,13:40:50,12165,564,1638,68469600,0,0,0
OI203,20220218,20220218,134050500,13:40:50,12165,564,1638,68469600,0,0,0
OI203,20220218,20220218,134052000,13:40:55,12165,564,1638,68469600,0,0,0
OI203,20220218,20220218,134054000,13:40:55,12165,564,1638,68469600,0,0,0
OI203,20220218,20220218,134055500,13:40:57,12165,564,1638,68469600,0,0,0
OI203,20220218,20220218,134057000,13:40:58,12165,564,1638,68469600,0,0,0
OI203,20220218,20220218,134057500,13:40:58,12165,564,1638,68469600,0,0,0
OI203,20220218,20220218,134058000,13:40:58,12165,564,1638,68469600,0,0,0
OI203,20220218,20220218,134058500,13:40:59,12165,564,1638,68469600,0,0,0
OI203,20220218,20220218,134100000,13:41:00,12165,564,1638,68469600,0,0,0
OI203,20220218,20220218,134100500,13:41:00,12165,564,1638,68469600,0,0,0
OI203,20220218,20220218,134101000,13:41:01,12165,564,1638,68469600,0,0,0
OI203,20220218,20220218,134102000,13:41:02,12165,564,1638,68469600,0,0,0
OI203,20220218,20220218,134102500,13:41:02,12165,564,1638,68469600,0,0,0
OI203,20220218,20220218,134103000,13:41:03,12165,564,1638,68469600,0,0,0
OI203,20220218,20220218,134105000,13:41:06,12165,564,1638,68469600,0,0,0
OI203,20220218,20220218,134105500,13:41:06,12165,564,1638,68469600,0,0,0
OI203,20220218,20220218,134107000,13:41:07,12165,564,1638,68469600,0,0,0
OI203,20220218,20220218,134108000,13:41:09,12165,564,1638,68469600,0,0,0
OI203,20220218,20220218,134108500,13:41:10,12165,564,1638,68469600,0,0,0
OI203,20220218,20220218,134109000,13:41:10,12165,564,1638,68469600,0,0,0
OI203,20220218,20220218,134109500,13:41:10,12165,564,1638,68469600,0,0,0
OI203,20220218,20220218,134110500,13:41:10,12165,564,1638,68469600,0,0,0
OI203,20220218,20220218,134111500,13:41:11,12165,564,1638,68469600,0,0,0
OI203,20220218,20220218,134115000,13:41:16,12165,564,1638,68469600,0,0,0
OI203,20220218,20220218,134117500,13:41:18,12165,564,1638,68469600,0,0,0
OI203,20220218,20220218,134118000,13:41:19,12165,564,1638,68469600,0,0,0
OI203,20220218,20220218,134118500,13:41:19,12165,564,1638,68469600,0,0,0
OI203,20220218,20220218,134120000,13:41:20,12165,564,1638,68469600,0,0,0
OI203,20220218,20220218,134121500,13:41:24,12165,564,1638,68469600,0,0,0
OI203,20220218,20220218,134122000,13:41:24,12165,564,1638,68469600,0,0,0
OI203,20220218,20220218,134123500,13:41:24,12165,564,1638,68469600,0,0,0
OI203,20220218,20220218,134124500,13:41:26,12165,564,1638,68469600,0,0,0
OI203,20220218,20220218,134125000,13:41:26,12165,564,1638,68469600,0,0,0
OI203,20220218,20220218,134127000,13:41:27,12165,564,1638,68469600,0,0,0
OI203,20220218,20220218,134127500,13:41:27,12165,564,1638,68469600,0,0,0
OI203,20220218,20220218,134130000,13:41:30,12165,564,1638,68469600,0,0,0
OI203,20220218,20220218,134130500,13:41:31,12165,564,1638,68469600,0,0,0
OI203,20220218,20220218,134131000,13:41:31,12165,564,1638,68469600,0,0,0
OI203,20220218,20220218,134131500,13:41:31,12165,564,1638,68469600,0,0,0
OI203,20220218,20220218,134132000,13:41:32,12165,564,1638,68469600,0,0,0
OI203,20220218,20220218,134134000,13:41:34,12165,564,1638,68469600,0,0,0
OI203,20220218,20220218,134134500,13:41:34,12165,564,1638,68469600,0,0,0
OI203,20220218,20220218,134135500,13:41:35,12165,564,1638,68469600,0,0,0
OI203,20220218,20220218,134139500,13:41:41,12165,564,1638,68469600,0,0,0
OI203,20220218,20220218,134141000,13:41:42,12165,564,1638,68469600,0,0,0
OI203,20220218,20220218,134142000,13:41:42,12165,564,1638,68469600,0,0,0
OI203,20220218,20220218,134143500,13:41:44,12165,564,1638,68469600,0,0,0
OI203,20220218,20220218,134145000,13:41:45,12165,564,1638,68469600,0,0,0
OI203,20220218,20220218,134145500,13:41:45,12165,564,1638,68469600,0,0,0
OI203,20220218,20220218,134146000,13:41:46,12165,564,1638,68469600,0,0,0
OI203,20220218,20220218,134146500,13:41:47,12165,564,1638,68469600,0,0,0
OI203,20220218,20220218,134147500,13:41:48,12165,564,1638,68469600,0,0,0
OI203,20220218,20220218,134148000,13:41:48,12165,564,1638,68469600,0,0,0
OI203,20220218,20220218,134149000,13:41:49,12165,564,1638,68469600,0,0,0
OI203,20220218,20220218,134149500,13:41:50,12165,564,1638,68469600,0,0,0
OI203,20220218,20220218,134150000,13:41:50,12165,564,1638,68469600,0,0,0
OI203,20220218,20220218,134150500,13:41:51,12165,564,1638,68469600,0,0,0
OI203,20220218,20220218,134152000,13:41:52,12165,564,1638,68469600,0,0,0
OI203,20220218,20220218,134152500,13:41:52,12165,564,1638,68469600,0,0,0
OI203,20220218,20220218,134154000,13:42:01,12165,564,1638,68469600,0,0,0
OI203,20220218,20220218,134154500,13:42:02,12165,564,1638,68469600,0,0,0
OI203,20220218,20220218,134155000,13:42:04,12165,564,1638,68469600,0,0,0
OI203,20220218,20220218,134202000,13:42:06,12165,564,1638,68469600,0,0,0
OI203,20220218,20220218,134202500,13:42:11,12165,564,1638,68469600,0,0,0
OI203,20220218,20220218,134203000,13:42:11,12165,564,1638,68469600,0,0,0
OI203,20220218,20220218,134209500,13:42:12,12165,564,1638,68469600,0,0,0
OI203,20220218,20220218,134210500,13:42:12,12165,564,1638,68469600,0,0,0
OI203,20220218,20220218,134211500,13:42:12,12165,564,1638,68469600,0,0,0
OI203,20220218,20220218,134212000,13:42:12,12165,564,1638,68469600,0,0,0
OI203,20220218,20220218,134215000,13:42:15,12165,564,1638,68469600,0,0,0
OI203,20220218,20220218,134215500,13:42:16,12165,564,1638,68469600,0,0,0
OI203,20220218,20220218,134216000,13:42:16,12165,564,1638,68469600,0,0,0
OI203,20220218,20220218,134216500,13:42:17,12165,564,1638,68469600,0,0,0
OI203,20220218,20220218,134217000,13:42:18,12165,564,1638,68469600,0,0,0
OI203,20220218,20220218,134218000,13:42:20,12165,564,1638,68469600,0,0,0
OI203,20220218,20220218,134218500,13:42:20,12165,564,1638,68469600,0,0,0
OI203,20220218,20220218,134219500,13:42:20,12165,564,1638,68469600,0,0,0
OI203,20220218,20220218,134221000,13:42:21,12165,564,1638,68469600,0,0,0
OI203,20220218,20220218,134221500,13:42:21,12165,564,1638,68469600,0,0,0
OI203,20220218,20220218,134222000,13:42:22,12165,564,1638,68469600,0,0,0
OI203,20220218,20220218,134222500,13:42:22,12165,564,1638,68469600,0,0,0
OI203,20220218,20220218,134223000,13:42:23,12165,564,1638,68469600,0,0,0
OI203,20220218,20220218,134223500,13:42:24,12165,564,1638,68469600,0,0,0
OI203,20220218,20220218,134224000,13:42:24,12165,564,1638,68469600,0,0,0
OI203,20220218,20220218,134224500,13:42:25,12165,564,1638,68469600,0,0,0
OI203,20220218,20220218,134226000,13:42:26,12165,564,1638,68469600,0,0,0
OI203,20220218,20220218,134226500,13:42:27,12165,564,1638,68469600,0,0,0
OI203,20220218,20220218,134229000,13:42:29,12165,564,1638,68469600,0,0,0
OI203,20220218,20220218,134229500,13:42:29,12165,564,1638,68469600,0,0,0
OI203,20220218,20220218,134239500,13:42:39,12165,564,1638,68469600,0,0,0
OI203,20220218,20220218,134245000,13:42:45,12165,564,1638,68469600,0,0,0
OI203,20220218,20220218,134248500,13:42:48,12165,564,1638,68469600,0,0,0
OI203,20220218,20220218,134255500,13:42:55,12165,564,1638,68469600,0,0,0
OI203,20220218,20220218,134256500,13:42:57,12165,564,1638,68469600,0,0,0
OI203,20220218,20220218,134257000,13:42:59,12165,564,1638,68469600,0,0,0
OI203,20220218,20220218,134257500,13:42:59,12165,564,1638,68469600,0,0,0
OI203,20220218,20220218,134258000,13:42:59,12165,564,1638,68469600,0,0,0
OI203,20220218,20220218,134258500,13:42:59,12165,564,1638,68469600,0,0,0
OI203,20220218,20220218,134259500,13:43:01,12165,564,1638,68469600,0,0,0
OI203,20220218,20220218,134300000,13:43:01,12165,564,1638,68469600,0,0,0
OI203,20220218,20220218,134302000,13:43:02,12165,564,1638,68469600,0,0,0
OI203,20220218,20220218,134302500,13:43:03,12165,564,1638,68469600,0,0,0
OI203,20220218,20220218,134303000,13:43:05,12165,564,1638,68469600,0,0,0
OI203,20220218,20220218,134303500,13:43:11,12165,564,1638,68469600,0,0,0
OI203,20220218,20220218,134304000,13:43:11,12165,564,1638,68469600,0,0,0
OI203,20220218,20220218,134305000,13:43:11,12165,564,1638,68469600,0,0,0
OI203,20220218,20220218,134310500,13:43:12,12165,564,1638,68469600,0,0,0
OI203,20220218,20220218,134312500,13:43:14,12165,564,1638,68469600,0,0,0
OI203,20220218,20220218,134313000,13:43:14,12165,564,1638,68469600,0,0,0
OI203,20220218,20220218,134314000,13:43:14,12165,564,1638,68469600,0,0,0
OI203,20220218,20220218,134314500,13:43:15,12165,564,1638,68469600,0,0,0
OI203,20220218,20220218,134315500,13:43:15,12165,564,1638,68469600,0,0,0
OI203,20220218,20220218,134316000,13:43:16,12165,564,1638,68469600,0,0,0
OI203,20220218,20220218,134317000,13:43:17,12165,564,1638,68469600,0,0,0
OI203,20220218,20220218,134317500,13:43:17,12165,564,1638,68469600,0,0,0
OI203,20220218,20220218,134318500,13:43:18,12165,564,1638,68469600,0,0,0
OI203,20220218,20220218,134319000,13:43:19,12165,564,1638,68469600,0,0,0
OI203,20220218,20220218,134319500,13:43:19,12165,564,1638,68469600,0,0,0
OI203,20220218,20220218,134322000,13:43:22,12165,564,1638,68469600,0,0,0
OI203,20220218,20220218,134322500,13:43:23,12165,564,1638,68469600,0,0,0
OI203,20220218,20220218,134325000,13:43:25,12154,565,1638,68591000,1,0,121400
OI203,20220218,20220218,134325500,13:43:26,12154,565,1638,68591000,0,0,0
OI203,20220218,20220218,134326000,13:43:26,12154,565,1638,68591000,0,0,0
OI203,20220218,20220218,134327000,13:43:27,12154,565,1638,68591000,0,0,0
OI203,20220218,20220218,134327500,13:43:27,12154,565,1638,68591000,0,0,0
OI203,20220218,20220218,134329500,13:43:29,12150,566,1637,68712400,1,-1,121400
OI203,20220218,20220218,134331000,13:43:31,12150,566,1637,68712400,0,0,0
OI203,20220218,20220218,134331500,13:43:31,12150,566,1637,68712400,0,0,0
OI203,20220218,20220218,134332000,13:43:32,12150,566,1637,68712400,0,0,0
OI203,20220218,20220218,134332500,13:43:32,12150,566,1637,68712400,0,0,0
OI203,20220218,20220218,134333000,13:43:33,12150,566,1637,68712400,0,0,0
OI203,20220218,20220218,134334000,13:43:34,12150,566,1637,68712400,0,0,0
OI203,20220218,20220218,134334500,13:43:34,12150,566,1637,68712400,0,0,0
OI203,20220218,20220218,134335500,13:43:35,12150,566,1637,68712400,0,0,0
OI203,20220218,20220218,134336000,13:43:36,12150,566,1637,68712400,0,0,0
OI203,20220218,20220218,134336500,13:43:37,12150,566,1637,68712400,0,0,0
OI203,20220218,20220218,134337500,13:43:37,12150,566,1637,68712400,0,0,0
OI203,20220218,20220218,134338000,13:43:38,12150,566,1637,68712400,0,0,0
OI203,20220218,20220218,134338500,13:43:38,12150,566,1637,68712400,0,0,0
OI203,20220218,20220218,134339000,13:43:39,12150,566,1637,68712400,0,0,0
OI203,20220218,20220218,134351500,13:44:00,12150,566,1637,68712400,0,0,0
OI203,20220218,20220218,134357000,13:44:04,12150,566,1637,68712400,0,0,0
OI203,20220218,20220218,134403500,13:44:04,12150,566,1637,68712400,0,0,0
OI203,20220218,20220218,134404500,13:44:05,12150,566,1637,68712400,0,0,0
OI203,20220218,20220218,134405000,13:44:05,12150,566,1637,68712400,0,0,0
OI203,20220218,20220218,134405500,13:44:06,12150,566,1637,68712400,0,0,0
OI203,20220218,20220218,134406000,13:44:06,12150,566,1637,68712400,0,0,0
OI203,20220218,20220218,134407500,13:44:08,12150,566,1637,68712400,0,0,0
OI203,20220218,20220218,134408000,13:44:08,12150,566,1637,68712400,0,0,0
OI203,20220218,20220218,134409000,13:44:09,12150,566,1637,68712400,0,0,0
OI203,20220218,20220218,134410500,13:44:17,12150,566,1637,68712400,0,0,0
OI203,20220218,20220218,134411000,13:44:17,12150,566,1637,68712400,0,0,0
OI203,20220218,20220218,134415500,13:44:17,12150,566,1637,68712400,0,0,0
OI203,20220218,20220218,134417500,13:44:18,12150,566,1637,68712400,0,0,0
OI203,20220218,20220218,134418000,13:44:18,12150,566,1637,68712400,0,0,0
OI203,20220218,20220218,134418500,13:44:18,12150,566,1637,68712400,0,0,0
OI203,20220218,20220218,134419000,13:44:19,12150,566,1637,68712400,0,0,0
OI203,20220218,20220218,134420500,13:44:23,12150,566,1637,68712400,0,0,0
OI203,20220218,20220218,134421000,13:44:23,12150,566,1637,68712400,0,0,0
OI203,20220218,20220218,134421500,13:44:23,12150,566,1637,68712400,0,0,0
OI203,20220218,20220218,134426000,13:44:26,12150,566,1637,68712400,0,0,0
OI203,20220218,20220218,134427000,13:44:27,12150,566,1637,68712400,0,0,0
OI203,20220218,20220218,134427500,13:44:27,12150,566,1637,68712400,0,0,0
OI203,20220218,20220218,134428000,13:44:29,12150,566,1637,68712400,0,0,0
OI203,20220218,20220218,134437000,13:44:37,12150,566,1637,68712400,0,0,0
OI203,20220218,20220218,134438000,13:44:38,12150,566,1637,68712400,0,0,0
OI203,20220218,20220218,134438500,13:44:38,12150,566,1637,68712400,0,0,0
OI203,20220218,20220218,134439500,13:44:39,12150,566,1637,68712400,0,0,0
OI203,20220218,20220218,134440000,13:44:40,12150,566,1637,68712400,0,0,0
OI203,20220218,20220218,134440500,13:44:40,12150,566,1637,68712400,0,0,0
OI203,20220218,20220218,134441000,13:44:41,12150,566,1637,68712400,0,0,0
OI203,20220218,20220218,134441500,13:44:41,12150,566,1637,68712400,0,0,0
OI203,20220218,20220218,134442500,13:44:43,12150,566,1637,68712400,0,0,0
OI203,20220218,20220218,134443000,13:44:43,12150,566,1637,68712400,0,0,0
OI203,20220218,20220218,134443500,13:44:44,12150,566,1637,68712400,0,0,0
OI203,20220218,20220218,134444000,13:44:44,12150,566,1637,68712400,0,0,0
OI203,20220218,20220218,134444500,13:44:44,12150,566,1637,68712400,0,0,0
OI203,20220218,20220218,134445000,13:44:45,12150,566,1637,68712400,0,0,0
OI203,20220218,20220218,134445500,13:44:45,12150,566,1637,68712400,0,0,0
OI203,20220218,20220218,134446000,13:44:46,12150,566,1637,68712400,0,0,0
OI203,20220218,20220218,134447000,13:44:47,12150,566,1637,68712400,0,0,0
OI203,20220218,20220218,134447500,13:44:47,12150,566,1637,68712400,0,0,0
OI203,20220218,20220218,134448000,13:44:48,12150,566,1637,68712400,0,0,0
OI203,20220218,20220218,134449000,13:44:49,12150,566,1637,68712400,0,0,0
OI203,20220218,20220218,134450000,13:44:50,12150,566,1637,68712400,0,0,0
OI203,20220218,20220218,134450500,13:44:50,12150,566,1637,68712400,0,0,0
OI203,20220218,20220218,134451000,13:44:51,12150,566,1637,68712400,0,0,0
OI203,20220218,20220218,134451500,13:44:51,12150,566,1637,68712400,0,0,0
OI203,20220218,20220218,134452000,13:44:53,12150,566,1637,68712400,0,0,0
OI203,20220218,20220218,134452500,13:44:53,12150,566,1637,68712400,0,0,0
OI203,20220218,20220218,134453000,13:44:53,12150,566,1637,68712400,0,0,0
OI203,20220218,20220218,134454500,13:44:55,12150,566,1637,68712400,0,0,0
OI203,20220218,20220218,134455000,13:44:55,12150,566,1637,68712400,0,0,0
OI203,20220218,20220218,134455500,13:44:55,12150,566,1637,68712400,0,0,0
OI203,20220218,20220218,134456000,13:44:56,12150,566,1637,68712400,0,0,0
OI203,20220218,20220218,134456500,13:44:56,12150,566,1637,68712400,0,0,0
OI203,20220218,20220218,134457000,13:44:57,12150,566,1637,68712400,0,0,0
OI203,20220218,20220218,134459500,13:44:59,12150,566,1637,68712400,0,0,0
OI203,20220218,20220218,134501500,13:45:01,12150,566,1637,68712400,0,0,0
OI203,20220218,20220218,134502000,13:45:02,12150,566,1637,68712400,0,0,0
OI203,20220218,20220218,134502500,13:45:03,12150,566,1637,68712400,0,0,0
OI203,20220218,20220218,134503000,13:45:03,12150,566,1637,68712400,0,0,0
OI203,20220218,20220218,134503500,13:45:04,12150,566,1637,68712400,0,0,0
OI203,20220218,20220218,134504000,13:45:08,12150,566,1637,68712400,0,0,0
OI203,20220218,20220218,134508000,13:45:09,12150,566,1637,68712400,0,0,0
OI203,20220218,20220218,134508500,13:45:09,12150,566,1637,68712400,0,0,0
OI203,20220218,20220218,134509000,13:45:10,12150,566,1637,68712400,0,0,0
OI203,20220218,20220218,134509500,13:45:10,12150,566,1637,68712400,0,0,0
OI203,20220218,20220218,134510500,13:45:10,12150,566,1637,68712400,0,0,0
OI203,20220218,20220218,134511500,13:45:11,12150,566,1637,68712400,0,0,0
OI203,20220218,20220218,134512000,13:45:12,12150,566,1637,68712400,0,0,0
OI203,20220218,20220218,134513000,13:45:13,12150,566,1637,68712400,0,0,0
OI203,20220218,20220218,134513500,13:45:14,12150,566,1637,68712400,0,0,0
OI203,20220218,20220218,134514000,13:45:15,12150,566,1637,68712400,0,0,0
OI203,20220218,20220218,134514500,13:45:16,12150,566,1637,68712400,0,0,0
OI203,20220218,20220218,134515000,13:45:16,12150,566,1637,68712400,0,0,0
OI203,20220218,20220218,134515500,13:45:17,12150,566,1637,68712400,0,0,0
OI203,20220218,20220218,134516000,13:45:17,12150,566,1637,68712400,0,0,0
OI203,20220218,20220218,134516500,13:45:17,12150,566,1637,68712400,0,0,0
OI203,20220218,20220218,134517000,13:45:19,12150,566,1637,68712400,0,0,0
OI203,20220218,20220218,134517500,13:45:20,12150,566,1637,68712400,0,0,0
OI203,20220218,20220218,134518500,13:45:22,12150,566,1637,68712400,0,0,0
OI203,20220218,20220218,134520500,13:45:22,12150,566,1637,68712400,0,0,0
OI203,20220218,20220218,134521500,13:45:23,12150,566,1637,68712400,0,0,0
OI203,20220218,20220218,134523500,13:45:24,12150,566,1637,68712400,0,0,0
OI203,20220218,20220218,134527000,13:45:30,12150,566,1637,68712400,0,0,0
OI203,20220218,20220218,134527500,13:45:30,12150,566,1637,68712400,0,0,0
OI203,20220218,20220218,134528500,13:45:30,12150,566,1637,68712400,0,0,0
OI203,20220218,20220218,134531000,13:45:31,12150,566,1637,68712400,0,0,0
OI203,20220218,20220218,134531500,13:45:31,12150,566,1637,68712400,0,0,0
OI203,20220218,20220218,134532000,13:45:32,12150,566,1637,68712400,0,0,0
OI203,20220218,20220218,134532500,13:45:33,12150,566,1637,68712400,0,0,0
OI203,20220218,20220218,134533000,13:45:33,12150,566,1637,68712400,0,0,0
OI203,20220218,20220218,134533500,13:45:34,12150,566,1637,68712400,0,0,0
OI203,20220218,20220218,134534500,13:45:35,12150,566,1637,68712400,0,0,0
OI203,20220218,20220218,134535500,13:45:35,12150,566,1637,68712400,0,0,0
OI203,20220218,20220218,134536500,13:45:37,12150,566,1637,68712400,0,0,0
OI203,20220218,20220218,134537500,13:45:37,12150,566,1637,68712400,0,0,0
OI203,20220218,20220218,134538000,13:45:38,12150,566,1637,68712400,0,0,0
OI203,20220218,20220218,134540500,13:45:40,12150,566,1637,68712400,0,0,0
OI203,20220218,20220218,134541500,13:45:41,12150,566,1637,68712400,0,0,0
OI203,20220218,20220218,134542000,13:45:45,12150,566,1637,68712400,0,0,0
OI203,20220218,20220218,134542500,13:45:46,12150,566,1637,68712400,0,0,0
OI203,20220218,20220218,134545500,13:45:46,12150,566,1637,68712400,0,0,0
OI203,20220218,20220218,134546000,13:45:47,12150,566,1637,68712400,0,0,0
OI203,20220218,20220218,134546500,13:45:47,12150,566,1637,68712400,0,0,0
OI203,20220218,20220218,134547000,13:45:47,12150,566,1637,68712400,0,0,0
OI203,20220218,20220218,134547500,13:45:47,12150,566,1637,68712400,0,0,0
OI203,20220218,20220218,134548500,13:45:48,12150,566,1637,68712400,0,0,0
OI203,20220218,20220218,134549000,13:45:49,12150,566,1637,68712400,0,0,0
OI203,20220218,20220218,134550000,13:45:53,12150,566,1637,68712400,0,0,0
OI203,20220218,20220218,134550500,13:45:54,12150,566,1637,68712400,0,0,0
OI203,20220218,20220218,134553500,13:45:54,12150,566,1637,68712400,0,0,0
OI203,20220218,20220218,134554500,13:45:55,12150,566,1637,68712400,0,0,0
OI203,20220218,20220218,134555000,13:45:55,12150,566,1637,68712400,0,0,0
OI203,20220218,20220218,134556000,13:45:58,12150,566,1637,68712400,0,0,0
OI203,20220218,20220218,134600000,13:46:01,12150,566,1637,68712400,0,0,0
OI203,20220218,20220218,134600500,13:46:01,12150,566,1637,68712400,0,0,0
OI203,20220218,20220218,134601000,13:46:01,12150,566,1637,68712400,0,0,0
OI203,20220218,20220218,134601500,13:46:02,12150,566,1637,68712400,0,0,0
OI203,20220218,20220218,134602000,13:46:02,12150,566,1637,68712400,0,0,0
OI203,20220218,20220218,134602500,13:46:04,12150,566,1637,68712400,0,0,0
OI203,20220218,20220218,134603000,13:46:04,12150,566,1637,68712400,0,0,0
OI203,20220218,20220218,134603500,13:46:04,12150,566,1637,68712400,0,0,0
OI203,20220218,20220218,134604000,13:46:04,12150,566,1637,68712400,0,0,0
OI203,20220218,20220218,134604500,13:46:05,12150,566,1637,68712400,0,0,0
OI203,20220218,20220218,134606500,13:46:06,12150,566,1637,68712400,0,0,0
