PF205,20220218,20220218,112003000,11:20:08,7330,80418,115730,2937669540,80418,-162,2937669540
PF205,20220218,20220218,112004500,11:20:09,7330,80418,115730,2937669540,0,0,0
PF205,20220218,20220218,112005000,11:20:10,7330,80418,115730,2937669540,0,0,0
PF205,20220218,20220218,112006000,11:20:10,7330,80418,115730,2937669540,0,0,0
PF205,20220218,20220218,112006500,11:20:10,7330,80418,115730,2937669540,0,0,0
PF205,20220218,20220218,112007000,11:20:10,7330,80418,115730,2937669540,0,0,0
PF205,20220218,20220218,112007500,11:20:10,7330,80418,115730,2937669540,0,0,0
PF205,20220218,20220218,112008000,11:20:10,7330,80418,115730,2937669540,0,0,0
PF205,20220218,20220218,112008500,11:20:10,7330,80418,115730,2937669540,0,0,0
PF205,20220218,20220218,112009000,11:20:10,7330,80418,115730,2937669540,0,0,0
PF205,20220218,20220218,112009500,11:20:10,7330,80418,115730,2937669540,0,0,0
PF205,20220218,20220218,112010000,11:20:10,7330,80418,115730,2937669540,0,0,0
PF205,20220218,20220218,112010500,11:20:10,7330,80418,115730,2937669540,0,0,0
PF205,20220218,20220218,112011000,11:20:11,7330,80418,115730,2937669540,0,0,0
PF205,20220218,20220218,112011500,11:20:12,7330,80418,115730,2937669540,0,0,0
PF205,20220218,20220218,112012000,11:20:12,7330,80424,115733,2937888720,6,3,219180
PF205,20220218,20220218,112012500,11:20:12,7330,80424,115733,2937888720,0,0,0
PF205,20220218,20220218,112013000,11:20:13,7330,80424,115733,2937888720,0,0,0
PF205,20220218,20220218,112013500,11:20:13,7330,80424,115733,2937888720,0,0,0
PF205,20220218,20220218,112014000,11:20:14,7330,80424,115733,2937888720,0,0,0
PF205,20220218,20220218,112014500,11:20:14,7330,80424,115733,2937888720,0,0,0
PF205,20220218,20220218,112015000,11:20:15,7330,80424,115733,2937888720,0,0,0
PF205,20220218,20220218,112015500,11:20:16,7330,80424,115733,2937888720,0,0,0
PF205,20220218,20220218,112016000,11:20:16,7330,80424,115733,2937888720,0,0,0
PF205,20220218,20220218,112016500,11:20:16,7330,80425,115732,2937925250,1,-1,36530
PF205,20220218,20220218,112017000,11:20:17,7330,80425,115732,2937925250,0,0,0
PF205,20220218,20220218,112018500,11:20:18,7330,80432,115729,2938180960,7,-3,255710
PF205,20220218,20220218,112019000,11:20:19,7330,80432,115729,2938180960,0,0,0
PF205,20220218,20220218,112019500,11:20:20,7330,80432,115729,2938180960,0,0,0
PF205,20220218,20220218,112020000,11:20:20,7330,80433,115728,2938217490,1,-1,36530
PF205,20220218,20220218,112021000,11:20:21,7330,80434,115728,2938254020,1,0,36530
PF205,20220218,20220218,112021500,11:20:21,7330,80434,115728,2938254020,0,0,0
PF205,20220218,20220218,112022000,11:20:22,7330,80434,115728,2938254020,0,0,0
PF205,20220218,20220218,112024500,11:20:24,7330,80434,115728,2938254020,0,0,0
PF205,20220218,20220218,112025000,11:20:25,7330,80434,115728,2938254020,0,0,0
PF205,20220218,20220218,112026000,11:20:26,7328,80440,115728,2938473200,6,0,219180
PF205,20220218,20220218,112026500,11:20:26,7328,80445,115729,2938655850,5,1,182650
PF205,20220218,20220218,112027000,11:20:27,7328,80445,115729,2938655850,0,0,0
PF205,20220218,20220218,112028500,11:20:28,7330,80446,115729,2938692380,1,0,36530
PF205,20220218,20220218,112030000,11:20:31,7328,80500,115701,2940665000,54,-28,1972620
PF205,20220218,20220218,112030500,11:20:31,7328,80506,115701,2940884180,6,0,219180
PF205,20220218,20220218,112031000,11:20:32,7328,80509,115701,2940993770,3,0,109590
PF205,20220218,20220218,112031500,11:20:32,7328,80509,115701,2940993770,0,0,0
PF205,20220218,20220218,112032000,11:20:32,7328,80509,115701,2940993770,0,0,0
PF205,20220218,20220218,112032500,11:20:32,7326,80510,115701,2941030300,1,0,36530
PF205,20220218,20220218,112033000,11:20:33,7328,80531,115711,2941797430,21,10,767130
PF205,20220218,20220218,112033500,11:20:33,7328,80532,115711,2941833960,1,0,36530
PF205,20220218,20220218,112034000,11:20:34,7328,80532,115711,2941833960,0,0,0
PF205,20220218,20220218,112034500,11:20:34,7328,80532,115711,2941833960,0,0,0
PF205,20220218,20220218,112035500,11:20:35,7330,80534,115711,2941907020,2,0,73060
PF205,20220218,20220218,112036000,11:20:36,7330,80534,115711,2941907020,0,0,0
PF205,20220218,20220218,112036500,11:20:37,7328,80536,115709,2941980080,2,-2,73060
PF205,20220218,20220218,112038500,11:20:38,7328,80536,115709,2941980080,0,0,0
PF205,20220218,20220218,112039000,11:20:39,7330,80537,115709,2942016610,1,0,36530
PF205,20220218,20220218,112042000,11:20:42,7328,80538,115708,2942053140,1,-1,36530
PF205,20220218,20220218,112042500,11:20:42,7328,80541,115707,2942162730,3,-1,109590
PF205,20220218,20220218,112044500,11:20:45,7328,80545,115703,2942308850,4,-4,146120
PF205,20220218,20220218,112045000,11:20:45,7328,80545,115703,2942308850,0,0,0
PF205,20220218,20220218,112045500,11:20:46,7328,80546,115703,2942345380,1,0,36530
PF205,20220218,20220218,112046000,11:20:46,7328,80561,115703,2942893330,15,0,547950
PF205,20220218,20220218,112046500,11:20:46,7328,80561,115703,2942893330,0,0,0
PF205,20220218,20220218,112047000,11:20:47,7328,80561,115703,2942893330,0,0,0
PF205,20220218,20220218,112050500,11:20:50,7328,80561,115703,2942893330,0,0,0
PF205,20220218,20220218,112051000,11:20:51,7328,80561,115703,2942893330,0,0,0
PF205,20220218,20220218,112051500,11:20:51,7328,80561,115703,2942893330,0,0,0
PF205,20220218,20220218,112052000,11:20:53,7328,80565,115707,2943039450,4,4,146120
PF205,20220218,20220218,112052500,11:20:53,7328,80565,115707,2943039450,0,0,0
PF205,20220218,20220218,112053000,11:20:53,7328,80566,115707,2943075980,1,0,36530
PF205,20220218,20220218,112054000,11:20:54,7328,80566,115707,2943075980,0,0,0
PF205,20220218,20220218,112054500,11:20:55,7328,80566,115707,2943075980,0,0,0
PF205,20220218,20220218,112056500,11:20:56,7328,80566,115707,2943075980,0,0,0
PF205,20220218,20220218,112101000,11:21:01,7328,80566,115707,2943075980,0,0,0
PF205,20220218,20220218,112102500,11:21:03,7330,80597,115710,2944208410,31,3,1132430
PF205,20220218,20220218,112103000,11:21:03,7330,80597,115710,2944208410,0,0,0
PF205,20220218,20220218,112103500,11:21:04,7330,80598,115709,2944244940,1,-1,36530
PF205,20220218,20220218,112104000,11:21:04,7330,80599,115709,2944281470,1,0,36530
PF205,20220218,20220218,112104500,11:21:05,7330,80599,115709,2944281470,0,0,0
PF205,20220218,20220218,112105500,11:21:06,7330,80599,115709,2944281470,0,0,0
PF205,20220218,20220218,112106000,11:21:07,7330,80599,115709,2944281470,0,0,0
PF205,20220218,20220218,112106500,11:21:07,7332,80601,115709,2944354530,2,0,73060
PF205,20220218,20220218,112107500,11:21:10,7330,80602,115710,2944391060,1,1,36530
PF205,20220218,20220218,112109500,11:21:10,7330,80602,115710,2944391060,0,0,0
PF205,20220218,20220218,112114500,11:21:14,7332,80613,115702,2944792890,11,-8,401830
PF205,20220218,20220218,112115000,11:21:15,7330,80615,115703,2944865950,2,1,73060
PF205,20220218,20220218,112116500,11:21:17,7330,80615,115703,2944865950,0,0,0
PF205,20220218,20220218,112117000,11:21:17,7330,80615,115703,2944865950,0,0,0
PF205,20220218,20220218,112117500,11:21:18,7330,80619,115703,2945012070,4,0,146120
PF205,20220218,20220218,112118000,11:21:18,7330,80619,115703,2945012070,0,0,0
PF205,20220218,20220218,112120500,11:21:21,7330,80621,115703,2945085130,2,0,73060
PF205,20220218,20220218,112121000,11:21:22,7330,80651,115705,2946181030,30,2,1095900
PF205,20220218,20220218,112121500,11:21:22,7330,80657,115709,2946400210,6,4,219180
PF205,20220218,20220218,112122000,11:21:22,7330,80658,115708,2946436740,1,-1,36530
PF205,20220218,20220218,112123500,11:21:23,7330,80662,115705,2946582860,4,-3,146120
PF205,20220218,20220218,112124000,11:21:24,7330,80666,115701,2946728980,4,-4,146120
PF205,20220218,20220218,112124500,11:21:25,7328,80669,115704,2946838570,3,3,109590
PF205,20220218,20220218,112125000,11:22:29,7330,80672,115703,2946948160,3,-1,109590
PF205,20220218,20220218,112125500,11:23:32,7330,80673,115703,2946984690,1,0,36530
PF205,20220218,20220218,112126000,11:23:33,7330,80677,115700,2947130810,4,-3,146120
PF205,20220218,20220218,112332500,11:23:33,7330,80677,115700,2947130810,0,0,0
PF205,20220218,20220218,112333000,11:23:33,7330,80677,115700,2947130810,0,0,0
PF205,20220218,20220218,112334000,11:23:34,7330,80677,115700,2947130810,0,0,0
PF205,20220218,20220218,112334500,11:23:34,7330,80677,115700,2947130810,0,0,0
PF205,20220218,20220218,112335000,11:23:35,7330,80677,115700,2947130810,0,0,0
PF205,20220218,20220218,112335500,11:23:35,7330,80677,115700,2947130810,0,0,0
PF205,20220218,20220218,112336000,11:23:36,7330,80677,115700,2947130810,0,0,0
PF205,20220218,20220218,112337000,11:23:38,7330,80677,115700,2947130810,0,0,0
PF205,20220218,20220218,112337500,11:23:38,7330,80677,115700,2947130810,0,0,0
PF205,20220218,20220218,112338000,11:23:38,7330,80677,115700,2947130810,0,0,0
PF205,20220218,20220218,112339000,11:23:39,7330,81090,115613,2962217700,413,-87,15086890
PF205,20220218,20220218,112339500,11:23:39,7330,81090,115613,2962217700,0,0,0
PF205,20220218,20220218,112340000,11:23:40,7330,81090,115613,2962217700,0,0,0
PF205,20220218,20220218,112341000,11:23:41,7330,81090,115613,2962217700,0,0,0
PF205,20220218,20220218,112341500,11:23:42,7332,81092,115612,2962290760,2,-1,73060
PF205,20220218,20220218,112342000,11:23:42,7332,81092,115612,2962290760,0,0,0
PF205,20220218,20220218,112342500,11:23:42,7332,81092,115612,2962290760,0,0,0
PF205,20220218,20220218,112343000,11:23:43,7332,81094,115613,2962363820,2,1,73060
PF205,20220218,20220218,112343500,11:23:43,7332,81101,115618,2962619530,7,5,255710
PF205,20220218,20220218,112344000,11:23:48,7332,81101,115618,2962619530,0,0,0
PF205,20220218,20220218,112347500,11:23:48,7332,81101,115618,2962619530,0,0,0
PF205,20220218,20220218,112349000,11:23:49,7330,81103,115619,2962692590,2,1,73060
PF205,20220218,20220218,112349500,11:23:50,7334,81124,115598,2963459720,21,-21,767130
PF205,20220218,20220218,112350000,11:23:50,7332,81126,115596,2963532780,2,-2,73060
PF205,20220218,20220218,112350500,11:23:50,7332,81126,115596,2963532780,0,0,0
PF205,20220218,20220218,112352500,11:23:52,7332,81126,115596,2963532780,0,0,0
PF205,20220218,20220218,112353000,11:23:53,7332,81126,115596,2963532780,0,0,0
PF205,20220218,20220218,112354500,11:23:55,7332,81126,115596,2963532780,0,0,0
PF205,20220218,20220218,112355000,11:23:55,7332,81126,115596,2963532780,0,0,0
PF205,20220218,20220218,112356500,11:23:56,7332,81127,115595,2963569310,1,-1,36530
PF205,20220218,20220218,112358000,11:23:58,7334,81128,115594,2963605840,1,-1,36530
PF205,20220218,20220218,112401500,11:24:01,7332,81129,115594,2963642370,1,0,36530
PF205,20220218,20220218,112402000,11:24:02,7334,81130,115593,2963678900,1,-1,36530
PF205,20220218,20220218,112404000,11:24:04,7334,81132,115591,2963751960,2,-2,73060
PF205,20220218,20220218,112411500,11:24:12,7332,81134,115592,2963825020,2,1,73060
PF205,20220218,20220218,112412500,11:24:13,7332,81135,115592,2963861550,1,0,36530
PF205,20220218,20220218,112413000,11:24:13,7332,81135,115592,2963861550,0,0,0
PF205,20220218,20220218,112414500,11:24:14,7330,81136,115593,2963898080,1,1,36530
PF205,20220218,20220218,112418000,11:24:18,7334,81137,115593,2963934610,1,0,36530
PF205,20220218,20220218,112418500,11:24:19,7334,81137,115593,2963934610,0,0,0
PF205,20220218,20220218,112419500,11:24:19,7334,81137,115593,2963934610,0,0,0
PF205,20220218,20220218,112420000,11:24:20,7334,81137,115593,2963934610,0,0,0
PF205,20220218,20220218,112420500,11:24:20,7332,81138,115594,2963971140,1,1,36530
PF205,20220218,20220218,112422000,11:24:22,7332,81139,115594,2964007670,1,0,36530
PF205,20220218,20220218,112422500,11:24:23,7332,81139,115594,2964007670,0,0,0
PF205,20220218,20220218,112423000,11:24:23,7332,81140,115594,2964044200,1,0,36530
PF205,20220218,20220218,112424500,11:24:24,7330,81141,115595,2964080730,1,1,36530
PF205,20220218,20220218,112426500,11:24:26,7332,81143,115597,2964153790,2,2,73060
PF205,20220218,20220218,112427000,11:24:27,7332,81143,115597,2964153790,0,0,0
PF205,20220218,20220218,112427500,11:24:28,7332,81143,115597,2964153790,0,0,0
PF205,20220218,20220218,112429000,11:24:29,7332,81143,115597,2964153790,0,0,0
PF205,20220218,20220218,112429500,11:24:29,7330,81147,115601,2964299910,4,4,146120
PF205,20220218,20220218,112430000,11:24:30,7330,81148,115601,2964336440,1,0,36530
PF205,20220218,20220218,112430500,11:24:30,7330,81148,115601,2964336440,0,0,0
PF205,20220218,20220218,112433000,11:24:33,7332,81149,115602,2964372970,1,1,36530
PF205,20220218,20220218,112437000,11:24:37,7332,81149,115602,2964372970,0,0,0
PF205,20220218,20220218,112440500,11:24:40,7332,81151,115600,2964446030,2,-2,73060
PF205,20220218,20220218,112443000,11:24:43,7330,81154,115597,2964555620,3,-3,109590
PF205,20220218,20220218,112454500,11:24:54,7330,81155,115597,2964592150,1,0,36530
PF205,20220218,20220218,112455000,11:24:55,7332,81156,115596,2964628680,1,-1,36530
PF205,20220218,20220218,112455500,11:24:56,7332,81156,115596,2964628680,0,0,0
PF205,20220218,20220218,112457000,11:24:57,7330,81157,115595,2964665210,1,-1,36530
PF205,20220218,20220218,112457500,11:24:57,7332,81158,115594,2964701740,1,-1,36530
PF205,20220218,20220218,112459000,11:24:59,7332,81158,115594,2964701740,0,0,0
PF205,20220218,20220218,112459500,11:24:59,7330,81159,115594,2964738270,1,0,36530
PF205,20220218,20220218,112500500,11:25:01,7330,81159,115594,2964738270,0,0,0
PF205,20220218,20220218,112501500,11:25:03,7330,81159,115594,2964738270,0,0,0
PF205,20220218,20220218,112502000,11:25:05,7330,81159,115594,2964738270,0,0,0
PF205,20220218,20220218,112504500,11:25:06,7332,81177,115598,2965395810,18,4,657540
PF205,20220218,20220218,112505500,11:25:06,7332,81181,115598,2965541930,4,0,146120
PF205,20220218,20220218,112508000,11:25:08,7334,81182,115597,2965578460,1,-1,36530
PF205,20220218,20220218,112508500,11:25:08,7330,81184,115598,2965651520,2,1,73060
PF205,20220218,20220218,112510500,11:25:10,7330,81185,115598,2965688050,1,0,36530
PF205,20220218,20220218,112511000,11:25:11,7332,81186,115597,2965724580,1,-1,36530
PF205,20220218,20220218,112512500,11:25:12,7332,81186,115597,2965724580,0,0,0
PF205,20220218,20220218,112513000,11:25:13,7332,81187,115597,2965761110,1,0,36530
PF205,20220218,20220218,112521000,11:25:21,7332,81187,115597,2965761110,0,0,0
PF205,20220218,20220218,112521500,11:25:22,7332,81189,115596,2965834170,2,-1,73060
PF205,20220218,20220218,112522500,11:25:22,7332,81189,115596,2965834170,0,0,0
PF205,20220218,20220218,112523000,11:25:23,7332,81192,115596,2965943760,3,0,109590
PF205,20220218,20220218,112523500,11:25:24,7332,81193,115596,2965980290,1,0,36530
PF205,20220218,20220218,112525000,11:25:25,7332,81196,115599,2966089880,3,3,109590
PF205,20220218,20220218,112525500,11:25:26,7332,81197,115599,2966126410,1,0,36530
PF205,20220218,20220218,112526500,11:25:27,7332,81197,115599,2966126410,0,0,0
PF205,20220218,20220218,112528000,11:25:28,7332,81199,115599,2966199470,2,0,73060
PF205,20220218,20220218,112528500,11:25:28,7332,81201,115597,2966272530,2,-2,73060
PF205,20220218,20220218,112529500,11:25:30,7332,81201,115597,2966272530,0,0,0
PF205,20220218,20220218,112530000,11:25:30,7330,81217,115594,2966857010,16,-3,584480
PF205,20220218,20220218,112530500,11:25:31,7330,81239,115590,2967660670,22,-4,803660
PF205,20220218,20220218,112531000,11:25:31,7328,81252,115590,2968135560,13,0,474890
PF205,20220218,20220218,112531500,11:25:32,7330,81255,115588,2968245150,3,-2,109590
PF205,20220218,20220218,112533000,11:25:33,7330,81255,115588,2968245150,0,0,0
PF205,20220218,20220218,112533500,11:25:33,7330,81255,115588,2968245150,0,0,0
PF205,20220218,20220218,112535000,11:25:36,7330,81255,115588,2968245150,0,0,0
PF205,20220218,20220218,112538500,11:25:39,7330,81255,115588,2968245150,0,0,0
PF205,20220218,20220218,112539000,11:25:39,7330,81255,115588,2968245150,0,0,0
PF205,20220218,20220218,112540500,11:25:40,7330,81255,115588,2968245150,0,0,0
PF205,20220218,20220218,112541000,11:25:41,7330,81255,115588,2968245150,0,0,0
PF205,20220218,20220218,112541500,11:25:41,7330,81255,115588,2968245150,0,0,0
PF205,20220218,20220218,112542500,11:25:42,7330,81255,115588,2968245150,0,0,0
PF205,20220218,20220218,112543000,11:25:43,7330,81260,115589,2968427800,5,1,182650
PF205,20220218,20220218,112543500,11:25:43,7330,81261,115589,2968464330,1,0,36530
PF205,20220218,20220218,112544000,11:25:44,7332,81262,115588,2968500860,1,-1,36530
PF205,20220218,20220218,112544500,11:25:44,7332,81264,115587,2968573920,2,-1,73060
PF205,20220218,20220218,112545000,11:25:45,7332,81265,115586,2968610450,1,-1,36530
PF205,20220218,20220218,112548500,11:25:48,7332,81265,115586,2968610450,0,0,0
PF205,20220218,20220218,112549000,11:25:49,7332,81266,115585,2968646980,1,-1,36530
PF205,20220218,20220218,112552000,11:25:52,7330,81267,115586,2968683510,1,1,36530
PF205,20220218,20220218,112553000,11:25:53,7332,81273,115590,2968902690,6,4,219180
PF205,20220218,20220218,112553500,11:25:54,7332,81280,115591,2969158400,7,1,255710
PF205,20220218,20220218,112554000,11:25:54,7332,81280,115591,2969158400,0,0,0
PF205,20220218,20220218,112559000,11:26:00,7332,81281,115591,2969194930,1,0,36530
PF205,20220218,20220218,112600500,11:26:01,7330,81284,115590,2969304520,3,-1,109590
PF205,20220218,20220218,112601000,11:26:01,7332,81285,115590,2969341050,1,0,36530
PF205,20220218,20220218,112604500,11:26:05,7330,81289,115590,2969487170,4,0,146120
PF205,20220218,20220218,112605000,11:26:05,7330,81289,115590,2969487170,0,0,0
PF205,20220218,20220218,112605500,11:26:06,7332,81298,115590,2969815940,9,0,328770
PF205,20220218,20220218,112606000,11:26:06,7332,81298,115590,2969815940,0,0,0
PF205,20220218,20220218,112606500,11:26:07,7332,81298,115590,2969815940,0,0,0
PF205,20220218,20220218,112607000,11:26:09,7332,81298,115590,2969815940,0,0,0
PF205,20220218,20220218,112607500,11:26:09,7334,81299,115590,2969852470,1,0,36530
PF205,20220218,20220218,112608000,11:26:09,7334,81299,115590,2969852470,0,0,0
PF205,20220218,20220218,112609500,11:26:10,7334,81299,115590,2969852470,0,0,0
PF205,20220218,20220218,112611000,11:26:11,7334,81300,115590,2969889000,1,0,36530
PF205,20220218,20220218,112612000,11:26:14,7334,81300,115590,2969889000,0,0,0
PF205,20220218,20220218,112615500,11:26:16,7334,81304,115590,2970035120,4,0,146120
PF205,20220218,20220218,112616000,11:26:16,7334,81314,115590,2970400420,10,0,365300
PF205,20220218,20220218,112616500,11:26:17,7334,81314,115590,2970400420,0,0,0
PF205,20220218,20220218,112617500,11:26:17,7334,81314,115590,2970400420,0,0,0
PF205,20220218,20220218,112618000,11:26:18,7334,81326,115590,2970838780,12,0,438360
PF205,20220218,20220218,112618500,11:26:18,7334,81326,115590,2970838780,0,0,0
PF205,20220218,20220218,112619000,11:26:19,7332,81330,115591,2970984900,4,1,146120
PF205,20220218,20220218,112619500,11:26:20,7334,81331,115591,2971021430,1,0,36530
PF205,20220218,20220218,112620000,11:26:20,7334,81332,115590,2971057960,1,-1,36530
PF205,20220218,20220218,112620500,11:26:20,7334,81334,115589,2971131020,2,-1,73060
PF205,20220218,20220218,112621000,11:26:21,7334,81339,115589,2971313670,5,0,182650
PF205,20220218,20220218,112623000,11:26:23,7334,81339,115589,2971313670,0,0,0
PF205,20220218,20220218,112623500,11:26:23,7332,81340,115589,2971350200,1,0,36530
PF205,20220218,20220218,112624000,11:26:24,7334,81345,115587,2971532850,5,-2,182650
PF205,20220218,20220218,112624500,11:26:24,7332,81347,115585,2971605910,2,-2,73060
PF205,20220218,20220218,112625000,11:26:25,7334,81348,115584,2971642440,1,-1,36530
PF205,20220218,20220218,112625500,11:26:25,7334,81349,115583,2971678970,1,-1,36530
PF205,20220218,20220218,112626000,11:26:26,7334,81350,115582,2971715500,1,-1,36530
PF205,20220218,20220218,112628000,11:26:28,7334,81352,115580,2971788560,2,-2,73060
PF205,20220218,20220218,112628500,11:26:28,7332,81357,115575,2971971210,5,-5,182650
PF205,20220218,20220218,112629500,11:26:30,7334,81358,115574,2972007740,1,-1,36530
PF205,20220218,20220218,112631500,11:26:32,7334,81359,115574,2972044270,1,0,36530
PF205,20220218,20220218,112632500,11:26:32,7334,81360,115573,2972080800,1,-1,36530
PF205,20220218,20220218,112633000,11:26:33,7334,81360,115573,2972080800,0,0,0
PF205,20220218,20220218,112634000,11:26:34,7334,81360,115573,2972080800,0,0,0
PF205,20220218,20220218,112635500,11:26:38,7330,81361,115572,2972117330,1,-1,36530
PF205,20220218,20220218,112637500,11:27:10,7334,81366,115572,2972299980,5,0,182650
PF205,20220218,20220218,112638000,11:27:10,7334,81366,115572,2972299980,0,0,0
PF205,20220218,20220218,112653000,11:27:10,7332,81410,115566,2973907300,44,-6,1607320
PF205,20220218,20220218,112708500,11:27:12,7332,81410,115566,2973907300,0,0,0
PF205,20220218,20220218,112710500,11:27:12,7332,81410,115566,2973907300,0,0,0
PF205,20220218,20220218,112711500,11:27:12,7332,81410,115566,2973907300,0,0,0
PF205,20220218,20220218,112714500,11:27:15,7332,81410,115566,2973907300,0,0,0
PF205,20220218,20220218,112715000,11:27:15,7332,81410,115566,2973907300,0,0,0
PF205,20220218,20220218,112717500,11:27:17,7332,81423,115568,2974382190,13,2,474890
PF205,20220218,20220218,112721500,11:27:22,7334,81428,115564,2974564840,5,-4,182650
PF205,20220218,20220218,112726500,11:27:27,7334,81428,115564,2974564840,0,0,0
PF205,20220218,20220218,112727500,11:27:27,7334,81431,115563,2974674430,3,-1,109590
PF205,20220218,20220218,112728000,11:27:28,7332,81434,115563,2974784020,3,0,109590
PF205,20220218,20220218,112728500,11:27:28,7334,81435,115563,2974820550,1,0,36530
PF205,20220218,20220218,112730000,11:27:30,7334,81435,115563,2974820550,0,0,0
PF205,20220218,20220218,112730500,11:27:31,7334,81435,115563,2974820550,0,0,0
PF205,20220218,20220218,112731500,11:27:35,7334,81435,115563,2974820550,0,0,0
PF205,20220218,20220218,112732000,11:27:35,7332,81437,115561,2974893610,2,-2,73060
PF205,20220218,20220218,112735500,11:27:36,7334,81452,115549,2975441560,15,-12,547950
PF205,20220218,20220218,112736000,11:27:36,7334,81452,115549,2975441560,0,0,0
PF205,20220218,20220218,112736500,11:27:38,7332,81453,115548,2975478090,1,-1,36530
PF205,20220218,20220218,112737500,11:27:38,7332,81453,115548,2975478090,0,0,0
PF205,20220218,20220218,112738000,11:27:38,7332,81453,115548,2975478090,0,0,0
PF205,20220218,20220218,112738500,11:27:39,7332,81455,115550,2975551150,2,2,73060
PF205,20220218,20220218,112739000,11:27:39,7332,81455,115550,2975551150,0,0,0
PF205,20220218,20220218,112740500,11:27:40,7332,81455,115550,2975551150,0,0,0
PF205,20220218,20220218,112741000,11:27:41,7332,81455,115550,2975551150,0,0,0
PF205,20220218,20220218,112743000,11:27:43,7332,81455,115550,2975551150,0,0,0
PF205,20220218,20220218,112745000,11:27:46,7334,81461,115550,2975770330,6,0,219180
PF205,20220218,20220218,112745500,11:27:46,7334,81462,115549,2975806860,1,-1,36530
PF205,20220218,20220218,112753500,11:27:54,7334,81462,115549,2975806860,0,0,0
PF205,20220218,20220218,112754500,11:27:55,7334,81462,115549,2975806860,0,0,0
PF205,20220218,20220218,112755500,11:27:55,7334,81462,115549,2975806860,0,0,0
PF205,20220218,20220218,112756000,11:27:56,7334,81462,115549,2975806860,0,0,0
PF205,20220218,20220218,112757000,11:27:57,7334,81463,115550,2975843390,1,1,36530
PF205,20220218,20220218,112758500,11:27:59,7334,81463,115550,2975843390,0,0,0
PF205,20220218,20220218,112759000,11:27:59,7332,81464,115550,2975879920,1,0,36530
PF205,20220218,20220218,112759500,11:27:59,7332,81464,115550,2975879920,0,0,0
PF205,20220218,20220218,112800000,11:28:01,7332,81464,115550,2975879920,0,0,0
PF205,20220218,20220218,112801000,11:28:01,7332,81464,115550,2975879920,0,0,0
PF205,20220218,20220218,112802000,11:28:03,7334,81466,115550,2975952980,2,0,73060
PF205,20220218,20220218,112802500,11:28:03,7332,81469,115551,2976062570,3,1,109590
PF205,20220218,20220218,112803000,11:28:04,7334,81470,115551,2976099100,1,0,36530
PF205,20220218,20220218,112803500,11:28:04,7334,81479,115547,2976427870,9,-4,328770
PF205,20220218,20220218,112804000,11:28:04,7334,81479,115547,2976427870,0,0,0
PF205,20220218,20220218,112805000,11:28:06,7334,81479,115547,2976427870,0,0,0
PF205,20220218,20220218,112805500,11:28:06,7334,81479,115547,2976427870,0,0,0
PF205,20220218,20220218,112806000,11:28:10,7334,81479,115547,2976427870,0,0,0
PF205,20220218,20220218,112806500,11:28:10,7334,81479,115547,2976427870,0,0,0
PF205,20220218,20220218,112807500,11:28:11,7334,81479,115547,2976427870,0,0,0
PF205,20220218,20220218,112809500,11:28:11,7332,81480,115546,2976464400,1,-1,36530
PF205,20220218,20220218,112810500,11:28:11,7336,81481,115546,2976500930,1,0,36530
PF205,20220218,20220218,112811000,11:28:12,7336,81481,115546,2976500930,0,0,0
PF205,20220218,20220218,112813000,11:28:13,7336,81481,115546,2976500930,0,0,0
PF205,20220218,20220218,112817500,11:28:17,7336,81481,115546,2976500930,0,0,0
PF205,20220218,20220218,112818000,11:28:18,7336,81481,115546,2976500930,0,0,0
PF205,20220218,20220218,112819500,11:28:19,7336,81481,115546,2976500930,0,0,0
PF205,20220218,20220218,112826000,11:28:26,7336,81483,115544,2976573990,2,-2,73060
PF205,20220218,20220218,112829500,11:28:29,7334,81487,115543,2976720110,4,-1,146120
PF205,20220218,20220218,112830000,11:28:30,7334,81487,115543,2976720110,0,0,0
PF205,20220218,20220218,112830500,11:28:31,7334,81487,115543,2976720110,0,0,0
PF205,20220218,20220218,112831000,11:28:31,7334,81491,115540,2976866230,4,-3,146120
PF205,20220218,20220218,112833000,11:28:33,7334,81495,115536,2977012350,4,-4,146120
PF205,20220218,20220218,112835000,11:28:35,7336,81496,115536,2977048880,1,0,36530
PF205,20220218,20220218,112837500,11:28:38,7336,81498,115535,2977121940,2,-1,73060
PF205,20220218,20220218,112839000,11:28:40,7336,81498,115535,2977121940,0,0,0
PF205,20220218,20220218,112839500,11:28:40,7336,81498,115535,2977121940,0,0,0
PF205,20220218,20220218,112840500,11:28:40,7336,81498,115535,2977121940,0,0,0
PF205,20220218,20220218,112841000,11:28:41,7334,81499,115534,2977158470,1,-1,36530
PF205,20220218,20220218,112841500,11:28:41,7334,81499,115534,2977158470,0,0,0
PF205,20220218,20220218,112842000,11:28:42,7336,81548,115545,2978948440,49,11,1789970
PF205,20220218,20220218,112842500,11:28:42,7336,81548,115545,2978948440,0,0,0
PF205,20220218,20220218,112843000,11:28:43,7336,81548,115545,2978948440,0,0,0
PF205,20220218,20220218,112843500,11:28:44,7338,81549,115544,2978984970,1,-1,36530
PF205,20220218,20220218,112844000,11:28:44,7338,81550,115543,2979021500,1,-1,36530
PF205,20220218,20220218,112844500,11:28:45,7338,81553,115543,2979131090,3,0,109590
PF205,20220218,20220218,112846500,11:28:46,7338,81554,115543,2979167620,1,0,36530
PF205,20220218,20220218,112847000,11:28:47,7340,81575,115560,2979934750,21,17,767130
PF205,20220218,20220218,112847500,11:28:47,7340,81644,115575,2982455320,69,15,2520570
PF205,20220218,20220218,112849000,11:28:49,7340,81665,115567,2983222450,21,-8,767130
PF205,20220218,20220218,112849500,11:28:50,7340,81671,115567,2983441630,6,0,219180
PF205,20220218,20220218,112850000,11:28:50,7340,81689,115566,2984099170,18,-1,657540
PF205,20220218,20220218,112850500,11:28:50,7342,81698,115562,2984427940,9,-4,328770
PF205,20220218,20220218,112851000,11:28:51,7342,81704,115563,2984647120,6,1,219180
PF205,20220218,20220218,112851500,11:28:51,7342,81705,115563,2984683650,1,0,36530
PF205,20220218,20220218,112852000,11:28:52,7342,81708,115564,2984793240,3,1,109590
PF205,20220218,20220218,112852500,11:28:53,7342,81708,115564,2984793240,0,0,0
PF205,20220218,20220218,112853000,11:28:54,7342,81708,115564,2984793240,0,0,0
PF205,20220218,20220218,112853500,11:28:54,7342,81714,115565,2985012420,6,1,219180
PF205,20220218,20220218,112854000,11:28:54,7342,81728,115566,2985523840,14,1,511420
PF205,20220218,20220218,112854500,11:28:54,7344,81735,115567,2985779550,7,1,255710
PF205,20220218,20220218,112855000,11:28:55,7344,81739,115566,2985925670,4,-1,146120
PF205,20220218,20220218,112855500,11:28:56,7344,81740,115565,2985962200,1,-1,36530
PF205,20220218,20220218,112856500,11:28:56,7344,81740,115565,2985962200,0,0,0
PF205,20220218,20220218,112857000,11:28:57,7344,81740,115565,2985962200,0,0,0
PF205,20220218,20220218,112858000,11:28:58,7342,81744,115561,2986108320,4,-4,146120
PF205,20220218,20220218,112858500,11:28:59,7342,81744,115561,2986108320,0,0,0
PF205,20220218,20220218,112859000,11:28:59,7342,81744,115561,2986108320,0,0,0
PF205,20220218,20220218,112900500,11:29:01,7344,81746,115561,2986181380,2,0,73060
PF205,20220218,20220218,112901000,11:29:01,7344,81751,115564,2986364030,5,3,182650
PF205,20220218,20220218,112901500,11:29:02,7346,81764,115561,2986838920,13,-3,474890
PF205,20220218,20220218,112902000,11:29:02,7340,81800,115572,2988154000,36,11,1315080
PF205,20220218,20220218,112902500,11:29:03,7340,81800,115572,2988154000,0,0,0
PF205,20220218,20220218,112903000,11:29:03,7340,81800,115572,2988154000,0,0,0
PF205,20220218,20220218,112903500,11:29:04,7340,81800,115572,2988154000,0,0,0
PF205,20220218,20220218,112904000,11:29:04,7342,81806,115574,2988373180,6,2,219180
PF205,20220218,20220218,112904500,11:29:04,7344,81807,115574,2988409710,1,0,36530
PF205,20220218,20220218,112905000,11:29:05,7344,81808,115574,2988446240,1,0,36530
PF205,20220218,20220218,112906500,11:29:06,7344,81808,115574,2988446240,0,0,0
PF205,20220218,20220218,112907000,11:29:07,7342,81818,115575,2988811540,10,1,365300
PF205,20220218,20220218,112907500,11:29:08,7340,81821,115578,2988921130,3,3,109590
PF205,20220218,20220218,112908500,11:29:08,7340,81821,115578,2988921130,0,0,0
PF205,20220218,20220218,112909000,11:29:09,7342,81829,115578,2989213370,8,0,292240
PF205,20220218,20220218,112911000,11:29:11,7342,81829,115578,2989213370,0,0,0
PF205,20220218,20220218,112912000,11:29:12,7342,81829,115578,2989213370,0,0,0
PF205,20220218,20220218,112912500,11:29:12,7342,81831,115576,2989286430,2,-2,73060
PF205,20220218,20220218,112914500,11:29:15,7340,81842,115576,2989688260,11,0,401830
PF205,20220218,20220218,112915000,11:29:15,7340,81842,115576,2989688260,0,0,0
PF205,20220218,20220218,112916000,11:29:16,7340,81842,115576,2989688260,0,0,0
PF205,20220218,20220218,112917000,11:29:20,7344,81845,115579,2989797850,3,3,109590
PF205,20220218,20220218,112917500,11:29:21,7340,81847,115581,2989870910,2,2,73060
PF205,20220218,20220218,112918000,11:29:21,7344,81848,115582,2989907440,1,1,36530
PF205,20220218,20220218,112920500,11:29:21,7342,81859,115583,2990309270,11,1,401830
PF205,20220218,20220218,112921000,11:29:22,7342,81859,115583,2990309270,0,0,0
PF205,20220218,20220218,112922000,11:29:24,7342,81859,115583,2990309270,0,0,0
PF205,20220218,20220218,112924000,11:29:24,7342,81859,115583,2990309270,0,0,0
PF205,20220218,20220218,112924500,11:29:24,7342,81859,115583,2990309270,0,0,0
PF205,20220218,20220218,112925000,11:29:25,7342,81865,115583,2990528450,6,0,219180
PF205,20220218,20220218,112926500,11:29:26,7344,81867,115583,2990601510,2,0,73060
PF205,20220218,20220218,112927000,11:29:27,7342,81868,115583,2990638040,1,0,36530
PF205,20220218,20220218,112928000,11:29:28,7342,81868,115583,2990638040,0,0,0
PF205,20220218,20220218,112928500,11:29:28,7344,81870,115583,2990711100,2,0,73060
PF205,20220218,20220218,112929000,11:29:29,7344,81871,115583,2990747630,1,0,36530
PF205,20220218,20220218,112929500,11:29:29,7344,81872,115584,2990784160,1,1,36530
PF205,20220218,20220218,112930000,11:29:30,7342,81875,115587,2990893750,3,3,109590
PF205,20220218,20220218,112930500,11:29:30,7342,81883,115589,2991185990,8,2,292240
PF205,20220218,20220218,112931000,11:29:32,7342,81891,115589,2991478230,8,0,292240
PF205,20220218,20220218,112931500,11:29:32,7346,81945,115589,2993450850,54,0,1972620
PF205,20220218,20220218,112932000,11:29:36,7344,81948,115590,2993560440,3,1,109590
PF205,20220218,20220218,112932500,11:29:36,7344,81948,115590,2993560440,0,0,0
PF205,20220218,20220218,112933000,11:29:37,7346,81949,115589,2993596970,1,-1,36530
PF205,20220218,20220218,112936500,11:29:38,7344,81953,115590,2993743090,4,1,146120
PF205,20220218,20220218,112937000,11:29:38,7346,81954,115589,2993779620,1,-1,36530
PF205,20220218,20220218,112937500,11:29:38,7344,81956,115588,2993852680,2,-1,73060
PF205,20220218,20220218,112938000,11:29:38,7346,81957,115588,2993889210,1,0,36530
PF205,20220218,20220218,112938500,11:29:39,7346,81957,115588,2993889210,0,0,0
PF205,20220218,20220218,112939000,11:29:39,7346,81958,115588,2993925740,1,0,36530
PF205,20220218,20220218,112939500,11:29:40,7346,81958,115588,2993925740,0,0,0
PF205,20220218,20220218,112940000,11:29:40,7346,81959,115588,2993962270,1,0,36530
PF205,20220218,20220218,112940500,11:29:40,7344,81960,115588,2993998800,1,0,36530
PF205,20220218,20220218,112941000,11:29:41,7344,81960,115588,2993998800,0,0,0
PF205,20220218,20220218,112941500,11:29:42,7344,81960,115588,2993998800,0,0,0
PF205,20220218,20220218,112942000,11:29:42,7342,81970,115588,2994364100,10,0,365300
PF205,20220218,20220218,112943000,11:29:45,7342,81980,115598,2994729400,10,10,365300
PF205,20220218,20220218,112944000,11:29:45,7342,81980,115598,2994729400,0,0,0
PF205,20220218,20220218,112944500,11:29:45,7346,81982,115596,2994802460,2,-2,73060
PF205,20220218,20220218,112945000,11:29:46,7346,81983,115596,2994838990,1,0,36530
PF205,20220218,20220218,112946000,11:29:46,7346,81984,115596,2994875520,1,0,36530
PF205,20220218,20220218,112946500,11:29:47,7344,81985,115597,2994912050,1,1,36530
PF205,20220218,20220218,112947000,11:29:47,7344,81985,115597,2994912050,0,0,0
PF205,20220218,20220218,112948000,11:29:49,7344,81986,115598,2994948580,1,1,36530
PF205,20220218,20220218,112948500,11:29:49,7346,81987,115597,2994985110,1,-1,36530
PF205,20220218,20220218,112949000,11:29:50,7346,81987,115597,2994985110,0,0,0
PF205,20220218,20220218,112949500,11:29:50,7344,81988,115598,2995021640,1,1,36530
PF205,20220218,20220218,112950500,11:29:51,7346,81995,115602,2995277350,7,4,255710
PF205,20220218,20220218,112951000,11:29:52,7342,82001,115598,2995496530,6,-4,219180
PF205,20220218,20220218,112952000,11:29:52,7342,82001,115598,2995496530,0,0,0
PF205,20220218,20220218,112952500,11:29:53,7344,82003,115599,2995569590,2,1,73060
PF205,20220218,20220218,112953500,11:29:54,7344,82004,115599,2995606120,1,0,36530
PF205,20220218,20220218,112954000,11:29:54,7344,82004,115599,2995606120,0,0,0
PF205,20220218,20220218,112954500,11:29:54,7346,82006,115599,2995679180,2,0,73060
PF205,20220218,20220218,112955000,11:29:55,7346,82006,115599,2995679180,0,0,0
PF205,20220218,20220218,112955500,11:29:56,7342,82010,115599,2995825300,4,0,146120
PF205,20220218,20220218,112956000,11:29:56,7342,82010,115599,2995825300,0,0,0
PF205,20220218,20220218,112956500,11:30:00,7342,82013,115599,2995934890,3,0,109590
PF205,20220218,20220218,112957500,11:30:02,7342,82013,115599,2995934890,0,0,0
PF205,20220218,20220218,112959500,11:30:02,7342,82013,115599,2995934890,0,0,0
PF205,20220218,20220218,113000000,11:30:03,7342,82013,115599,2995934890,0,0,0
PF205,20220218,20220218,113000500,11:30:03,7342,82013,115599,2995934890,0,0,0
PF205,20220218,20220218,133000500,13:30:00,7342,82013,115599,2995934890,0,0,0
PF205,20220218,20220218,133001000,13:30:01,7344,82026,115600,2996409780,13,1,474890
PF205,20220218,20220218,133001500,13:30:02,7346,82034,115595,2996702020,8,-5,292240
PF205,20220218,20220218,133002000,13:30:08,7344,82043,115586,2997030790,9,-9,328770
PF205,20220218,20220218,133002500,13:30:10,7344,82043,115586,2997030790,0,0,0
PF205,20220218,20220218,133008000,13:30:10,7338,82108,115574,2999405240,65,-12,2374450
PF205,20220218,20220218,133009500,13:30:10,7336,82151,115562,3000976030,43,-12,1570790
PF205,20220218,20220218,133010000,13:30:11,7336,82166,115565,3001523980,15,3,547950
PF205,20220218,20220218,133010500,13:30:12,7336,82170,115565,3001670100,4,0,146120
PF205,20220218,20220218,133011000,13:30:12,7336,82172,115567,3001743160,2,2,73060
PF205,20220218,20220218,133011500,13:30:13,7336,82173,115567,3001779690,1,0,36530
PF205,20220218,20220218,133012500,13:30:13,7338,82184,115556,3002181520,11,-11,401830
PF205,20220218,20220218,133013000,13:30:13,7336,82186,115556,3002254580,2,0,73060
PF205,20220218,20220218,133013500,13:30:14,7336,82190,115556,3002400700,4,0,146120
PF205,20220218,20220218,133014000,13:30:15,7336,82190,115556,3002400700,0,0,0
PF205,20220218,20220218,133014500,13:30:16,7332,82194,115557,3002546820,4,1,146120
PF205,20220218,20220218,133015000,13:30:17,7332,82196,115558,3002619880,2,1,73060
PF205,20220218,20220218,133016000,13:30:18,7332,82211,115556,3003167830,15,-2,547950
PF205,20220218,20220218,133017000,13:30:18,7330,82225,115544,3003679250,14,-12,511420
PF205,20220218,20220218,133017500,13:30:18,7332,82238,115540,3004154140,13,-4,474890
PF205,20220218,20220218,133018000,13:30:19,7330,82240,115540,3004227200,2,0,73060
PF205,20220218,20220218,133018500,13:30:20,7330,82242,115540,3004300260,2,0,73060
PF205,20220218,20220218,133019000,13:30:20,7330,82242,115540,3004300260,0,0,0
PF205,20220218,20220218,133019500,13:30:20,7330,82242,115540,3004300260,0,0,0
PF205,20220218,20220218,133020000,13:30:21,7330,82242,115540,3004300260,0,0,0
PF205,20220218,20220218,133020500,13:30:21,7332,82251,115546,3004629030,9,6,328770
PF205,20220218,20220218,133021000,13:30:21,7332,82252,115547,3004665560,1,1,36530
PF205,20220218,20220218,133021500,13:30:22,7332,82252,115547,3004665560,0,0,0
PF205,20220218,20220218,133022000,13:30:38,7334,82253,115547,3004702090,1,0,36530
PF205,20220218,20220218,133022500,13:30:38,7334,82253,115547,3004702090,0,0,0
PF205,20220218,20220218,133023000,13:30:39,7334,82254,115548,3004738620,1,1,36530
PF205,20220218,20220218,133037500,13:30:40,7334,82254,115548,3004738620,0,0,0
PF205,20220218,20220218,133040000,13:30:42,7336,82314,115574,3006930420,60,26,2191800
PF205,20220218,20220218,133042500,13:30:44,7336,82314,115574,3006930420,0,0,0
PF205,20220218,20220218,133043000,13:30:44,7338,82329,115587,3007478370,15,13,547950
PF205,20220218,20220218,133043500,13:30:44,7336,82349,115587,3008208970,20,0,730600
PF205,20220218,20220218,133045500,13:30:47,7336,82350,115588,3008245500,1,1,36530
PF205,20220218,20220218,133046000,13:30:47,7336,82350,115588,3008245500,0,0,0
PF205,20220218,20220218,133047500,13:30:48,7336,82350,115588,3008245500,0,0,0
PF205,20220218,20220218,133048000,13:30:48,7338,82354,115589,3008391620,4,1,146120
PF205,20220218,20220218,133049000,13:30:50,7340,82370,115604,3008976100,16,15,584480
PF205,20220218,20220218,133049500,13:30:50,7340,82370,115604,3008976100,0,0,0
PF205,20220218,20220218,133050000,13:30:51,7340,82379,115604,3009304870,9,0,328770
PF205,20220218,20220218,133051500,13:30:52,7340,82379,115604,3009304870,0,0,0
PF205,20220218,20220218,133052000,13:30:53,7340,82379,115604,3009304870,0,0,0
PF205,20220218,20220218,133054500,13:30:55,7340,82382,115606,3009414460,3,2,109590
PF205,20220218,20220218,133055000,13:30:56,7340,82383,115606,3009450990,1,0,36530
PF205,20220218,20220218,133055500,13:30:56,7342,82385,115607,3009524050,2,1,73060
PF205,20220218,20220218,133056000,13:30:57,7340,82397,115616,3009962410,12,9,438360
PF205,20220218,20220218,133056500,13:30:57,7340,82447,115614,3011788910,50,-2,1826500
PF205,20220218,20220218,133057000,13:30:58,7342,82448,115615,3011825440,1,1,36530
PF205,20220218,20220218,133057500,13:30:58,7342,82451,115615,3011935030,3,0,109590
PF205,20220218,20220218,133058000,13:30:58,7342,82451,115615,3011935030,0,0,0
PF205,20220218,20220218,133058500,13:30:59,7342,82453,115615,3012008090,2,0,73060
PF205,20220218,20220218,133059000,13:30:59,7340,82463,115619,3012373390,10,4,365300
PF205,20220218,20220218,133059500,13:30:59,7340,82463,115619,3012373390,0,0,0
PF205,20220218,20220218,133101000,13:31:01,7342,82473,115620,3012738690,10,1,365300
PF205,20220218,20220218,133101500,13:31:01,7342,82473,115620,3012738690,0,0,0
PF205,20220218,20220218,133102000,13:31:02,7342,82473,115620,3012738690,0,0,0
PF205,20220218,20220218,133103500,13:31:04,7344,82524,115632,3014601720,51,12,1863030
PF205,20220218,20220218,133104000,13:31:06,7344,82527,115634,3014711310,3,2,109590
PF205,20220218,20220218,133104500,13:31:06,7344,82527,115634,3014711310,0,0,0
PF205,20220218,20220218,133105500,13:31:07,7344,82527,115634,3014711310,0,0,0
PF205,20220218,20220218,133106000,13:31:08,7344,82527,115634,3014711310,0,0,0
PF205,20220218,20220218,133107500,13:31:08,7346,82529,115634,3014784370,2,0,73060
PF205,20220218,20220218,133108500,13:31:09,7344,82544,115636,3015332320,15,2,547950
PF205,20220218,20220218,133110000,13:31:11,7346,82549,115635,3015514970,5,-1,182650
PF205,20220218,20220218,133110500,13:31:11,7346,82549,115635,3015514970,0,0,0
PF205,20220218,20220218,133111500,13:31:12,7346,82553,115635,3015661090,4,0,146120
PF205,20220218,20220218,133113000,13:31:13,7346,82553,115635,3015661090,0,0,0
PF205,20220218,20220218,133113500,13:31:14,7346,82554,115634,3015697620,1,-1,36530
PF205,20220218,20220218,133114500,13:31:15,7346,82555,115634,3015734150,1,0,36530
PF205,20220218,20220218,133115500,13:31:15,7346,82555,115634,3015734150,0,0,0
PF205,20220218,20220218,133116000,13:31:16,7346,82647,115634,3019094910,92,0,3360760
PF205,20220218,20220218,133116500,13:31:17,7346,82647,115634,3019094910,0,0,0
PF205,20220218,20220218,133117500,13:31:18,7348,82653,115634,3019314090,6,0,219180
PF205,20220218,20220218,133118000,13:31:19,7348,82663,115628,3019679390,10,-6,365300
PF205,20220218,20220218,133118500,13:31:19,7350,82664,115627,3019715920,1,-1,36530
PF205,20220218,20220218,133119000,13:31:19,7350,82672,115625,3020008160,8,-2,292240
PF205,20220218,20220218,133120000,13:31:20,7350,82682,115620,3020373460,10,-5,365300
PF205,20220218,20220218,133120500,13:31:21,7346,82683,115620,3020409990,1,0,36530
PF205,20220218,20220218,133121000,13:31:21,7350,82687,115620,3020556110,4,0,146120
PF205,20220218,20220218,133121500,13:31:22,7350,82687,115620,3020556110,0,0,0
PF205,20220218,20220218,133122000,13:31:22,7350,82687,115620,3020556110,0,0,0
PF205,20220218,20220218,133122500,13:31:25,7350,82688,115619,3020592640,1,-1,36530
PF205,20220218,20220218,133123000,13:31:25,7350,82688,115619,3020592640,0,0,0
PF205,20220218,20220218,133123500,13:31:25,7350,82688,115619,3020592640,0,0,0
PF205,20220218,20220218,133124000,13:31:25,7350,82689,115618,3020629170,1,-1,36530
PF205,20220218,20220218,133124500,13:31:25,7350,82689,115618,3020629170,0,0,0
PF205,20220218,20220218,133156000,13:31:56,7350,82689,115618,3020629170,0,0,0
PF205,20220218,20220218,133158500,13:31:58,7350,82690,115619,3020665700,1,1,36530
PF205,20220218,20220218,133159500,13:32:00,7348,82720,115617,3021761600,30,-2,1095900
PF205,20220218,20220218,133200000,13:32:00,7350,83092,115611,3035350760,372,-6,13589160
PF205,20220218,20220218,133200500,13:32:01,7352,83153,115567,3037579090,61,-44,2228330
PF205,20220218,20220218,133201000,13:32:01,7350,83166,115564,3038053980,13,-3,474890
PF205,20220218,20220218,133201500,13:32:01,7350,83169,115563,3038163570,3,-1,109590
PF205,20220218,20220218,133202000,13:32:03,7350,83194,115542,3039076820,25,-21,913250
PF205,20220218,20220218,133202500,13:32:04,7350,83220,115517,3040026600,26,-25,949780
PF205,20220218,20220218,133203000,13:32:05,7350,83220,115517,3040026600,0,0,0
PF205,20220218,20220218,133203500,13:32:05,7350,83223,115516,3040136190,3,-1,109590
PF205,20220218,20220218,133204000,13:32:05,7350,83224,115516,3040172720,1,0,36530
PF205,20220218,20220218,133205000,13:32:05,7350,83224,115516,3040172720,0,0,0
PF205,20220218,20220218,133205500,13:32:06,7352,83226,115514,3040245780,2,-2,73060
PF205,20220218,20220218,133206000,13:32:07,7352,83234,115508,3040538020,8,-6,292240
PF205,20220218,20220218,133207000,13:32:07,7350,83238,115504,3040684140,4,-4,146120
PF205,20220218,20220218,133207500,13:32:07,7350,83242,115502,3040830260,4,-2,146120
PF205,20220218,20220218,133208000,13:32:09,7350,83246,115498,3040976380,4,-4,146120
PF205,20220218,20220218,133208500,13:32:10,7350,83251,115498,3041159030,5,0,182650
PF205,20220218,20220218,133209000,13:32:10,7352,83276,115496,3042072280,25,-2,913250
PF205,20220218,20220218,133210000,13:32:11,7350,83277,115496,3042108810,1,0,36530
PF205,20220218,20220218,133210500,13:32:13,7350,83283,115494,3042327990,6,-2,219180
PF205,20220218,20220218,133211000,13:32:14,7352,83287,115494,3042474110,4,0,146120
PF205,20220218,20220218,133213000,13:32:15,7354,83455,115541,3048611150,168,47,6137040
PF205,20220218,20220218,133214000,13:32:15,7354,83501,115529,3050291530,46,-12,1680380
PF205,20220218,20220218,133214500,13:32:16,7356,83502,115530,3050328060,1,1,36530
PF205,20220218,20220218,133215000,13:32:16,7352,83517,115532,3050876010,15,2,547950
PF205,20220218,20220218,133216000,13:32:17,7356,83522,115537,3051058660,5,5,182650
PF205,20220218,20220218,133216500,13:32:17,7356,83522,115537,3051058660,0,0,0
PF205,20220218,20220218,133217000,13:32:17,7354,83527,115536,3051241310,5,-1,182650
PF205,20220218,20220218,133217500,13:32:18,7354,83527,115536,3051241310,0,0,0
PF205,20220218,20220218,133218000,13:32:18,7354,83527,115536,3051241310,0,0,0
PF205,20220218,20220218,133218500,13:32:19,7354,83527,115536,3051241310,0,0,0
PF205,20220218,20220218,133219500,13:32:20,7354,83527,115536,3051241310,0,0,0
PF205,20220218,20220218,133220000,13:32:20,7354,83527,115536,3051241310,0,0,0
PF205,20220218,20220218,133221000,13:32:21,7354,83527,115536,3051241310,0,0,0
PF205,20220218,20220218,133221500,13:32:22,7356,83591,115564,3053579230,64,28,2337920
PF205,20220218,20220218,133222000,13:32:22,7358,83630,115572,3055003900,39,8,1424670
PF205,20220218,20220218,133222500,13:32:23,7356,83661,115574,3056136330,31,2,1132430
PF205,20220218,20220218,133223000,13:32:24,7356,83664,115577,3056245920,3,3,109590
PF205,20220218,20220218,133223500,13:32:24,7356,83664,115577,3056245920,0,0,0
PF205,20220218,20220218,133224000,13:32:24,7356,83665,115577,3056282450,1,0,36530
PF205,20220218,20220218,133224500,13:32:25,7358,83702,115563,3057634060,37,-14,1351610
PF205,20220218,20220218,133225000,13:32:25,7358,83705,115562,3057743650,3,-1,109590
PF205,20220218,20220218,133225500,13:32:26,7358,83706,115561,3057780180,1,-1,36530
PF205,20220218,20220218,133226000,13:32:27,7358,83710,115559,3057926300,4,-2,146120
PF205,20220218,20220218,133226500,13:32:27,7358,83710,115559,3057926300,0,0,0
PF205,20220218,20220218,133227000,13:32:27,7358,83731,115560,3058693430,21,1,767130
PF205,20220218,20220218,133227500,13:32:28,7358,83732,115561,3058729960,1,1,36530
PF205,20220218,20220218,133229000,13:32:33,7358,83733,115562,3058766490,1,1,36530
PF205,20220218,20220218,133232000,13:32:34,7358,83745,115563,3059204850,12,1,438360
PF205,20220218,20220218,133232500,13:32:35,7358,83761,115570,3059789330,16,7,584480
PF205,20220218,20220218,133234500,13:32:35,7358,83763,115570,3059862390,2,0,73060
PF205,20220218,20220218,133235000,13:32:36,7358,83789,115579,3060812170,26,9,949780
PF205,20220218,20220218,133235500,13:32:36,7358,83815,115585,3061761950,26,6,949780
PF205,20220218,20220218,133236000,13:32:37,7362,83825,115589,3062127250,10,4,365300
PF205,20220218,20220218,133236500,13:32:37,7362,83857,115575,3063296210,32,-14,1168960
PF205,20220218,20220218,133237000,13:32:37,7362,83861,115577,3063442330,4,2,146120
PF205,20220218,20220218,133238000,13:32:38,7360,83864,115578,3063551920,3,1,109590
PF205,20220218,20220218,133238500,13:32:39,7364,83865,115578,3063588450,1,0,36530
PF205,20220218,20220218,133239000,13:32:39,7362,83868,115579,3063698040,3,1,109590
PF205,20220218,20220218,133239500,13:32:40,7362,83893,115558,3064611290,25,-21,913250
PF205,20220218,20220218,133240000,13:32:40,7360,83898,115557,3064793940,5,-1,182650
PF205,20220218,20220218,133240500,13:32:40,7360,83901,115555,3064903530,3,-2,109590
PF205,20220218,20220218,133241000,13:32:41,7360,83902,115554,3064940060,1,-1,36530
PF205,20220218,20220218,133241500,13:32:42,7360,83904,115554,3065013120,2,0,73060
PF205,20220218,20220218,133242000,13:32:42,7358,83905,115554,3065049650,1,0,36530
PF205,20220218,20220218,133242500,13:32:42,7360,83908,115554,3065159240,3,0,109590
PF205,20220218,20220218,133243000,13:32:43,7360,83915,115554,3065414950,7,0,255710
PF205,20220218,20220218,133243500,13:32:43,7360,83915,115554,3065414950,0,0,0
PF205,20220218,20220218,133244000,13:32:44,7360,83921,115553,3065634130,6,-1,219180
PF205,20220218,20220218,133244500,13:32:45,7358,83967,115580,3067314510,46,27,1680380
PF205,20220218,20220218,133245000,13:32:45,7356,83993,115566,3068264290,26,-14,949780
PF205,20220218,20220218,133245500,13:32:45,7358,84004,115558,3068666120,11,-8,401830
PF205,20220218,20220218,133246000,13:32:47,7356,84007,115558,3068775710,3,0,109590
PF205,20220218,20220218,133246500,13:32:47,7356,84007,115558,3068775710,0,0,0
PF205,20220218,20220218,133247000,13:32:47,7358,84008,115558,3068812240,1,0,36530
PF205,20220218,20220218,133247500,13:32:48,7356,84010,115558,3068885300,2,0,73060
PF205,20220218,20220218,133248000,13:32:48,7356,84010,115558,3068885300,0,0,0
PF205,20220218,20220218,133248500,13:32:49,7356,84011,115558,3068921830,1,0,36530
PF205,20220218,20220218,133249000,13:32:49,7354,84012,115558,3068958360,1,0,36530
PF205,20220218,20220218,133249500,13:32:50,7356,84014,115558,3069031420,2,0,73060
PF205,20220218,20220218,133250000,13:32:52,7356,84014,115558,3069031420,0,0,0
PF205,20220218,20220218,133250500,13:32:52,7356,84014,115558,3069031420,0,0,0
PF205,20220218,20220218,133251000,13:32:52,7354,84015,115558,3069067950,1,0,36530
PF205,20220218,20220218,133251500,13:32:53,7358,84027,115558,3069506310,12,0,438360
PF205,20220218,20220218,133252500,13:32:53,7354,84037,115554,3069871610,10,-4,365300
PF205,20220218,20220218,133253000,13:32:53,7354,84037,115554,3069871610,0,0,0
PF205,20220218,20220218,133253500,13:32:54,7356,84043,115558,3070090790,6,4,219180
PF205,20220218,20220218,133254000,13:32:54,7356,84044,115558,3070127320,1,0,36530
PF205,20220218,20220218,133254500,13:32:55,7356,84046,115558,3070200380,2,0,73060
PF205,20220218,20220218,133255000,13:32:55,7358,84048,115557,3070273440,2,-1,73060
PF205,20220218,20220218,133255500,13:32:55,7358,84049,115557,3070309970,1,0,36530
PF205,20220218,20220218,133256000,13:32:56,7358,84049,115557,3070309970,0,0,0
PF205,20220218,20220218,133256500,13:32:56,7356,84058,115564,3070638740,9,7,328770
PF205,20220218,20220218,133257000,13:32:59,7358,84061,115563,3070748330,3,-1,109590
PF205,20220218,20220218,133257500,13:33:00,7356,84066,115567,3070930980,5,4,182650
PF205,20220218,20220218,133258000,13:33:00,7356,84067,115568,3070967510,1,1,36530
PF205,20220218,20220218,133259500,13:33:00,7356,84067,115568,3070967510,0,0,0
PF205,20220218,20220218,133300000,13:33:01,7358,84139,115574,3073597670,72,6,2630160
PF205,20220218,20220218,133300500,13:33:01,7360,84140,115573,3073634200,1,-1,36530
PF205,20220218,20220218,133301000,13:33:02,7356,84177,115581,3074985810,37,8,1351610
PF205,20220218,20220218,133301500,13:33:02,7358,84178,115581,3075022340,1,0,36530
PF205,20220218,20220218,133302000,13:33:03,7358,84178,115581,3075022340,0,0,0
PF205,20220218,20220218,133302500,13:33:03,7360,84183,115581,3075204990,5,0,182650
PF205,20220218,20220218,133303000,13:33:03,7360,84183,115581,3075204990,0,0,0
PF205,20220218,20220218,133303500,13:33:04,7360,84191,115585,3075497230,8,4,292240
PF205,20220218,20220218,133304000,13:33:04,7360,84191,115585,3075497230,0,0,0
PF205,20220218,20220218,133304500,13:33:05,7360,84205,115572,3076850700,14,-13,1353470
PF205,20220218,20220218,133305500,13:33:05,7356,84206,115572,3076887240,1,0,36540
PF205,20220218,20220218,133306000,13:33:06,7356,84238,115570,3078056520,32,-2,1169280
PF205,20220218,20220218,133306500,13:33:06,7356,84239,115570,3078093060,1,0,36540
PF205,20220218,20220218,133307000,13:33:07,7356,84239,115570,3078093060,0,0,0
PF205,20220218,20220218,133307500,13:33:08,7356,84240,115569,3078129600,1,-1,36540
PF205,20220218,20220218,133308000,13:33:08,7356,84240,115569,3078129600,0,0,0
PF205,20220218,20220218,133308500,13:33:09,7356,84240,115569,3078129600,0,0,0
PF205,20220218,20220218,133310500,13:33:12,7354,84310,115561,3080687400,70,-8,2557800
PF205,20220218,20220218,133311000,13:33:13,7352,84328,115563,3081345120,18,2,657720
PF205,20220218,20220218,133311500,13:33:14,7352,84328,115563,3081345120,0,0,0
PF205,20220218,20220218,133312000,13:33:14,7352,84331,115563,3081454740,3,0,109620
PF205,20220218,20220218,133312500,13:33:14,7350,84332,115564,3081491280,1,1,36540
PF205,20220218,20220218,133313500,13:33:14,7350,84332,115564,3081491280,0,0,0
PF205,20220218,20220218,133314000,13:33:17,7350,84332,115564,3081491280,0,0,0
PF205,20220218,20220218,133314500,13:33:17,7350,84352,115549,3082222080,20,-15,730800
PF205,20220218,20220218,133315500,13:33:18,7350,84352,115549,3082222080,0,0,0
PF205,20220218,20220218,133317000,13:33:18,7352,84384,115525,3083391360,32,-24,1169280
PF205,20220218,20220218,133317500,13:33:19,7352,84385,115525,3083427900,1,0,36540
PF205,20220218,20220218,133318000,13:33:19,7352,84385,115525,3083427900,0,0,0
PF205,20220218,20220218,133318500,13:33:19,7354,84392,115529,3083683680,7,4,255780
PF205,20220218,20220218,133319000,13:33:20,7354,84399,115526,3083939460,7,-3,255780
PF205,20220218,20220218,133319500,13:33:20,7354,84399,115526,3083939460,0,0,0
PF205,20220218,20220218,133320000,13:33:21,7354,84423,115507,3084816420,24,-19,876960
PF205,20220218,20220218,133320500,13:33:21,7354,84427,115507,3084962580,4,0,146160
PF205,20220218,20220218,133321000,13:33:22,7354,84428,115508,3084999120,1,1,36540
PF205,20220218,20220218,133321500,13:33:22,7354,84428,115508,3084999120,0,0,0
PF205,20220218,20220218,133322000,13:33:22,7354,84429,115508,3085035660,1,0,36540
PF205,20220218,20220218,133322500,13:33:22,7354,84429,115508,3085035660,0,0,0
PF205,20220218,20220218,133323000,13:33:23,7354,84433,115506,3085181820,4,-2,146160
PF205,20220218,20220218,133323500,13:33:24,7354,84433,115506,3085181820,0,0,0
PF205,20220218,20220218,133324000,13:33:24,7354,84438,115510,3085364520,5,4,182700
PF205,20220218,20220218,133325500,13:33:27,7352,84440,115509,3085437600,2,-1,73080
PF205,20220218,20220218,133326000,13:33:28,7352,84440,115509,3085437600,0,0,0
PF205,20220218,20220218,133326500,13:33:29,7354,84445,115508,3085620300,5,-1,182700
PF205,20220218,20220218,133327000,13:33:29,7352,84447,115510,3085693380,2,2,73080
PF205,20220218,20220218,133328500,13:33:30,7352,84449,115510,3085766460,2,0,73080
PF205,20220218,20220218,133329500,13:33:30,7352,84468,115507,3086460720,19,-3,694260
PF205,20220218,20220218,133330000,13:33:30,7352,84468,115507,3086460720,0,0,0
PF205,20220218,20220218,133331500,13:33:32,7352,84468,115507,3086460720,0,0,0
PF205,20220218,20220218,133332000,13:33:32,7352,84469,115508,3086497260,1,1,36540
PF205,20220218,20220218,133333000,13:33:33,7352,84475,115509,3086716500,6,1,219240
PF205,20220218,20220218,133333500,13:33:33,7352,84476,115510,3086753040,1,1,36540
PF205,20220218,20220218,133334000,13:33:34,7352,84479,115509,3086862660,3,-1,109620
PF205,20220218,20220218,133334500,13:33:35,7350,84480,115509,3086899200,1,0,36540
PF205,20220218,20220218,133335000,13:33:35,7352,84481,115509,3086935740,1,0,36540
PF205,20220218,20220218,133335500,13:33:35,7352,84482,115508,3086972280,1,-1,36540
PF205,20220218,20220218,133336000,13:33:36,7352,84485,115505,3087081900,3,-3,109620
PF205,20220218,20220218,133336500,13:33:36,7352,84490,115506,3087264600,5,1,182700
PF205,20220218,20220218,133337000,13:33:37,7352,84494,115506,3087410760,4,0,146160
PF205,20220218,20220218,133337500,13:33:37,7352,84495,115505,3087447300,1,-1,36540
PF205,20220218,20220218,133338000,13:33:38,7352,84495,115505,3087447300,0,0,0
PF205,20220218,20220218,133338500,13:33:39,7352,84496,115504,3087483840,1,-1,36540
PF205,20220218,20220218,133339000,13:33:39,7354,84497,115503,3087520380,1,-1,36540
PF205,20220218,20220218,133339500,13:33:40,7352,84501,115506,3087666540,4,3,146160
PF205,20220218,20220218,133340000,13:33:40,7352,84512,115514,3088068480,11,8,401940
PF205,20220218,20220218,133340500,13:33:41,7352,84518,115520,3088287720,6,6,219240
PF205,20220218,20220218,133341000,13:33:41,7352,84518,115520,3088287720,0,0,0
PF205,20220218,20220218,133341500,13:33:42,7352,84519,115521,3088324260,1,1,36540
PF205,20220218,20220218,133342000,13:33:42,7352,84520,115522,3088360800,1,1,36540
PF205,20220218,20220218,133343000,13:33:43,7352,84525,115522,3088543500,5,0,182700
PF205,20220218,20220218,133343500,13:33:44,7352,84525,115522,3088543500,0,0,0
PF205,20220218,20220218,133344000,13:33:45,7352,84526,115522,3088580040,1,0,36540
PF205,20220218,20220218,133344500,13:33:45,7352,84526,115522,3088580040,0,0,0
PF205,20220218,20220218,133345000,13:33:45,7352,84534,115520,3088872360,8,-2,292320
PF205,20220218,20220218,133345500,13:33:47,7352,84534,115520,3088872360,0,0,0
PF205,20220218,20220218,133347500,13:33:49,7352,84534,115520,3088872360,0,0,0
PF205,20220218,20220218,133348500,13:33:49,7352,84535,115520,3088908900,1,0,36540
PF205,20220218,20220218,133349000,13:33:50,7354,84536,115519,3088945440,1,-1,36540
PF205,20220218,20220218,133349500,13:33:50,7352,84538,115517,3089018520,2,-2,73080
PF205,20220218,20220218,133352500,13:33:52,7352,84538,115517,3089018520,0,0,0
PF205,20220218,20220218,133354000,13:33:54,7352,84539,115517,3089055060,1,0,36540
PF205,20220218,20220218,133354500,13:33:55,7352,84554,115510,3089603160,15,-7,548100
PF205,20220218,20220218,133355000,13:33:56,7352,84556,115511,3089676240,2,1,73080
PF205,20220218,20220218,133355500,13:33:56,7352,84556,115511,3089676240,0,0,0
PF205,20220218,20220218,133356000,13:33:56,7352,84556,115511,3089676240,0,0,0
PF205,20220218,20220218,133356500,13:33:57,7350,84557,115511,3089712780,1,0,36540
PF205,20220218,20220218,133357000,13:33:58,7350,84557,115511,3089712780,0,0,0
PF205,20220218,20220218,133358500,13:33:58,7352,84561,115515,3089858940,4,4,146160
PF205,20220218,20220218,133359000,13:33:59,7352,84564,115515,3089968560,3,0,109620
PF205,20220218,20220218,133359500,13:34:00,7354,84565,115514,3090005100,1,-1,36540
PF205,20220218,20220218,133400000,13:34:00,7352,84568,115512,3090114720,3,-2,109620
PF205,20220218,20220218,133400500,13:34:00,7354,84579,115519,3090516660,11,7,401940
PF205,20220218,20220218,133401000,13:34:01,7354,84582,115519,3090626280,3,0,109620
PF205,20220218,20220218,133401500,13:34:02,7356,84586,115515,3090772440,4,-4,146160
PF205,20220218,20220218,133402000,13:34:10,7356,84589,115517,3090882060,3,2,109620
PF205,20220218,20220218,133403000,13:34:10,7354,84590,115516,3090918600,1,-1,36540
PF205,20220218,20220218,133408500,13:34:11,7356,84599,115519,3091247460,9,3,328860
PF205,20220218,20220218,133410500,13:34:12,7356,84599,115519,3091247460,0,0,0
PF205,20220218,20220218,133411000,13:34:12,7356,84600,115518,3091284000,1,-1,36540
PF205,20220218,20220218,133411500,13:34:12,7356,84603,115518,3091393620,3,0,109620
PF205,20220218,20220218,133412000,13:34:12,7354,84605,115518,3091466700,2,0,73080
PF205,20220218,20220218,133412500,13:34:13,7354,84613,115510,3091759020,8,-8,292320
PF205,20220218,20220218,133413000,13:34:13,7354,84613,115510,3091759020,0,0,0
PF205,20220218,20220218,133414500,13:34:15,7354,84656,115510,3093330240,43,0,1571220
PF205,20220218,20220218,133415000,13:34:15,7356,84687,115511,3094462980,31,1,1132740
PF205,20220218,20220218,133415500,13:34:16,7356,84687,115511,3094462980,0,0,0
PF205,20220218,20220218,133418500,13:34:19,7356,84688,115511,3094499520,1,0,36540
PF205,20220218,20220218,133419500,13:34:20,7356,84688,115511,3094499520,0,0,0
PF205,20220218,20220218,133420000,13:34:20,7358,84689,115511,3094536060,1,0,36540
PF205,20220218,20220218,133421000,13:34:23,7358,84690,115510,3094572600,1,-1,36540
PF205,20220218,20220218,133421500,13:34:23,7358,84690,115510,3094572600,0,0,0
PF205,20220218,20220218,133423500,13:34:24,7358,84690,115510,3094572600,0,0,0
PF205,20220218,20220218,133424000,13:34:24,7358,84690,115510,3094572600,0,0,0
PF205,20220218,20220218,133424500,13:34:24,7358,84741,115473,3096436140,51,-37,1863540
PF205,20220218,20220218,133425000,13:34:25,7358,84742,115472,3096472680,1,-1,36540
PF205,20220218,20220218,133425500,13:34:26,7358,84742,115472,3096472680,0,0,0
PF205,20220218,20220218,133426500,13:34:26,7358,84742,115472,3096472680,0,0,0
PF205,20220218,20220218,133428500,13:34:29,7358,84742,115472,3096472680,0,0,0
PF205,20220218,20220218,133429500,13:34:29,7354,84752,115472,3096838080,10,0,365400
PF205,20220218,20220218,133430500,13:34:30,7356,84753,115473,3096874620,1,1,36540
PF205,20220218,20220218,133431000,13:34:31,7356,84755,115475,3096947700,2,2,73080
PF205,20220218,20220218,133432000,13:34:32,7356,84755,115475,3096947700,0,0,0
PF205,20220218,20220218,133432500,13:34:32,7356,84755,115475,3096947700,0,0,0
PF205,20220218,20220218,133433000,13:34:33,7356,84756,115475,3096984240,1,0,36540
PF205,20220218,20220218,133433500,13:34:34,7356,84756,115475,3096984240,0,0,0
PF205,20220218,20220218,133434500,13:34:35,7356,84756,115475,3096984240,0,0,0
PF205,20220218,20220218,133435000,13:34:35,7356,84756,115475,3096984240,0,0,0
PF205,20220218,20220218,133436000,13:34:36,7356,84756,115475,3096984240,0,0,0
PF205,20220218,20220218,133436500,13:34:36,7356,84756,115475,3096984240,0,0,0
PF205,20220218,20220218,133437500,13:34:38,7354,84757,115475,3097020780,1,0,36540
PF205,20220218,20220218,133438000,13:34:38,7354,84757,115475,3097020780,0,0,0
PF205,20220218,20220218,133439500,13:34:39,7354,84757,115475,3097020780,0,0,0
PF205,20220218,20220218,133440500,13:34:41,7356,84760,115476,3097130400,3,1,109620
PF205,20220218,20220218,133441000,13:34:41,7356,84760,115476,3097130400,0,0,0
PF205,20220218,20220218,133441500,13:34:42,7356,84763,115478,3097240020,3,2,109620
PF205,20220218,20220218,133442000,13:34:44,7354,84769,115475,3097459260,6,-3,219240
PF205,20220218,20220218,133443000,13:34:45,7356,84770,115475,3097495800,1,0,36540
PF205,20220218,20220218,133444500,13:34:46,7356,84772,115476,3097568880,2,1,73080
PF205,20220218,20220218,133445500,13:34:46,7356,84782,115486,3097934280,10,10,365400
PF205,20220218,20220218,133446500,13:34:47,7358,84783,115487,3097970820,1,1,36540
PF205,20220218,20220218,133447000,13:34:47,7358,84783,115487,3097970820,0,0,0
PF205,20220218,20220218,133447500,13:34:47,7358,84784,115488,3098007360,1,1,36540
PF205,20220218,20220218,133448500,13:34:49,7358,84784,115488,3098007360,0,0,0
PF205,20220218,20220218,133450500,13:34:51,7358,84784,115488,3098007360,0,0,0
PF205,20220218,20220218,133451000,13:34:51,7358,84784,115488,3098007360,0,0,0
PF205,20220218,20220218,133452000,13:34:52,7358,84784,115488,3098007360,0,0,0
PF205,20220218,20220218,133453000,13:34:53,7358,84784,115488,3098007360,0,0,0
PF205,20220218,20220218,133453500,13:34:55,7356,84785,115487,3098043900,1,-1,36540
PF205,20220218,20220218,133454000,13:34:56,7356,84785,115487,3098043900,0,0,0
PF205,20220218,20220218,133455500,13:34:56,7356,84785,115487,3098043900,0,0,0
PF205,20220218,20220218,133456000,13:34:56,7356,84786,115487,3098080440,1,0,36540
PF205,20220218,20220218,133456500,13:34:57,7356,84786,115487,3098080440,0,0,0
PF205,20220218,20220218,133459000,13:34:59,7356,84786,115487,3098080440,0,0,0
PF205,20220218,20220218,133459500,13:35:00,7356,84786,115487,3098080440,0,0,0
PF205,20220218,20220218,133500000,13:35:00,7356,84786,115487,3098080440,0,0,0
PF205,20220218,20220218,133500500,13:35:02,7352,84896,115486,3102099840,110,-1,4019400
PF205,20220218,20220218,133501000,13:35:04,7352,84932,115501,3103415280,36,15,1315440
PF205,20220218,20220218,133501500,13:35:05,7354,84939,115502,3103671060,7,1,255780
PF205,20220218,20220218,133502000,13:35:10,7354,84939,115502,3103671060,0,0,0
PF205,20220218,20220218,133504500,13:35:10,7354,84992,115493,3105607680,53,-9,1936620
PF205,20220218,20220218,133507500,13:35:10,7352,84997,115494,3105790380,5,1,182700
PF205,20220218,20220218,133510500,13:35:11,7352,84997,115494,3105790380,0,0,0
PF205,20220218,20220218,133511000,13:35:11,7352,85059,115556,3108055860,62,62,2265480
PF205,20220218,20220218,133511500,13:35:12,7352,85078,115572,3108750120,19,16,694260
PF205,20220218,20220218,133512000,13:35:13,7352,85083,115577,3108932820,5,5,182700
PF205,20220218,20220218,133512500,13:35:13,7352,85085,115579,3109005900,2,2,73080
PF205,20220218,20220218,133513000,13:35:13,7352,85118,115579,3110211720,33,0,1205820
PF205,20220218,20220218,133514000,13:35:14,7352,85121,115579,3110321340,3,0,109620
PF205,20220218,20220218,133514500,13:35:15,7352,85124,115580,3110430960,3,1,109620
PF205,20220218,20220218,133515500,13:35:16,7352,85124,115580,3110430960,0,0,0
PF205,20220218,20220218,133516000,13:35:16,7352,85124,115580,3110430960,0,0,0
PF205,20220218,20220218,133516500,13:35:17,7352,85124,115580,3110430960,0,0,0
PF205,20220218,20220218,133517500,13:35:18,7354,85133,115589,3110759820,9,9,328860
PF205,20220218,20220218,133518000,13:35:19,7354,85162,115603,3111819480,29,14,1059660
PF205,20220218,20220218,133518500,13:35:19,7354,85162,115603,3111819480,0,0,0
PF205,20220218,20220218,133519000,13:35:19,7354,85178,115591,3112404120,16,-12,584640
PF205,20220218,20220218,133519500,13:35:20,7354,85178,115591,3112404120,0,0,0
PF205,20220218,20220218,133520500,13:35:21,7354,85178,115591,3112404120,0,0,0
PF205,20220218,20220218,133522000,13:35:22,7350,85237,115627,3114559980,59,36,2155860
PF205,20220218,20220218,133522500,13:35:23,7350,85238,115627,3114596520,1,0,36540
PF205,20220218,20220218,133523000,13:35:23,7350,85274,115638,3115911960,36,11,1315440
PF205,20220218,20220218,133523500,13:35:23,7350,85274,115638,3115911960,0,0,0
PF205,20220218,20220218,133524000,13:35:25,7350,85279,115638,3116094660,5,0,182700
PF205,20220218,20220218,133524500,13:35:25,7350,85281,115636,3116167740,2,-2,73080
PF205,20220218,20220218,133525000,13:35:25,7354,85293,115643,3116606220,12,7,438480
PF205,20220218,20220218,133525500,13:35:26,7356,85348,115647,3118615920,55,4,2009700
PF205,20220218,20220218,133526000,13:35:26,7356,85348,115647,3118615920,0,0,0
PF205,20220218,20220218,133526500,13:35:27,7354,85349,115647,3118652460,1,0,36540
PF205,20220218,20220218,133527000,13:35:27,7354,85349,115647,3118652460,0,0,0
PF205,20220218,20220218,133527500,13:35:31,7354,85352,115648,3118762080,3,1,109620
PF205,20220218,20220218,133528000,13:35:32,7352,85359,115646,3119017860,7,-2,255780
PF205,20220218,20220218,133531000,13:35:32,7356,85387,115666,3120040980,28,20,1023120
PF205,20220218,20220218,133531500,13:35:41,7354,85420,115661,3121246800,33,-5,1205820
PF205,20220218,20220218,133532000,13:35:42,7354,85425,115656,3121429500,5,-5,182700
PF205,20220218,20220218,133532500,13:35:42,7354,85425,115656,3121429500,0,0,0
PF205,20220218,20220218,133540500,13:35:43,7350,85511,115664,3124571940,86,8,3142440
PF205,20220218,20220218,133542000,13:35:43,7352,85538,115680,3125558520,27,16,986580
PF205,20220218,20220218,133542500,13:35:44,7354,85542,115676,3125704680,4,-4,146160
PF205,20220218,20220218,133543500,13:35:44,7354,85548,115673,3125923920,6,-3,219240
PF205,20220218,20220218,133544000,13:35:44,7354,85553,115673,3126106620,5,0,182700
PF205,20220218,20220218,133544500,13:35:45,7354,85553,115673,3126106620,0,0,0
PF205,20220218,20220218,133545000,13:35:46,7354,85553,115673,3126106620,0,0,0
PF205,20220218,20220218,133545500,13:35:46,7354,85578,115673,3127020120,25,0,913500
PF205,20220218,20220218,133547000,13:35:47,7350,85596,115677,3127677840,18,4,657720
PF205,20220218,20220218,133547500,13:35:48,7350,85596,115677,3127677840,0,0,0
PF205,20220218,20220218,133548000,13:35:48,7350,85596,115677,3127677840,0,0,0
PF205,20220218,20220218,133548500,13:35:48,7354,85598,115676,3127750920,2,-1,73080
PF205,20220218,20220218,133549000,13:35:49,7350,85605,115677,3128006700,7,1,255780
PF205,20220218,20220218,133549500,13:35:49,7350,85605,115677,3128006700,0,0,0
PF205,20220218,20220218,133550000,13:35:50,7350,85609,115677,3128152860,4,0,146160
PF205,20220218,20220218,133550500,13:35:51,7352,85613,115674,3128299020,4,-3,146160
PF205,20220218,20220218,133551000,13:35:51,7350,85617,115670,3128445180,4,-4,146160
PF205,20220218,20220218,133552000,13:35:52,7352,85622,115674,3128627880,5,4,182700
PF205,20220218,20220218,133552500,13:35:52,7352,85622,115674,3128627880,0,0,0
PF205,20220218,20220218,133553500,13:35:55,7352,85622,115674,3128627880,0,0,0
PF205,20220218,20220218,133554500,13:35:55,7352,85622,115674,3128627880,0,0,0
PF205,20220218,20220218,133555000,13:35:56,7352,85634,115669,3129066360,12,-5,438480
PF205,20220218,20220218,133555500,13:35:56,7352,85634,115669,3129066360,0,0,0
PF205,20220218,20220218,133556000,13:35:56,7350,85642,115669,3129358680,8,0,292320
PF205,20220218,20220218,133556500,13:35:57,7350,85642,115669,3129358680,0,0,0
PF205,20220218,20220218,133557000,13:35:59,7350,85642,115669,3129358680,0,0,0
PF205,20220218,20220218,133558000,13:36:01,7352,85643,115669,3129395220,1,0,36540
PF205,20220218,20220218,133559500,13:36:03,7352,85643,115669,3129395220,0,0,0
PF205,20220218,20220218,133601500,13:36:03,7352,85663,115668,3130126020,20,-1,730800
PF205,20220218,20220218,133602000,13:36:03,7352,85664,115668,3130162560,1,0,36540
PF205,20220218,20220218,133602500,13:36:03,7352,85664,115668,3130162560,0,0,0
PF205,20220218,20220218,133603000,13:36:05,7352,85665,115668,3130199100,1,0,36540
PF205,20220218,20220218,133603500,13:36:05,7350,85672,115668,3130454880,7,0,255780
PF205,20220218,20220218,133604000,13:36:06,7352,85674,115668,3130527960,2,0,73080
PF205,20220218,20220218,133605000,13:36:06,7352,85675,115667,3130564500,1,-1,36540
PF205,20220218,20220218,133606000,13:36:07,7350,85679,115663,3130710660,4,-4,146160
PF205,20220218,20220218,133606500,13:36:07,7350,85780,115608,3134401200,101,-55,3690540
PF205,20220218,20220218,133607000,13:36:08,7350,85783,115608,3134510820,3,0,109620
PF205,20220218,20220218,133607500,13:36:08,7350,85784,115609,3134547360,1,1,36540
PF205,20220218,20220218,133608000,13:36:08,7350,85785,115609,3134583900,1,0,36540
PF205,20220218,20220218,133608500,13:36:08,7350,85786,115609,3134620440,1,0,36540
PF205,20220218,20220218,133609000,13:36:09,7350,85786,115609,3134620440,0,0,0
PF205,20220218,20220218,133610000,13:36:10,7350,85808,115624,3135424320,22,15,803880
PF205,20220218,20220218,133610500,13:36:11,7350,85808,115624,3135424320,0,0,0
PF205,20220218,20220218,133611000,13:36:12,7348,85809,115624,3135460860,1,0,36540
PF205,20220218,20220218,133611500,13:36:12,7348,85814,115624,3135643560,5,0,182700
PF205,20220218,20220218,133612000,13:36:12,7348,85825,115619,3136045500,11,-5,401940
PF205,20220218,20220218,133612500,13:36:12,7350,85827,115620,3136118580,2,1,73080
PF205,20220218,20220218,133613000,13:36:13,7350,85827,115620,3136118580,0,0,0
PF205,20220218,20220218,133613500,13:36:14,7348,85832,115620,3136301280,5,0,182700
PF205,20220218,20220218,133614500,13:36:14,7350,85833,115620,3136337820,1,0,36540
PF205,20220218,20220218,133615000,13:36:15,7348,85839,115620,3136557060,6,0,219240
PF205,20220218,20220218,133615500,13:36:15,7348,85841,115618,3136630140,2,-2,73080
PF205,20220218,20220218,133616000,13:36:16,7350,85843,115620,3136703220,2,2,73080
PF205,20220218,20220218,133616500,13:36:17,7348,85853,115619,3137068620,10,-1,365400
PF205,20220218,20220218,133617000,13:36:17,7350,85854,115619,3137105160,1,0,36540
PF205,20220218,20220218,133617500,13:36:19,7350,85860,115618,3137324400,6,-1,219240
PF205,20220218,20220218,133618000,13:36:19,7350,85862,115618,3137397480,2,0,73080
PF205,20220218,20220218,133618500,13:36:19,7352,85863,115617,3137434020,1,-1,36540
PF205,20220218,20220218,133619000,13:36:19,7352,85863,115617,3137434020,0,0,0
PF205,20220218,20220218,133619500,13:36:20,7352,85863,115617,3137434020,0,0,0
PF205,20220218,20220218,133620000,13:36:20,7352,85863,115617,3137434020,0,0,0
PF205,20220218,20220218,133620500,13:36:20,7352,85863,115617,3137434020,0,0,0
PF205,20220218,20220218,133621000,13:36:21,7352,85863,115617,3137434020,0,0,0
PF205,20220218,20220218,133622500,13:36:22,7350,85868,115621,3137616720,5,4,182700
PF205,20220218,20220218,133623000,13:36:23,7350,85869,115621,3137653260,1,0,36540
PF205,20220218,20220218,133623500,13:36:23,7350,85873,115623,3137799420,4,2,146160
PF205,20220218,20220218,133624000,13:36:24,7350,85873,115623,3137799420,0,0,0
PF205,20220218,20220218,133624500,13:36:24,7350,85873,115623,3137799420,0,0,0
PF205,20220218,20220218,133625000,13:36:25,7350,85875,115625,3137872500,2,2,73080
PF205,20220218,20220218,133625500,13:36:26,7350,85875,115625,3137872500,0,0,0
PF205,20220218,20220218,133626000,13:36:26,7350,85875,115625,3137872500,0,0,0
PF205,20220218,20220218,133626500,13:36:27,7350,85879,115629,3138018660,4,4,146160
PF205,20220218,20220218,133629000,13:36:30,7350,85879,115629,3138018660,0,0,0
PF205,20220218,20220218,133630000,13:36:30,7350,85904,115647,3138932160,25,18,913500
PF205,20220218,20220218,133630500,13:36:31,7350,85906,115647,3139005240,2,0,73080
PF205,20220218,20220218,133631000,13:36:31,7350,85909,115646,3139114860,3,-1,109620
PF205,20220218,20220218,133632500,13:36:32,7352,85914,115651,3139297560,5,5,182700
PF205,20220218,20220218,133633000,13:36:33,7352,85914,115651,3139297560,0,0,0
PF205,20220218,20220218,133633500,13:36:33,7352,85915,115650,3139334100,1,-1,36540
PF205,20220218,20220218,133634000,13:36:34,7352,85915,115650,3139334100,0,0,0
PF205,20220218,20220218,133635000,13:36:35,7352,85915,115650,3139334100,0,0,0
PF205,20220218,20220218,133635500,13:36:36,7352,85917,115652,3139407180,2,2,73080
PF205,20220218,20220218,133636000,13:36:36,7352,85918,115652,3139443720,1,0,36540
PF205,20220218,20220218,133636500,13:36:36,7352,85919,115651,3139480260,1,-1,36540
PF205,20220218,20220218,133637500,13:36:38,7350,85933,115655,3139991820,14,4,511560
PF205,20220218,20220218,133638000,13:36:38,7350,85933,115655,3139991820,0,0,0
PF205,20220218,20220218,133638500,13:36:39,7354,85955,115655,3140795700,22,0,803880
PF205,20220218,20220218,133639000,13:36:39,7354,85955,115655,3140795700,0,0,0
PF205,20220218,20220218,133639500,13:36:40,7354,85955,115655,3140795700,0,0,0
PF205,20220218,20220218,133640000,13:36:40,7354,85955,115655,3140795700,0,0,0
PF205,20220218,20220218,133640500,13:36:40,7354,85955,115655,3140795700,0,0,0
PF205,20220218,20220218,133641500,13:36:41,7352,85957,115655,3140868780,2,0,73080
PF205,20220218,20220218,133642500,13:36:43,7354,85959,115654,3140941860,2,-1,73080
PF205,20220218,20220218,133644500,13:36:44,7354,85959,115654,3140941860,0,0,0
PF205,20220218,20220218,133645000,13:36:45,7354,85959,115654,3140941860,0,0,0
PF205,20220218,20220218,133645500,13:36:46,7354,86016,115658,3143024640,57,4,2082780
PF205,20220218,20220218,133646000,13:36:46,7352,86022,115662,3143243880,6,4,219240
PF205,20220218,20220218,133646500,13:36:46,7352,86022,115662,3143243880,0,0,0
PF205,20220218,20220218,133647000,13:36:47,7354,86025,115660,3143353500,3,-2,109620
PF205,20220218,20220218,133647500,13:36:48,7354,86025,115660,3143353500,0,0,0
PF205,20220218,20220218,133648000,13:36:48,7354,86025,115660,3143353500,0,0,0
PF205,20220218,20220218,133648500,13:36:49,7354,86025,115660,3143353500,0,0,0
PF205,20220218,20220218,133649000,13:36:49,7354,86027,115659,3143426580,2,-1,73080
PF205,20220218,20220218,133649500,13:36:49,7356,86028,115658,3143463120,1,-1,36540
PF205,20220218,20220218,133651000,13:36:51,7356,86028,115658,3143463120,0,0,0
PF205,20220218,20220218,133651500,13:36:51,7356,86029,115659,3143499660,1,1,36540
PF205,20220218,20220218,133652500,13:36:53,7356,86029,115659,3143499660,0,0,0
PF205,20220218,20220218,133653500,13:36:54,7354,86037,115664,3143791980,8,5,292320
PF205,20220218,20220218,133655500,13:36:56,7354,86081,115661,3145399740,44,-3,1607760
PF205,20220218,20220218,133656000,13:36:56,7354,86081,115661,3145399740,0,0,0
PF205,20220218,20220218,133657000,13:36:58,7354,86083,115661,3145472820,2,0,73080
PF205,20220218,20220218,133657500,13:36:58,7354,86083,115661,3145472820,0,0,0
PF205,20220218,20220218,133658000,13:36:58,7354,86083,115661,3145472820,0,0,0
PF205,20220218,20220218,133658500,13:36:59,7354,86083,115661,3145472820,0,0,0
PF205,20220218,20220218,133659500,13:36:59,7354,86083,115661,3145472820,0,0,0
PF205,20220218,20220218,133700000,13:37:00,7354,86083,115661,3145472820,0,0,0
PF205,20220218,20220218,133700500,13:37:00,7356,86093,115659,3145838220,10,-2,365400
PF205,20220218,20220218,133701000,13:37:01,7356,86094,115658,3145874760,1,-1,36540
PF205,20220218,20220218,133701500,13:37:02,7356,86098,115658,3146020920,4,0,146160
PF205,20220218,20220218,133702000,13:37:02,7356,86098,115658,3146020920,0,0,0
PF205,20220218,20220218,133702500,13:37:03,7356,86111,115651,3146495940,13,-7,475020
PF205,20220218,20220218,133703000,13:37:03,7356,86111,115651,3146495940,0,0,0
PF205,20220218,20220218,133703500,13:37:03,7356,86111,115651,3146495940,0,0,0
PF205,20220218,20220218,133705000,13:37:05,7356,86111,115651,3146495940,0,0,0
PF205,20220218,20220218,133705500,13:37:07,7354,86112,115652,3146532480,1,1,36540
PF205,20220218,20220218,133707000,13:37:08,7356,86114,115651,3146605560,2,-1,73080
PF205,20220218,20220218,133708000,13:37:08,7354,86119,115656,3146788260,5,5,182700
PF205,20220218,20220218,133708500,13:37:08,7356,86123,115655,3146934420,4,-1,146160
PF205,20220218,20220218,133709500,13:37:10,7354,86124,115656,3146970960,1,1,36540
PF205,20220218,20220218,133710000,13:37:11,7356,86125,115656,3147007500,1,0,36540
PF205,20220218,20220218,133710500,13:37:11,7356,86131,115657,3147226740,6,1,219240
PF205,20220218,20220218,133711000,13:37:11,7356,86140,115662,3147555600,9,5,328860
PF205,20220218,20220218,133711500,13:37:13,7354,86142,115664,3147628680,2,2,73080
PF205,20220218,20220218,133712000,13:37:13,7354,86145,115661,3147738300,3,-3,109620
PF205,20220218,20220218,133712500,13:37:13,7354,86146,115662,3147774840,1,1,36540
PF205,20220218,20220218,133713000,13:37:13,7354,86147,115663,3147811380,1,1,36540
PF205,20220218,20220218,133713500,13:37:14,7354,86147,115663,3147811380,0,0,0
PF205,20220218,20220218,133715000,13:37:15,7354,86149,115661,3147884460,2,-2,73080
PF205,20220218,20220218,133715500,13:37:16,7354,86166,115653,3148505640,17,-8,621180
PF205,20220218,20220218,133716000,13:37:16,7354,86166,115653,3148505640,0,0,0
PF205,20220218,20220218,133717500,13:37:18,7354,86183,115654,3149126820,17,1,621180
PF205,20220218,20220218,133718000,13:37:18,7354,86185,115654,3149199900,2,0,73080
PF205,20220218,20220218,133719000,13:37:19,7352,86195,115654,3149565300,10,0,365400
PF205,20220218,20220218,133719500,13:37:20,7352,86196,115655,3149601840,1,1,36540
PF205,20220218,20220218,133720000,13:37:21,7352,86196,115655,3149601840,0,0,0
PF205,20220218,20220218,133720500,13:37:21,7352,86197,115655,3149638380,1,0,36540
PF205,20220218,20220218,133721000,13:37:21,7352,86213,115642,3150223020,16,-13,584640
PF205,20220218,20220218,133721500,13:37:21,7352,86213,115642,3150223020,0,0,0
PF205,20220218,20220218,133723000,13:37:23,7354,86215,115642,3150296100,2,0,73080
PF205,20220218,20220218,133723500,13:37:23,7350,86217,115644,3150369180,2,2,73080
PF205,20220218,20220218,133724000,13:37:24,7352,86241,115650,3151246140,24,6,876960
PF205,20220218,20220218,133724500,13:37:25,7352,86247,115652,3151465380,6,2,219240
PF205,20220218,20220218,133725000,13:37:25,7352,86251,115654,3151611540,4,2,146160
PF205,20220218,20220218,133725500,13:37:26,7352,86252,115653,3151648080,1,-1,36540
PF205,20220218,20220218,133726000,13:37:26,7352,86252,115653,3151648080,0,0,0
PF205,20220218,20220218,133726500,13:37:27,7350,86267,115657,3152196180,15,4,548100
PF205,20220218,20220218,133727000,13:37:27,7352,86268,115657,3152232720,1,0,36540
PF205,20220218,20220218,133727500,13:37:27,7352,86268,115657,3152232720,0,0,0
PF205,20220218,20220218,133728000,13:37:28,7352,86268,115657,3152232720,0,0,0
PF205,20220218,20220218,133728500,13:37:29,7352,86268,115657,3152232720,0,0,0
PF205,20220218,20220218,133729000,13:37:29,7350,86291,115643,3153073140,23,-14,840420
PF205,20220218,20220218,133729500,13:37:30,7350,86294,115643,3153182760,3,0,109620
PF205,20220218,20220218,133730000,13:37:30,7352,86296,115643,3153255840,2,0,73080
PF205,20220218,20220218,133730500,13:37:31,7350,86300,115642,3153402000,4,-1,146160
PF205,20220218,20220218,133731000,13:37:31,7350,86300,115642,3153402000,0,0,0
PF205,20220218,20220218,133731500,13:37:31,7350,86300,115642,3153402000,0,0,0
PF205,20220218,20220218,133732000,13:37:32,7352,86320,115657,3154132800,20,15,730800
PF205,20220218,20220218,133732500,13:37:33,7352,86336,115657,3154717440,16,0,584640
PF205,20220218,20220218,133733500,13:37:33,7352,86352,115656,3155302080,16,-1,584640
PF205,20220218,20220218,133734000,13:37:34,7352,86362,115654,3155667480,10,-2,365400
PF205,20220218,20220218,133735000,13:37:35,7352,86362,115654,3155667480,0,0,0
PF205,20220218,20220218,133735500,13:37:36,7354,86363,115654,3155704020,1,0,36540
PF205,20220218,20220218,133736000,13:37:36,7354,86363,115654,3155704020,0,0,0
PF205,20220218,20220218,133736500,13:37:37,7354,86363,115654,3155704020,0,0,0
PF205,20220218,20220218,133738500,13:37:39,7354,86363,115654,3155704020,0,0,0
PF205,20220218,20220218,133739000,13:37:39,7352,86368,115651,3155886720,5,-3,182700
PF205,20220218,20220218,133740000,13:37:40,7354,86423,115651,3157896420,55,0,2009700
PF205,20220218,20220218,133740500,13:37:40,7354,86423,115651,3157896420,0,0,0
PF205,20220218,20220218,133741000,13:37:41,7354,86423,115651,3157896420,0,0,0
PF205,20220218,20220218,133741500,13:37:41,7354,86441,115664,3158554140,18,13,657720
PF205,20220218,20220218,133742000,13:37:42,7354,86448,115669,3158809920,7,5,255780
PF205,20220218,20220218,133742500,13:37:43,7356,86451,115670,3158919540,3,1,109620
PF205,20220218,20220218,133743000,13:37:43,7356,86451,115670,3158919540,0,0,0
PF205,20220218,20220218,133745000,13:37:45,7356,86451,115670,3158919540,0,0,0
PF205,20220218,20220218,133745500,13:37:45,7356,86451,115670,3158919540,0,0,0
PF205,20220218,20220218,133747000,13:37:47,7356,86455,115670,3159065700,4,0,146160
PF205,20220218,20220218,133749500,13:37:49,7354,86458,115673,3159175320,3,3,109620
PF205,20220218,20220218,133750000,13:37:50,7354,86458,115673,3159175320,0,0,0
PF205,20220218,20220218,133750500,13:37:51,7354,86469,115684,3159577260,11,11,401940
PF205,20220218,20220218,133751000,13:37:51,7354,86470,115684,3159613800,1,0,36540
PF205,20220218,20220218,133751500,13:37:53,7354,86471,115684,3159650340,1,0,36540
PF205,20220218,20220218,133752000,13:37:53,7354,86478,115690,3159906120,7,6,255780
PF205,20220218,20220218,133752500,13:37:54,7354,86478,115690,3159906120,0,0,0
PF205,20220218,20220218,133753000,13:37:54,7354,86478,115690,3159906120,0,0,0
PF205,20220218,20220218,133753500,13:37:54,7354,86478,115690,3159906120,0,0,0
PF205,20220218,20220218,133754000,13:37:55,7354,86478,115690,3159906120,0,0,0
PF205,20220218,20220218,133754500,13:37:55,7354,86478,115690,3159906120,0,0,0
PF205,20220218,20220218,133755000,13:37:55,7358,86565,115691,3163085100,87,1,3178980
PF205,20220218,20220218,133755500,13:37:55,7354,86582,115686,3163706280,17,-5,621180
PF205,20220218,20220218,133756000,13:37:56,7354,86589,115684,3163962060,7,-2,255780
PF205,20220218,20220218,133756500,13:37:57,7354,86589,115684,3163962060,0,0,0
PF205,20220218,20220218,133757000,13:37:57,7354,86589,115684,3163962060,0,0,0
PF205,20220218,20220218,133757500,13:37:58,7354,86591,115686,3164035140,2,2,73080
PF205,20220218,20220218,133759000,13:38:00,7354,86594,115689,3164144760,3,3,109620
PF205,20220218,20220218,133759500,13:38:00,7354,86599,115694,3164327460,5,5,182700
PF205,20220218,20220218,133800000,13:38:02,7356,86600,115694,3164364000,1,0,36540
PF205,20220218,20220218,133800500,13:38:02,7354,86607,115690,3164619780,7,-4,255780
PF205,20220218,20220218,133801000,13:38:02,7354,86607,115690,3164619780,0,0,0
PF205,20220218,20220218,133802000,13:38:03,7356,86621,115693,3165131340,14,3,511560
PF205,20220218,20220218,133802500,13:38:05,7356,86622,115694,3165167880,1,1,36540
PF205,20220218,20220218,133803000,13:38:06,7356,86627,115694,3165350580,5,0,182700
PF205,20220218,20220218,133803500,13:38:06,7356,86628,115695,3165387120,1,1,36540
PF205,20220218,20220218,133805000,13:38:06,7356,86628,115695,3165387120,0,0,0
PF205,20220218,20220218,133806500,13:38:09,7358,86638,115703,3165752520,10,8,365400
PF205,20220218,20220218,133807000,13:38:09,7356,86643,115708,3165935220,5,5,182700
PF205,20220218,20220218,133809000,13:38:09,7356,86653,115715,3166300620,10,7,365400
PF205,20220218,20220218,133810500,13:38:10,7356,86656,115718,3166410240,3,3,109620
PF205,20220218,20220218,133811000,13:38:14,7358,86658,115718,3166483320,2,0,73080
PF205,20220218,20220218,133811500,13:38:14,7356,86659,115718,3166519860,1,0,36540
PF205,20220218,20220218,133812000,13:38:14,7356,86668,115727,3166848720,9,9,328860
PF205,20220218,20220218,133812500,13:38:14,7356,86668,115727,3166848720,0,0,0
PF205,20220218,20220218,133815000,13:38:17,7358,86669,115728,3166885260,1,1,36540
PF205,20220218,20220218,133815500,13:38:17,7356,86674,115733,3167067960,5,5,182700
PF205,20220218,20220218,133817000,13:38:18,7358,86699,115758,3167981460,25,25,913500
PF205,20220218,20220218,133817500,13:38:18,7360,86947,115924,3177043380,248,166,9061920
PF205,20220218,20220218,133818000,13:38:18,7360,86967,115935,3177774180,20,11,730800
PF205,20220218,20220218,133818500,13:38:19,7362,86968,115935,3177810720,1,0,36540
PF205,20220218,20220218,133819000,13:38:19,7360,86972,115935,3177956880,4,0,146160
PF205,20220218,20220218,133819500,13:38:19,7358,86982,115934,3178322280,10,-1,365400
PF205,20220218,20220218,133820000,13:38:22,7358,86982,115934,3178322280,0,0,0
PF205,20220218,20220218,133820500,13:38:22,7362,86990,115935,3178614600,8,1,292320
PF205,20220218,20220218,133821000,13:38:22,7362,86990,115935,3178614600,0,0,0
PF205,20220218,20220218,133821500,13:38:22,7362,86990,115935,3178614600,0,0,0
PF205,20220218,20220218,133822500,13:38:23,7362,87010,115948,3179345400,20,13,730800
PF205,20220218,20220218,133823000,13:38:24,7362,87016,115952,3179564640,6,4,219240
PF205,20220218,20220218,133824000,13:38:24,7362,87041,115964,3180478140,25,12,913500
PF205,20220218,20220218,133824500,13:38:40,7362,87059,115962,3181135860,18,-2,657720
PF205,20220218,20220218,133825000,13:38:41,7364,87061,115962,3181208940,2,0,73080
PF205,20220218,20220218,133825500,13:38:41,7364,87088,115959,3182195520,27,-3,986580
PF205,20220218,20220218,133840500,13:38:42,7362,87237,115946,3187639980,149,-13,5444460
PF205,20220218,20220218,133841000,13:38:43,7364,87245,115946,3187932300,8,0,292320
PF205,20220218,20220218,133842000,13:38:43,7362,87254,115942,3188261160,9,-4,328860
PF205,20220218,20220218,133842500,13:38:43,7362,87254,115942,3188261160,0,0,0
PF205,20220218,20220218,133843500,13:38:44,7362,87254,115942,3188261160,0,0,0
PF205,20220218,20220218,133844000,13:38:44,7362,87256,115940,3188334240,2,-2,73080
PF205,20220218,20220218,133846000,13:38:46,7362,87258,115938,3188407320,2,-2,73080
PF205,20220218,20220218,133848000,13:38:48,7364,87261,115937,3188516940,3,-1,109620
PF205,20220218,20220218,133850000,13:38:50,7362,87263,115937,3188590020,2,0,73080
PF205,20220218,20220218,133854000,13:38:54,7364,87264,115937,3188626560,1,0,36540
PF205,20220218,20220218,133856500,13:38:56,7364,87270,115941,3188845800,6,4,219240
PF205,20220218,20220218,133857000,13:38:57,7364,87271,115941,3188882340,1,0,36540
PF205,20220218,20220218,133859500,13:38:59,7364,87278,115941,3189138120,7,0,255780
PF205,20220218,20220218,133901000,13:39:01,7364,87285,115937,3189393900,7,-4,255780
PF205,20220218,20220218,133902500,13:39:02,7364,87291,115940,3189613140,6,3,219240
PF205,20220218,20220218,133906000,13:39:06,7364,87291,115940,3189613140,0,0,0
PF205,20220218,20220218,133907500,13:39:07,7364,87291,115940,3189613140,0,0,0
PF205,20220218,20220218,133908500,13:39:08,7362,87293,115938,3189686220,2,-2,73080
PF205,20220218,20220218,133910000,13:39:10,7366,87301,115932,3189978540,8,-6,292320
PF205,20220218,20220218,133911500,13:39:11,7366,87301,115932,3189978540,0,0,0
PF205,20220218,20220218,133913500,13:39:13,7368,87316,115922,3190526640,15,-10,548100
PF205,20220218,20220218,133914000,13:39:15,7368,87348,115932,3191695920,32,10,1169280
PF205,20220218,20220218,133914500,13:39:16,7366,87422,115931,3194399880,74,-1,2703960
PF205,20220218,20220218,133915500,13:39:19,7366,87422,115931,3194399880,0,0,0
PF205,20220218,20220218,133916000,13:39:19,7368,87450,115945,3195423000,28,14,1023120
PF205,20220218,20220218,133918500,13:39:19,7368,87462,115937,3195861480,12,-8,438480
PF205,20220218,20220218,133920000,13:39:20,7368,87471,115928,3196190340,9,-9,328860
PF205,20220218,20220218,133921000,13:39:21,7366,87475,115925,3196336500,4,-3,146160
PF205,20220218,20220218,133922500,13:39:23,7368,87480,115925,3196519200,5,0,182700
PF205,20220218,20220218,133924000,13:39:24,7366,87488,115926,3196811520,8,1,292320
PF205,20220218,20220218,133924500,13:39:24,7370,87489,115927,3196848060,1,1,36540
PF205,20220218,20220218,133925000,13:39:25,7368,87490,115928,3196884600,1,1,36540
PF205,20220218,20220218,133928000,13:39:28,7370,87491,115927,3196921140,1,-1,36540
PF205,20220218,20220218,133929000,13:39:29,7370,87493,115925,3196994220,2,-2,73080
PF205,20220218,20220218,133931000,13:39:31,7370,87496,115923,3197103840,3,-2,109620
PF205,20220218,20220218,133933500,13:39:33,7370,87496,115923,3197103840,0,0,0
PF205,20220218,20220218,133934500,13:39:34,7366,87500,115924,3197250000,4,1,146160
PF205,20220218,20220218,133936000,13:39:36,7368,87501,115924,3197286540,1,0,36540
PF205,20220218,20220218,133938000,13:39:38,7368,87501,115924,3197286540,0,0,0
PF205,20220218,20220218,133938500,13:39:38,7368,87506,115927,3197469240,5,3,182700
PF205,20220218,20220218,133939500,13:39:39,7368,87507,115927,3197505780,1,0,36540
PF205,20220218,20220218,133940000,13:39:40,7368,87510,115927,3197615400,3,0,109620
PF205,20220218,20220218,133941000,13:39:41,7368,87510,115927,3197615400,0,0,0
PF205,20220218,20220218,133943500,13:39:43,7368,87516,115928,3197834640,6,1,219240
PF205,20220218,20220218,133944500,13:39:44,7368,87518,115930,3197907720,2,2,73080
PF205,20220218,20220218,133945000,13:39:45,7368,87526,115932,3198200040,8,2,292320
PF205,20220218,20220218,133945500,13:39:46,7370,87566,115960,3199661640,40,28,1461600
PF205,20220218,20220218,133946000,13:39:47,7366,87731,115967,3206568050,165,7,6906410
PF205,20220218,20220218,133946500,13:39:47,7368,87742,115974,3206970100,11,7,402050
PF205,20220218,20220218,133947000,13:39:47,7368,87749,115979,3207225950,7,5,255850
PF205,20220218,20220218,133947500,13:39:47,7368,87753,115975,3207372150,4,-4,146200
PF205,20220218,20220218,133948000,13:39:48,7366,87759,115974,3207591450,6,-1,219300
PF205,20220218,20220218,133948500,13:39:48,7368,87761,115974,3207664550,2,0,73100
PF205,20220218,20220218,133949000,13:39:49,7366,87768,115974,3207920400,7,0,255850
PF205,20220218,20220218,133949500,13:39:50,7366,87768,115974,3207920400,0,0,0
PF205,20220218,20220218,133950000,13:39:50,7366,87768,115974,3207920400,0,0,0
PF205,20220218,20220218,133951000,13:39:51,7366,87771,115971,3208030050,3,-3,109650
PF205,20220218,20220218,133951500,13:39:51,7368,87772,115971,3208066600,1,0,36550
PF205,20220218,20220218,133952500,13:39:53,7366,87784,115961,3208505200,12,-10,438600
PF205,20220218,20220218,133953000,13:39:54,7366,87785,115961,3208541750,1,0,36550
PF205,20220218,20220218,133953500,13:39:54,7366,87785,115961,3208541750,0,0,0
PF205,20220218,20220218,133954500,13:39:55,7368,87832,115963,3210259600,47,2,1717850
PF205,20220218,20220218,133955000,13:39:55,7368,87848,115963,3210844400,16,0,584800
PF205,20220218,20220218,133955500,13:39:55,7368,87929,116015,3213804950,81,52,2960550
PF205,20220218,20220218,133956000,13:39:56,7368,87929,116015,3213804950,0,0,0
PF205,20220218,20220218,133956500,13:39:57,7368,87931,116017,3213878050,2,2,73100
PF205,20220218,20220218,133957500,13:40:13,7368,87931,116017,3213878050,0,0,0
PF205,20220218,20220218,133958000,13:40:13,7370,87933,116017,3213951150,2,0,73100
PF205,20220218,20220218,134011500,13:40:13,7366,87977,116011,3215559350,44,-6,1608200
PF205,20220218,20220218,134014000,13:40:14,7364,87982,116010,3215742100,5,-1,182750
PF205,20220218,20220218,134014500,13:40:16,7364,87986,116010,3215888300,4,0,146200
PF205,20220218,20220218,134015000,13:40:16,7364,87986,116010,3215888300,0,0,0
PF205,20220218,20220218,134015500,13:40:16,7364,87986,116010,3215888300,0,0,0
PF205,20220218,20220218,134016000,13:40:16,7364,87986,116010,3215888300,0,0,0
PF205,20220218,20220218,134017000,13:40:17,7364,87989,116012,3215997950,3,2,109650
PF205,20220218,20220218,134017500,13:40:18,7364,87989,116012,3215997950,0,0,0
PF205,20220218,20220218,134018000,13:40:18,7364,87992,116011,3216107600,3,-1,109650
PF205,20220218,20220218,134018500,13:40:19,7364,87992,116011,3216107600,0,0,0
PF205,20220218,20220218,134019000,13:40:19,7364,88002,116004,3216473100,10,-7,365500
PF205,20220218,20220218,134019500,13:40:20,7364,88003,116003,3216509650,1,-1,36550
PF205,20220218,20220218,134020000,13:40:20,7364,88006,116000,3216619300,3,-3,109650
PF205,20220218,20220218,134020500,13:40:21,7364,88011,115995,3216802050,5,-5,182750
PF205,20220218,20220218,134021000,13:40:21,7364,88011,115995,3216802050,0,0,0
PF205,20220218,20220218,134021500,13:40:22,7364,88012,115994,3216838600,1,-1,36550
PF205,20220218,20220218,134022000,13:40:22,7364,88015,115995,3216948250,3,1,109650
PF205,20220218,20220218,134022500,13:40:23,7366,88016,115996,3216984800,1,1,36550
PF205,20220218,20220218,134023000,13:40:23,7364,88017,115995,3217021350,1,-1,36550
PF205,20220218,20220218,134023500,13:40:23,7364,88028,115985,3217423400,11,-10,402050
PF205,20220218,20220218,134024000,13:40:24,7364,88028,115985,3217423400,0,0,0
PF205,20220218,20220218,134024500,13:40:25,7364,88028,115985,3217423400,0,0,0
PF205,20220218,20220218,134025500,13:40:26,7364,88029,115984,3217459950,1,-1,36550
PF205,20220218,20220218,134026000,13:40:26,7364,88029,115984,3217459950,0,0,0
PF205,20220218,20220218,134027000,13:40:27,7364,88030,115983,3217496500,1,-1,36550
PF205,20220218,20220218,134027500,13:40:28,7364,88031,115982,3217533050,1,-1,36550
PF205,20220218,20220218,134028500,13:40:29,7364,88031,115982,3217533050,0,0,0
PF205,20220218,20220218,134029000,13:40:30,7364,88031,115982,3217533050,0,0,0
PF205,20220218,20220218,134029500,13:40:30,7364,88032,115981,3217569600,1,-1,36550
PF205,20220218,20220218,134030000,13:40:30,7364,88032,115981,3217569600,0,0,0
PF205,20220218,20220218,134031500,13:40:32,7364,88032,115981,3217569600,0,0,0
PF205,20220218,20220218,134032000,13:40:32,7364,88042,115971,3217935100,10,-10,365500
PF205,20220218,20220218,134032500,13:40:32,7364,88042,115971,3217935100,0,0,0
PF205,20220218,20220218,134033000,13:40:33,7364,88044,115969,3218008200,2,-2,73100
PF205,20220218,20220218,134034500,13:40:35,7364,88044,115969,3218008200,0,0,0
PF205,20220218,20220218,134035500,13:40:36,7364,88058,115955,3218519900,14,-14,511700
PF205,20220218,20220218,134036000,13:40:36,7364,88061,115953,3218629550,3,-2,109650
PF205,20220218,20220218,134036500,13:40:36,7362,88062,115952,3218666100,1,-1,36550
PF205,20220218,20220218,134037000,13:40:37,7362,88063,115951,3218702650,1,-1,36550
PF205,20220218,20220218,134038000,13:40:38,7362,88063,115951,3218702650,0,0,0
PF205,20220218,20220218,134039000,13:40:40,7362,88063,115951,3218702650,0,0,0
PF205,20220218,20220218,134039500,13:40:40,7362,88063,115951,3218702650,0,0,0
PF205,20220218,20220218,134040000,13:40:41,7364,88064,115952,3218739200,1,1,36550
PF205,20220218,20220218,134041000,13:40:42,7364,88083,115966,3219433650,19,14,694450
PF205,20220218,20220218,134041500,13:40:42,7364,88085,115967,3219506750,2,1,73100
PF205,20220218,20220218,134042000,13:40:42,7364,88090,115970,3219689500,5,3,182750
PF205,20220218,20220218,134042500,13:40:42,7364,88090,115970,3219689500,0,0,0
PF205,20220218,20220218,134043000,13:40:43,7366,88092,115971,3219762600,2,1,73100
PF205,20220218,20220218,134043500,13:40:44,7366,88092,115971,3219762600,0,0,0
PF205,20220218,20220218,134044000,13:40:44,7366,88093,115972,3219799150,1,1,36550
PF205,20220218,20220218,134045000,13:40:45,7366,88094,115973,3219835700,1,1,36550
PF205,20220218,20220218,134045500,13:40:45,7366,88094,115973,3219835700,0,0,0
PF205,20220218,20220218,134046000,13:40:46,7366,88094,115973,3219835700,0,0,0
PF205,20220218,20220218,134046500,13:40:46,7366,88094,115973,3219835700,0,0,0
PF205,20220218,20220218,134047500,13:40:47,7366,88094,115973,3219835700,0,0,0
PF205,20220218,20220218,134048000,13:40:48,7366,88097,115976,3219945350,3,3,109650
PF205,20220218,20220218,134048500,13:40:48,7366,88097,115976,3219945350,0,0,0
PF205,20220218,20220218,134049000,13:40:49,7366,88097,115976,3219945350,0,0,0
PF205,20220218,20220218,134049500,13:40:49,7364,88108,115966,3220347400,11,-10,402050
PF205,20220218,20220218,134050000,13:40:50,7364,88109,115966,3220383950,1,0,36550
PF205,20220218,20220218,134050500,13:40:50,7364,88276,115899,3226487800,167,-67,6103850
PF205,20220218,20220218,134051500,13:40:55,7364,88276,115899,3226487800,0,0,0
PF205,20220218,20220218,134052000,13:40:55,7364,88277,115900,3226524350,1,1,36550
PF205,20220218,20220218,134052500,13:40:55,7364,88278,115900,3226560900,1,0,36550
PF205,20220218,20220218,134054500,13:40:55,7362,88289,115899,3226962950,11,-1,402050
PF205,20220218,20220218,134055500,13:40:57,7364,88297,115898,3227255350,8,-1,292400
PF205,20220218,20220218,134057000,13:40:58,7364,88299,115898,3227328450,2,0,73100
PF205,20220218,20220218,134057500,13:40:58,7362,88313,115890,3227840150,14,-8,511700
PF205,20220218,20220218,134058000,13:40:58,7362,88313,115890,3227840150,0,0,0
PF205,20220218,20220218,134059000,13:40:59,7360,88314,115890,3227876700,1,0,36550
PF205,20220218,20220218,134100500,13:41:00,7360,88317,115887,3227986350,3,-3,109650
PF205,20220218,20220218,134103000,13:41:04,7360,88322,115883,3228169100,5,-4,182750
PF205,20220218,20220218,134104000,13:41:05,7360,88322,115883,3228169100,0,0,0
PF205,20220218,20220218,134105000,13:41:06,7362,88323,115883,3228205650,1,0,36550
PF205,20220218,20220218,134105500,13:41:06,7362,88323,115883,3228205650,0,0,0
PF205,20220218,20220218,134107000,13:41:09,7362,88360,115846,3229558000,37,-37,1352350
PF205,20220218,20220218,134108000,13:41:09,7364,88363,115846,3229667650,3,0,109650
PF205,20220218,20220218,134108500,13:41:10,7364,88363,115846,3229667650,0,0,0
PF205,20220218,20220218,134109000,13:41:10,7364,88363,115846,3229667650,0,0,0
PF205,20220218,20220218,134109500,13:41:10,7364,88363,115846,3229667650,0,0,0
PF205,20220218,20220218,134111000,13:41:11,7364,88363,115846,3229667650,0,0,0
PF205,20220218,20220218,134111500,13:41:12,7364,88363,115846,3229667650,0,0,0
PF205,20220218,20220218,134112000,13:41:12,7364,88370,115851,3229923500,7,5,255850
PF205,20220218,20220218,134113000,13:41:13,7364,88387,115851,3230544850,17,0,621350
PF205,20220218,20220218,134113500,13:41:13,7364,88396,115850,3230873800,9,-1,328950
PF205,20220218,20220218,134114500,13:41:16,7364,88396,115850,3230873800,0,0,0
PF205,20220218,20220218,134115500,13:41:16,7366,88397,115850,3230910350,1,0,36550
PF205,20220218,20220218,134116500,13:41:17,7366,88397,115850,3230910350,0,0,0
PF205,20220218,20220218,134117000,13:41:17,7366,88397,115850,3230910350,0,0,0
PF205,20220218,20220218,134117500,13:41:18,7366,88398,115851,3230946900,1,1,36550
PF205,20220218,20220218,134118000,13:41:19,7366,88400,115853,3231020000,2,2,73100
PF205,20220218,20220218,134118500,13:41:19,7366,88400,115853,3231020000,0,0,0
PF205,20220218,20220218,134119500,13:41:20,7366,88400,115853,3231020000,0,0,0
PF205,20220218,20220218,134120000,13:41:20,7364,88401,115853,3231056550,1,0,36550
PF205,20220218,20220218,134120500,13:41:23,7364,88406,115858,3231239300,5,5,182750
PF205,20220218,20220218,134121000,13:41:23,7366,88416,115863,3231604800,10,5,365500
PF205,20220218,20220218,134121500,13:41:24,7366,88416,115863,3231604800,0,0,0
PF205,20220218,20220218,134123000,13:41:24,7366,88515,115838,3235223250,99,-25,3618450
PF205,20220218,20220218,134124000,13:41:24,7366,88517,115836,3235296350,2,-2,73100
PF205,20220218,20220218,134124500,13:41:26,7366,88519,115836,3235369450,2,0,73100
PF205,20220218,20220218,134127500,13:41:27,7366,88519,115836,3235369450,0,0,0
PF205,20220218,20220218,134128000,13:41:28,7366,88519,115836,3235369450,0,0,0
PF205,20220218,20220218,134128500,13:41:28,7364,88525,115834,3235588750,6,-2,219300
PF205,20220218,20220218,134129500,13:41:30,7366,88535,115834,3235954250,10,0,365500
PF205,20220218,20220218,134130000,13:41:30,7366,88535,115834,3235954250,0,0,0
PF205,20220218,20220218,134130500,13:41:31,7364,88537,115833,3236027350,2,-1,73100
PF205,20220218,20220218,134131000,13:41:31,7364,88538,115833,3236063900,1,0,36550
PF205,20220218,20220218,134132000,13:41:33,7364,88538,115833,3236063900,0,0,0
PF205,20220218,20220218,134132500,13:41:33,7366,88539,115833,3236100450,1,0,36550
PF205,20220218,20220218,134133500,13:41:34,7366,88539,115833,3236100450,0,0,0
