PF207,20220218,20220218,112003000,11:20:03,0,0,0,0,0,0,0
PF207,20220218,20220218,112002700,11:20:04,7414,1040,11642,38490400,1040,11642,38490400
PF207,20220218,20220218,112004500,11:20:09,7414,1040,11642,38490400,0,0,0
PF207,20220218,20220218,112005000,11:20:10,7414,1040,11642,38490400,0,0,0
PF207,20220218,20220218,112006000,11:20:10,7414,1040,11642,38490400,0,0,0
PF207,20220218,20220218,112006500,11:20:10,7414,1040,11642,38490400,0,0,0
PF207,20220218,20220218,112007000,11:20:10,7414,1040,11642,38490400,0,0,0
PF207,20220218,20220218,112007500,11:20:10,7414,1040,11642,38490400,0,0,0
PF207,20220218,20220218,112008000,11:20:10,7414,1040,11642,38490400,0,0,0
PF207,20220218,20220218,112011500,11:20:12,7414,1040,11642,38490400,0,0,0
PF207,20220218,20220218,112012000,11:20:12,7414,1040,11642,38490400,0,0,0
PF207,20220218,20220218,112016500,11:20:16,7414,1040,11642,38490400,0,0,0
PF207,20220218,20220218,112017000,11:20:17,7414,1040,11642,38490400,0,0,0
PF207,20220218,20220218,112018500,11:20:18,7414,1047,11639,38749470,7,-3,259070
PF207,20220218,20220218,112019000,11:20:19,7414,1047,11639,38749470,0,0,0
PF207,20220218,20220218,112019500,11:20:20,7414,1047,11639,38749470,0,0,0
PF207,20220218,20220218,112021500,11:20:21,7414,1047,11639,38749470,0,0,0
PF207,20220218,20220218,112030000,11:20:31,7414,1047,11639,38749470,0,0,0
PF207,20220218,20220218,112031000,11:20:32,7414,1047,11639,38749470,0,0,0
PF207,20220218,20220218,112031500,11:20:32,7414,1047,11639,38749470,0,0,0
PF207,20220218,20220218,112033500,11:20:33,7414,1047,11639,38749470,0,0,0
PF207,20220218,20220218,112034000,11:20:34,7414,1047,11639,38749470,0,0,0
PF207,20220218,20220218,112034500,11:20:35,7414,1047,11639,38749470,0,0,0
PF207,20220218,20220218,112038500,11:20:39,7414,1047,11639,38749470,0,0,0
PF207,20220218,20220218,112039000,11:20:39,7414,1047,11639,38749470,0,0,0
PF207,20220218,20220218,112044500,11:20:45,7414,1047,11639,38749470,0,0,0
PF207,20220218,20220218,112045000,11:20:45,7414,1047,11639,38749470,0,0,0
PF207,20220218,20220218,112045500,11:20:46,7414,1047,11639,38749470,0,0,0
PF207,20220218,20220218,112046000,11:20:46,7414,1047,11639,38749470,0,0,0
PF207,20220218,20220218,112051500,11:20:52,7414,1047,11639,38749470,0,0,0
PF207,20220218,20220218,112052000,11:20:53,7414,1048,11638,38786480,1,-1,37010
PF207,20220218,20220218,112052500,11:20:53,7414,1048,11638,38786480,0,0,0
PF207,20220218,20220218,112102500,11:21:03,7414,1048,11638,38786480,0,0,0
PF207,20220218,20220218,112103000,11:21:03,7414,1048,11638,38786480,0,0,0
PF207,20220218,20220218,112103500,11:21:04,7414,1048,11638,38786480,0,0,0
PF207,20220218,20220218,112106000,11:21:07,7414,1048,11638,38786480,0,0,0
PF207,20220218,20220218,112106500,11:21:08,7414,1048,11638,38786480,0,0,0
PF207,20220218,20220218,112109000,11:21:10,7414,1048,11638,38786480,0,0,0
PF207,20220218,20220218,112114500,11:21:14,7414,1048,11638,38786480,0,0,0
PF207,20220218,20220218,112115000,11:21:15,7414,1048,11638,38786480,0,0,0
PF207,20220218,20220218,112116500,11:21:17,7414,1048,11638,38786480,0,0,0
PF207,20220218,20220218,112117000,11:21:17,7414,1048,11638,38786480,0,0,0
PF207,20220218,20220218,112117500,11:21:18,7414,1048,11638,38786480,0,0,0
PF207,20220218,20220218,112118000,11:21:18,7414,1048,11638,38786480,0,0,0
PF207,20220218,20220218,112120500,11:21:22,7414,1048,11638,38786480,0,0,0
PF207,20220218,20220218,112121000,11:21:22,7414,1048,11638,38786480,0,0,0
PF207,20220218,20220218,112121500,11:21:22,7414,1048,11638,38786480,0,0,0
PF207,20220218,20220218,112122000,11:21:22,7414,1048,11638,38786480,0,0,0
PF207,20220218,20220218,112123500,11:21:24,7414,1048,11638,38786480,0,0,0
PF207,20220218,20220218,112124000,11:21:24,7414,1048,11638,38786480,0,0,0
PF207,20220218,20220218,112125500,11:23:32,7414,1049,11637,38823490,1,-1,37010
PF207,20220218,20220218,112330500,11:23:33,7414,1049,11637,38823490,0,0,0
PF207,20220218,20220218,112341500,11:23:42,7414,1049,11637,38823490,0,0,0
PF207,20220218,20220218,112343500,11:23:43,7414,1049,11637,38823490,0,0,0
PF207,20220218,20220218,112344000,11:23:48,7414,1049,11637,38823490,0,0,0
PF207,20220218,20220218,112347000,11:23:48,7414,1049,11637,38823490,0,0,0
PF207,20220218,20220218,112349000,11:23:49,7414,1049,11637,38823490,0,0,0
PF207,20220218,20220218,112349500,11:23:50,7414,1049,11637,38823490,0,0,0
PF207,20220218,20220218,112350000,11:23:50,7414,1049,11637,38823490,0,0,0
PF207,20220218,20220218,112356500,11:23:56,7414,1049,11637,38823490,0,0,0
PF207,20220218,20220218,112401500,11:24:01,7414,1049,11637,38823490,0,0,0
PF207,20220218,20220218,112402000,11:24:02,7414,1049,11637,38823490,0,0,0
PF207,20220218,20220218,112403000,11:24:03,7414,1049,11637,38823490,0,0,0
PF207,20220218,20220218,112411500,11:24:12,7414,1049,11637,38823490,0,0,0
PF207,20220218,20220218,112412500,11:24:13,7414,1049,11637,38823490,0,0,0
PF207,20220218,20220218,112413000,11:24:14,7414,1049,11637,38823490,0,0,0
PF207,20220218,20220218,112418500,11:24:19,7414,1049,11637,38823490,0,0,0
PF207,20220218,20220218,112419500,11:24:20,7414,1049,11637,38823490,0,0,0
PF207,20220218,20220218,112420000,11:24:20,7414,1049,11637,38823490,0,0,0
PF207,20220218,20220218,112421000,11:24:21,7414,1049,11637,38823490,0,0,0
PF207,20220218,20220218,112429500,11:24:30,7414,1049,11637,38823490,0,0,0
PF207,20220218,20220218,112430000,11:24:30,7414,1049,11637,38823490,0,0,0
PF207,20220218,20220218,112430500,11:24:30,7414,1049,11637,38823490,0,0,0
PF207,20220218,20220218,112443000,11:24:43,7414,1191,11638,44090820,142,1,5267330
PF207,20220218,20220218,112443500,11:24:43,7414,1191,11638,44090820,0,0,0
PF207,20220218,20220218,112454500,11:24:54,7414,1193,11637,44164860,2,-1,74040
PF207,20220218,20220218,112457000,11:24:57,7414,1193,11637,44164860,0,0,0
PF207,20220218,20220218,112459000,11:24:59,7414,1193,11637,44164860,0,0,0
PF207,20220218,20220218,112459500,11:25:00,7414,1193,11637,44164860,0,0,0
PF207,20220218,20220218,112500500,11:25:01,7414,1193,11637,44164860,0,0,0
PF207,20220218,20220218,112501500,11:25:05,7414,1193,11637,44164860,0,0,0
PF207,20220218,20220218,112504500,11:25:06,7414,1193,11637,44164860,0,0,0
PF207,20220218,20220218,112505500,11:25:06,7414,1193,11637,44164860,0,0,0
PF207,20220218,20220218,112506000,11:25:07,7414,1193,11637,44164860,0,0,0
PF207,20220218,20220218,112508500,11:25:09,7414,1193,11637,44164860,0,0,0
PF207,20220218,20220218,112509000,11:25:09,7414,1193,11637,44164860,0,0,0
PF207,20220218,20220218,112509500,11:25:09,7414,1193,11637,44164860,0,0,0
PF207,20220218,20220218,112510500,11:25:10,7414,1193,11637,44164860,0,0,0
PF207,20220218,20220218,112511000,11:25:11,7414,1193,11637,44164860,0,0,0
PF207,20220218,20220218,112523000,11:25:23,7414,1193,11637,44164860,0,0,0
PF207,20220218,20220218,112523500,11:25:24,7414,1193,11637,44164860,0,0,0
PF207,20220218,20220218,112525000,11:25:25,7414,1193,11637,44164860,0,0,0
PF207,20220218,20220218,112525500,11:25:26,7414,1193,11637,44164860,0,0,0
PF207,20220218,20220218,112526500,11:25:27,7414,1193,11637,44164860,0,0,0
PF207,20220218,20220218,112528000,11:25:28,7414,1193,11637,44164860,0,0,0
PF207,20220218,20220218,112528500,11:25:28,7414,1193,11637,44164860,0,0,0
PF207,20220218,20220218,112529500,11:25:30,7414,1193,11637,44164860,0,0,0
PF207,20220218,20220218,112530000,11:25:31,7414,1193,11637,44164860,0,0,0
PF207,20220218,20220218,112530500,11:25:31,7414,1207,11630,44683140,14,-7,518280
PF207,20220218,20220218,112531000,11:25:31,7414,1221,11627,45201420,14,-3,518280
PF207,20220218,20220218,112531500,11:25:32,7414,1223,11627,45275460,2,0,74040
PF207,20220218,20220218,112532000,11:25:32,7414,1223,11627,45275460,0,0,0
PF207,20220218,20220218,112533000,11:25:33,7414,1223,11627,45275460,0,0,0
PF207,20220218,20220218,112533500,11:25:33,7414,1223,11627,45275460,0,0,0
PF207,20220218,20220218,112536000,11:25:37,7414,1223,11627,45275460,0,0,0
PF207,20220218,20220218,112541500,11:25:41,7414,1223,11627,45275460,0,0,0
PF207,20220218,20220218,112542000,11:25:42,7414,1223,11627,45275460,0,0,0
PF207,20220218,20220218,112542500,11:25:43,7414,1223,11627,45275460,0,0,0
PF207,20220218,20220218,112543000,11:25:43,7414,1223,11627,45275460,0,0,0
PF207,20220218,20220218,112543500,11:25:43,7414,1223,11627,45275460,0,0,0
PF207,20220218,20220218,112544000,11:25:44,7414,1223,11627,45275460,0,0,0
PF207,20220218,20220218,112544500,11:25:44,7416,1224,11628,45312480,1,1,37020
PF207,20220218,20220218,112545000,11:25:45,7416,1224,11628,45312480,0,0,0
PF207,20220218,20220218,112546000,11:25:47,7416,1224,11628,45312480,0,0,0
PF207,20220218,20220218,112547500,11:25:48,7416,1224,11628,45312480,0,0,0
PF207,20220218,20220218,112553500,11:25:54,7416,1224,11628,45312480,0,0,0
PF207,20220218,20220218,112554000,11:25:54,7416,1224,11628,45312480,0,0,0
PF207,20220218,20220218,112554500,11:25:55,7416,1224,11628,45312480,0,0,0
PF207,20220218,20220218,112559000,11:26:00,7416,1224,11628,45312480,0,0,0
PF207,20220218,20220218,112559500,11:26:00,7416,1224,11628,45312480,0,0,0
PF207,20220218,20220218,112600500,11:26:01,7416,1224,11628,45312480,0,0,0
PF207,20220218,20220218,112601000,11:26:01,7416,1224,11628,45312480,0,0,0
PF207,20220218,20220218,112604500,11:26:05,7416,1224,11628,45312480,0,0,0
PF207,20220218,20220218,112605000,11:26:05,7416,1224,11628,45312480,0,0,0
PF207,20220218,20220218,112605500,11:26:06,7416,1224,11628,45312480,0,0,0
PF207,20220218,20220218,112619000,11:26:19,7416,1224,11628,45312480,0,0,0
PF207,20220218,20220218,112619500,11:26:20,7416,1224,11628,45312480,0,0,0
PF207,20220218,20220218,112620000,11:26:20,7416,1224,11628,45312480,0,0,0
PF207,20220218,20220218,112620500,11:26:20,7416,1224,11628,45312480,0,0,0
PF207,20220218,20220218,112621000,11:26:21,7416,1224,11628,45312480,0,0,0
PF207,20220218,20220218,112624000,11:26:24,7416,1224,11628,45312480,0,0,0
PF207,20220218,20220218,112624500,11:26:24,7416,1224,11628,45312480,0,0,0
PF207,20220218,20220218,112628500,11:26:28,7416,1224,11628,45312480,0,0,0
PF207,20220218,20220218,112629000,11:26:29,7416,1224,11628,45312480,0,0,0
PF207,20220218,20220218,112651000,11:27:10,7416,1224,11628,45312480,0,0,0
PF207,20220218,20220218,112708500,11:27:12,7416,1224,11628,45312480,0,0,0
PF207,20220218,20220218,112735500,11:27:36,7416,1224,11628,45312480,0,0,0
PF207,20220218,20220218,112736000,11:27:37,7416,1224,11628,45312480,0,0,0
PF207,20220218,20220218,112736500,11:27:38,7416,1224,11628,45312480,0,0,0
PF207,20220218,20220218,112738500,11:27:39,7416,1224,11628,45312480,0,0,0
PF207,20220218,20220218,112739000,11:27:39,7416,1224,11628,45312480,0,0,0
PF207,20220218,20220218,112740500,11:27:40,7416,1224,11628,45312480,0,0,0
PF207,20220218,20220218,112741000,11:27:41,7416,1224,11628,45312480,0,0,0
PF207,20220218,20220218,112745000,11:27:46,7416,1224,11628,45312480,0,0,0
PF207,20220218,20220218,112745500,11:27:46,7416,1224,11628,45312480,0,0,0
PF207,20220218,20220218,112746000,11:27:46,7416,1224,11628,45312480,0,0,0
PF207,20220218,20220218,112746500,11:27:47,7416,1224,11628,45312480,0,0,0
PF207,20220218,20220218,112803500,11:28:04,7416,1224,11628,45312480,0,0,0
PF207,20220218,20220218,112804000,11:28:05,7416,1224,11628,45312480,0,0,0
PF207,20220218,20220218,112811000,11:28:12,7416,1224,11628,45312480,0,0,0
PF207,20220218,20220218,112813500,11:28:14,7416,1224,11628,45312480,0,0,0
PF207,20220218,20220218,112829500,11:28:29,7416,1224,11628,45312480,0,0,0
PF207,20220218,20220218,112830000,11:28:30,7416,1224,11628,45312480,0,0,0
PF207,20220218,20220218,112830500,11:28:31,7416,1224,11628,45312480,0,0,0
PF207,20220218,20220218,112832000,11:28:33,7416,1224,11628,45312480,0,0,0
PF207,20220218,20220218,112833000,11:28:33,7416,1224,11628,45312480,0,0,0
PF207,20220218,20220218,112835000,11:28:35,7416,1224,11628,45312480,0,0,0
PF207,20220218,20220218,112842000,11:28:42,7416,1224,11628,45312480,0,0,0
PF207,20220218,20220218,112842500,11:28:42,7416,1224,11628,45312480,0,0,0
PF207,20220218,20220218,112843000,11:28:43,7416,1224,11628,45312480,0,0,0
PF207,20220218,20220218,112846500,11:28:46,7416,1224,11628,45312480,0,0,0
PF207,20220218,20220218,112847000,11:28:47,7416,1224,11628,45312480,0,0,0
PF207,20220218,20220218,112847500,11:28:48,7416,1224,11628,45312480,0,0,0
PF207,20220218,20220218,112850000,11:28:50,7416,1224,11628,45312480,0,0,0
PF207,20220218,20220218,112850500,11:28:51,7416,1224,11628,45312480,0,0,0
PF207,20220218,20220218,112851000,11:28:51,7416,1224,11628,45312480,0,0,0
PF207,20220218,20220218,112851500,11:28:52,7416,1224,11628,45312480,0,0,0
PF207,20220218,20220218,112852000,11:28:53,7416,1224,11628,45312480,0,0,0
PF207,20220218,20220218,112852500,11:28:54,7416,1224,11628,45312480,0,0,0
PF207,20220218,20220218,112854000,11:28:54,7416,1224,11628,45312480,0,0,0
PF207,20220218,20220218,112854500,11:28:54,7416,1224,11628,45312480,0,0,0
PF207,20220218,20220218,112855000,11:28:55,7416,1224,11628,45312480,0,0,0
PF207,20220218,20220218,112858000,11:28:59,7416,1224,11628,45312480,0,0,0
PF207,20220218,20220218,112901500,11:29:02,7416,1224,11628,45312480,0,0,0
PF207,20220218,20220218,112902000,11:29:03,7416,1224,11628,45312480,0,0,0
PF207,20220218,20220218,112902500,11:29:03,7416,1224,11628,45312480,0,0,0
PF207,20220218,20220218,112903000,11:29:03,7416,1224,11628,45312480,0,0,0
PF207,20220218,20220218,112903500,11:29:04,7416,1224,11628,45312480,0,0,0
PF207,20220218,20220218,112904000,11:29:04,7416,1224,11628,45312480,0,0,0
PF207,20220218,20220218,112904500,11:29:04,7416,1224,11628,45312480,0,0,0
PF207,20220218,20220218,112905000,11:29:05,7416,1224,11628,45312480,0,0,0
PF207,20220218,20220218,112905500,11:29:06,7416,1224,11628,45312480,0,0,0
PF207,20220218,20220218,112906500,11:29:06,7416,1224,11628,45312480,0,0,0
PF207,20220218,20220218,112907000,11:29:08,7416,1224,11628,45312480,0,0,0
PF207,20220218,20220218,112907500,11:29:08,7416,1224,11628,45312480,0,0,0
PF207,20220218,20220218,112909000,11:29:09,7416,1224,11628,45312480,0,0,0
PF207,20220218,20220218,112909500,11:29:09,7416,1224,11628,45312480,0,0,0
PF207,20220218,20220218,112910000,11:29:10,7416,1224,11628,45312480,0,0,0
PF207,20220218,20220218,112911000,11:29:11,7416,1224,11628,45312480,0,0,0
PF207,20220218,20220218,112912500,11:29:12,7416,1224,11628,45312480,0,0,0
PF207,20220218,20220218,112913000,11:29:13,7416,1224,11628,45312480,0,0,0
PF207,20220218,20220218,112915000,11:29:15,7416,1224,11628,45312480,0,0,0
PF207,20220218,20220218,112915500,11:29:16,7416,1224,11628,45312480,0,0,0
PF207,20220218,20220218,112920500,11:29:21,7416,1224,11628,45312480,0,0,0
PF207,20220218,20220218,112921000,11:29:23,7416,1224,11628,45312480,0,0,0
PF207,20220218,20220218,112924500,11:29:25,7416,1224,11628,45312480,0,0,0
PF207,20220218,20220218,112925000,11:29:25,7416,1224,11628,45312480,0,0,0
PF207,20220218,20220218,112926500,11:29:26,7416,1224,11628,45312480,0,0,0
PF207,20220218,20220218,112928000,11:29:28,7416,1224,11628,45312480,0,0,0
PF207,20220218,20220218,112928500,11:29:29,7416,1224,11628,45312480,0,0,0
PF207,20220218,20220218,112930500,11:29:31,7428,1263,11623,46756260,39,-5,1443780
PF207,20220218,20220218,112931000,11:29:32,7428,1263,11623,46756260,0,0,0
PF207,20220218,20220218,112931500,11:29:32,7428,1263,11623,46756260,0,0,0
PF207,20220218,20220218,112932000,11:29:36,7428,1263,11623,46756260,0,0,0
PF207,20220218,20220218,112936500,11:29:38,7428,1263,11623,46756260,0,0,0
PF207,20220218,20220218,112937500,11:29:38,7428,1263,11623,46756260,0,0,0
PF207,20220218,20220218,112941500,11:29:42,7428,1263,11623,46756260,0,0,0
PF207,20220218,20220218,112942000,11:29:44,7428,1263,11623,46756260,0,0,0
PF207,20220218,20220218,112944500,11:29:45,7428,1263,11623,46756260,0,0,0
PF207,20220218,20220218,112946500,11:29:47,7428,1263,11623,46756260,0,0,0
PF207,20220218,20220218,112947500,11:29:48,7428,1263,11623,46756260,0,0,0
PF207,20220218,20220218,112948500,11:29:50,7428,1263,11623,46756260,0,0,0
PF207,20220218,20220218,112949500,11:29:50,7428,1263,11623,46756260,0,0,0
PF207,20220218,20220218,112951000,11:29:52,7428,1263,11623,46756260,0,0,0
PF207,20220218,20220218,112956000,11:30:00,7428,1263,11623,46756260,0,0,0
PF207,20220218,20220218,113000000,11:30:03,7428,1263,11623,46756260,0,0,0
PF207,20220218,20220218,133001500,13:30:02,7428,1263,11623,46756260,0,0,0
PF207,20220218,20220218,133002000,13:30:08,7428,1263,11623,46756260,0,0,0
PF207,20220218,20220218,133002500,13:30:10,7428,1263,11623,46756260,0,0,0
PF207,20220218,20220218,133008000,13:30:10,7428,1263,11623,46756260,0,0,0
PF207,20220218,20220218,133009500,13:30:10,7428,1263,11623,46756260,0,0,0
PF207,20220218,20220218,133010000,13:30:11,7428,1263,11623,46756260,0,0,0
PF207,20220218,20220218,133010500,13:30:12,7428,1263,11623,46756260,0,0,0
PF207,20220218,20220218,133011000,13:30:13,7428,1263,11623,46756260,0,0,0
PF207,20220218,20220218,133013500,13:30:14,7428,1263,11623,46756260,0,0,0
PF207,20220218,20220218,133014500,13:30:16,7428,1263,11623,46756260,0,0,0
PF207,20220218,20220218,133015000,13:30:17,7428,1263,11623,46756260,0,0,0
PF207,20220218,20220218,133016500,13:30:18,7428,1263,11623,46756260,0,0,0
PF207,20220218,20220218,133018000,13:30:19,7428,1263,11623,46756260,0,0,0
PF207,20220218,20220218,133018500,13:30:20,7416,1265,11622,46830300,2,-1,74040
PF207,20220218,20220218,133019000,13:30:20,7416,1265,11622,46830300,0,0,0
PF207,20220218,20220218,133019500,13:30:21,7416,1265,11622,46830300,0,0,0
PF207,20220218,20220218,133020500,13:30:21,7416,1265,11622,46830300,0,0,0
PF207,20220218,20220218,133021500,13:30:22,7416,1265,11622,46830300,0,0,0
PF207,20220218,20220218,133022000,13:30:38,7416,1265,11622,46830300,0,0,0
PF207,20220218,20220218,133022500,13:30:38,7416,1265,11622,46830300,0,0,0
PF207,20220218,20220218,133023000,13:30:40,7416,1265,11622,46830300,0,0,0
PF207,20220218,20220218,133032000,13:30:40,7416,1265,11622,46830300,0,0,0
PF207,20220218,20220218,133043000,13:30:44,7416,1265,11622,46830300,0,0,0
PF207,20220218,20220218,133043500,13:30:45,7416,1265,11622,46830300,0,0,0
PF207,20220218,20220218,133048000,13:30:49,7416,1265,11622,46830300,0,0,0
PF207,20220218,20220218,133048500,13:30:49,7416,1265,11622,46830300,0,0,0
PF207,20220218,20220218,133049000,13:30:50,7416,1265,11622,46830300,0,0,0
PF207,20220218,20220218,133049500,13:30:50,7416,1265,11622,46830300,0,0,0
PF207,20220218,20220218,133050000,13:30:51,7416,1265,11622,46830300,0,0,0
PF207,20220218,20220218,133050500,13:30:52,7416,1265,11622,46830300,0,0,0
PF207,20220218,20220218,133052000,13:30:53,7416,1265,11622,46830300,0,0,0
PF207,20220218,20220218,133052500,13:30:54,7416,1265,11622,46830300,0,0,0
PF207,20220218,20220218,133054500,13:30:55,7416,1265,11622,46830300,0,0,0
PF207,20220218,20220218,133056000,13:30:57,7416,1265,11622,46830300,0,0,0
PF207,20220218,20220218,133056500,13:30:57,7428,1267,11620,46904340,2,-2,74040
PF207,20220218,20220218,133057000,13:30:58,7428,1267,11620,46904340,0,0,0
PF207,20220218,20220218,133057500,13:30:58,7428,1267,11620,46904340,0,0,0
PF207,20220218,20220218,133058000,13:30:58,7428,1267,11620,46904340,0,0,0
PF207,20220218,20220218,133058500,13:30:59,7428,1267,11620,46904340,0,0,0
PF207,20220218,20220218,133059000,13:30:59,7428,1267,11620,46904340,0,0,0
PF207,20220218,20220218,133059500,13:30:59,7428,1267,11620,46904340,0,0,0
PF207,20220218,20220218,133101000,13:31:01,7428,1267,11620,46904340,0,0,0
PF207,20220218,20220218,133101500,13:31:01,7428,1267,11620,46904340,0,0,0
PF207,20220218,20220218,133102000,13:31:02,7428,1267,11620,46904340,0,0,0
PF207,20220218,20220218,133103500,13:31:05,7428,1267,11620,46904340,0,0,0
PF207,20220218,20220218,133104000,13:31:06,7428,1267,11620,46904340,0,0,0
PF207,20220218,20220218,133104500,13:31:07,7428,1267,11620,46904340,0,0,0
PF207,20220218,20220218,133108500,13:31:09,7428,1267,11620,46904340,0,0,0
PF207,20220218,20220218,133109000,13:31:10,7428,1267,11620,46904340,0,0,0
PF207,20220218,20220218,133116000,13:31:16,7428,1267,11620,46904340,0,0,0
PF207,20220218,20220218,133116500,13:31:17,7428,1267,11620,46904340,0,0,0
PF207,20220218,20220218,133117000,13:31:18,7428,1267,11620,46904340,0,0,0
PF207,20220218,20220218,133118000,13:31:19,7428,1267,11620,46904340,0,0,0
PF207,20220218,20220218,133118500,13:31:19,7428,1267,11620,46904340,0,0,0
PF207,20220218,20220218,133120500,13:31:21,7428,1267,11620,46904340,0,0,0
PF207,20220218,20220218,133121000,13:31:21,7428,1267,11620,46904340,0,0,0
PF207,20220218,20220218,133121500,13:31:22,7428,1267,11620,46904340,0,0,0
PF207,20220218,20220218,133122000,13:31:23,7428,1267,11620,46904340,0,0,0
PF207,20220218,20220218,133122500,13:31:25,7428,1267,11620,46904340,0,0,0
PF207,20220218,20220218,133156000,13:31:56,7428,1267,11620,46904340,0,0,0
PF207,20220218,20220218,133158500,13:31:58,7428,1267,11620,46904340,0,0,0
PF207,20220218,20220218,133159500,13:32:00,7428,1267,11620,46904340,0,0,0
PF207,20220218,20220218,133200000,13:32:01,7428,1267,11620,46904340,0,0,0
PF207,20220218,20220218,133201000,13:32:01,7436,1269,11620,46978380,2,0,74040
PF207,20220218,20220218,133201500,13:32:01,7436,1269,11620,46978380,0,0,0
PF207,20220218,20220218,133202000,13:32:03,7436,1269,11620,46978380,0,0,0
PF207,20220218,20220218,133202500,13:32:04,7436,1269,11620,46978380,0,0,0
PF207,20220218,20220218,133203000,13:32:05,7436,1269,11620,46978380,0,0,0
PF207,20220218,20220218,133203500,13:32:05,7436,1269,11620,46978380,0,0,0
PF207,20220218,20220218,133209500,13:32:10,7436,1269,11620,46978380,0,0,0
PF207,20220218,20220218,133213000,13:32:15,7436,1269,11620,46978380,0,0,0
PF207,20220218,20220218,133214000,13:32:15,7436,1269,11620,46978380,0,0,0
PF207,20220218,20220218,133214500,13:32:16,7436,1269,11620,46978380,0,0,0
PF207,20220218,20220218,133216500,13:32:17,7436,1269,11620,46978380,0,0,0
PF207,20220218,20220218,133217500,13:32:18,7436,1269,11620,46978380,0,0,0
PF207,20220218,20220218,133218500,13:32:19,7436,1269,11620,46978380,0,0,0
PF207,20220218,20220218,133222000,13:32:23,7436,1269,11620,46978380,0,0,0
PF207,20220218,20220218,133222500,13:32:24,7436,1269,11620,46978380,0,0,0
PF207,20220218,20220218,133223000,13:32:24,7436,1269,11620,46978380,0,0,0
PF207,20220218,20220218,133223500,13:32:24,7436,1269,11620,46978380,0,0,0
PF207,20220218,20220218,133225000,13:32:25,7436,1269,11620,46978380,0,0,0
PF207,20220218,20220218,133226000,13:32:27,7436,1269,11620,46978380,0,0,0
PF207,20220218,20220218,133226500,13:32:27,7436,1269,11620,46978380,0,0,0
PF207,20220218,20220218,133227000,13:32:27,7436,1269,11620,46978380,0,0,0
PF207,20220218,20220218,133227500,13:32:32,7436,1269,11620,46978380,0,0,0
PF207,20220218,20220218,133231500,13:32:34,7436,1269,11620,46978380,0,0,0
PF207,20220218,20220218,133235000,13:32:36,7436,1269,11620,46978380,0,0,0
PF207,20220218,20220218,133235500,13:32:36,7436,1269,11620,46978380,0,0,0
PF207,20220218,20220218,133236000,13:32:37,7436,1269,11620,46978380,0,0,0
PF207,20220218,20220218,133236500,13:32:37,7436,1269,11620,46978380,0,0,0
PF207,20220218,20220218,133237000,13:32:37,7436,1269,11620,46978380,0,0,0
PF207,20220218,20220218,133237500,13:32:38,7436,1269,11620,46978380,0,0,0
PF207,20220218,20220218,133238000,13:32:38,7436,1269,11620,46978380,0,0,0
PF207,20220218,20220218,133238500,13:32:39,7436,1269,11620,46978380,0,0,0
PF207,20220218,20220218,133239000,13:32:39,7436,1269,11620,46978380,0,0,0
PF207,20220218,20220218,133239500,13:32:40,7436,1269,11620,46978380,0,0,0
PF207,20220218,20220218,133240000,13:32:40,7436,1269,11620,46978380,0,0,0
PF207,20220218,20220218,133240500,13:32:41,7436,1269,11620,46978380,0,0,0
PF207,20220218,20220218,133241500,13:32:42,7436,1269,11620,46978380,0,0,0
PF207,20220218,20220218,133242000,13:32:42,7436,1269,11620,46978380,0,0,0
PF207,20220218,20220218,133243000,13:32:43,7436,1269,11620,46978380,0,0,0
PF207,20220218,20220218,133244500,13:32:45,7436,1269,11620,46978380,0,0,0
PF207,20220218,20220218,133245000,13:32:45,7436,1269,11620,46978380,0,0,0
PF207,20220218,20220218,133245500,13:32:45,7436,1269,11620,46978380,0,0,0
PF207,20220218,20220218,133246000,13:32:47,7436,1269,11620,46978380,0,0,0
PF207,20220218,20220218,133246500,13:32:47,7436,1269,11620,46978380,0,0,0
PF207,20220218,20220218,133247000,13:32:47,7436,1269,11620,46978380,0,0,0
PF207,20220218,20220218,133247500,13:32:48,7436,1269,11620,46978380,0,0,0
PF207,20220218,20220218,133248000,13:32:48,7436,1269,11620,46978380,0,0,0
PF207,20220218,20220218,133248500,13:32:49,7436,1269,11620,46978380,0,0,0
PF207,20220218,20220218,133249000,13:32:49,7436,1269,11620,46978380,0,0,0
PF207,20220218,20220218,133249500,13:32:50,7436,1269,11620,46978380,0,0,0
PF207,20220218,20220218,133254000,13:32:54,7436,1269,11620,46978380,0,0,0
PF207,20220218,20220218,133254500,13:32:55,7436,1269,11620,46978380,0,0,0
PF207,20220218,20220218,133255000,13:32:55,7436,1269,11620,46978380,0,0,0
PF207,20220218,20220218,133255500,13:32:56,7436,1269,11620,46978380,0,0,0
PF207,20220218,20220218,133257500,13:33:00,7436,1269,11620,46978380,0,0,0
PF207,20220218,20220218,133258000,13:33:00,7436,1269,11620,46978380,0,0,0
PF207,20220218,20220218,133259500,13:33:00,7436,1269,11620,46978380,0,0,0
PF207,20220218,20220218,133300500,13:33:02,7436,1269,11620,46978380,0,0,0
PF207,20220218,20220218,133301000,13:33:02,7436,1269,11620,46978380,0,0,0
PF207,20220218,20220218,133301500,13:33:02,7436,1269,11620,46978380,0,0,0
PF207,20220218,20220218,133302000,13:33:03,7436,1269,11620,46978380,0,0,0
PF207,20220218,20220218,133302500,13:33:03,7436,1269,11620,46978380,0,0,0
PF207,20220218,20220218,133303000,13:33:04,7436,1269,11620,46978380,0,0,0
PF207,20220218,20220218,133304500,13:33:05,7436,1269,11620,46978380,0,0,0
PF207,20220218,20220218,133306000,13:33:06,7436,1269,11620,46978380,0,0,0
PF207,20220218,20220218,133306500,13:33:06,7436,1269,11620,46978380,0,0,0
PF207,20220218,20220218,133307000,13:33:07,7436,1269,11620,46978380,0,0,0
PF207,20220218,20220218,133307500,13:33:08,7436,1269,11620,46978380,0,0,0
PF207,20220218,20220218,133308000,13:33:08,7436,1269,11620,46978380,0,0,0
PF207,20220218,20220218,133308500,13:33:09,7436,1269,11620,46978380,0,0,0
PF207,20220218,20220218,133311000,13:33:13,7436,1270,11619,47015400,1,-1,37020
PF207,20220218,20220218,133311500,13:33:14,7436,1270,11619,47015400,0,0,0
PF207,20220218,20220218,133313500,13:33:14,7436,1270,11619,47015400,0,0,0
PF207,20220218,20220218,133314000,13:33:17,7436,1270,11619,47015400,0,0,0
PF207,20220218,20220218,133317000,13:33:18,7436,1270,11619,47015400,0,0,0
PF207,20220218,20220218,133318000,13:33:19,7436,1270,11619,47015400,0,0,0
PF207,20220218,20220218,133318500,13:33:19,7436,1270,11619,47015400,0,0,0
PF207,20220218,20220218,133319000,13:33:20,7436,1270,11619,47015400,0,0,0
PF207,20220218,20220218,133319500,13:33:21,7436,1270,11619,47015400,0,0,0
PF207,20220218,20220218,133320000,13:33:21,7436,1270,11619,47015400,0,0,0
PF207,20220218,20220218,133323000,13:33:23,7436,1270,11619,47015400,0,0,0
PF207,20220218,20220218,133323500,13:33:24,7436,1270,11619,47015400,0,0,0
PF207,20220218,20220218,133329500,13:33:30,7436,1270,11619,47015400,0,0,0
PF207,20220218,20220218,133330000,13:33:30,7436,1270,11619,47015400,0,0,0
PF207,20220218,20220218,133330500,13:33:32,7436,1270,11619,47015400,0,0,0
PF207,20220218,20220218,133331000,13:33:32,7436,1270,11619,47015400,0,0,0
PF207,20220218,20220218,133336500,13:33:36,7436,1270,11619,47015400,0,0,0
PF207,20220218,20220218,133337000,13:33:37,7436,1270,11619,47015400,0,0,0
PF207,20220218,20220218,133337500,13:33:37,7436,1270,11619,47015400,0,0,0
PF207,20220218,20220218,133340500,13:33:41,7436,1270,11619,47015400,0,0,0
PF207,20220218,20220218,133341000,13:33:41,7436,1270,11619,47015400,0,0,0
PF207,20220218,20220218,133342000,13:33:42,7436,1270,11619,47015400,0,0,0
PF207,20220218,20220218,133343000,13:33:43,7436,1270,11619,47015400,0,0,0
PF207,20220218,20220218,133343500,13:33:44,7436,1270,11619,47015400,0,0,0
PF207,20220218,20220218,133344000,13:33:45,7436,1270,11619,47015400,0,0,0
PF207,20220218,20220218,133345000,13:33:45,7436,1270,11619,47015400,0,0,0
PF207,20220218,20220218,133354500,13:33:55,7436,1270,11619,47015400,0,0,0
PF207,20220218,20220218,133355000,13:33:56,7436,1270,11619,47015400,0,0,0
PF207,20220218,20220218,133355500,13:33:56,7436,1270,11619,47015400,0,0,0
PF207,20220218,20220218,133359000,13:33:59,7436,1270,11619,47015400,0,0,0
PF207,20220218,20220218,133400000,13:34:00,7436,1270,11619,47015400,0,0,0
PF207,20220218,20220218,133400500,13:34:01,7436,1270,11619,47015400,0,0,0
PF207,20220218,20220218,133401000,13:34:01,7436,1270,11619,47015400,0,0,0
PF207,20220218,20220218,133401500,13:34:02,7436,1270,11619,47015400,0,0,0
PF207,20220218,20220218,133402000,13:34:10,7436,1270,11619,47015400,0,0,0
PF207,20220218,20220218,133402500,13:34:10,7436,1270,11619,47015400,0,0,0
PF207,20220218,20220218,133405000,13:34:11,7436,1270,11619,47015400,0,0,0
PF207,20220218,20220218,133411500,13:34:12,7436,1270,11619,47015400,0,0,0
PF207,20220218,20220218,133412500,13:34:13,7436,1270,11619,47015400,0,0,0
PF207,20220218,20220218,133413000,13:34:13,7436,1270,11619,47015400,0,0,0
PF207,20220218,20220218,133413500,13:34:14,7436,1270,11619,47015400,0,0,0
PF207,20220218,20220218,133415000,13:34:16,7436,1270,11619,47015400,0,0,0
PF207,20220218,20220218,133415500,13:34:16,7436,1270,11619,47015400,0,0,0
PF207,20220218,20220218,133416000,13:34:16,7436,1270,11619,47015400,0,0,0
PF207,20220218,20220218,133421000,13:34:23,7436,1270,11619,47015400,0,0,0
PF207,20220218,20220218,133421500,13:34:24,7436,1270,11619,47015400,0,0,0
PF207,20220218,20220218,133422500,13:34:24,7436,1270,11619,47015400,0,0,0
PF207,20220218,20220218,133424500,13:34:24,7436,1270,11619,47015400,0,0,0
PF207,20220218,20220218,133425000,13:34:25,7436,1270,11619,47015400,0,0,0
PF207,20220218,20220218,133425500,13:34:26,7436,1270,11619,47015400,0,0,0
PF207,20220218,20220218,133426000,13:34:26,7436,1270,11619,47015400,0,0,0
PF207,20220218,20220218,133427000,13:34:27,7436,1270,11619,47015400,0,0,0
PF207,20220218,20220218,133431500,13:34:31,7436,1270,11619,47015400,0,0,0
PF207,20220218,20220218,133432000,13:34:32,7436,1270,11619,47015400,0,0,0
PF207,20220218,20220218,133432500,13:34:32,7436,1270,11619,47015400,0,0,0
PF207,20220218,20220218,133438000,13:34:38,7436,1270,11619,47015400,0,0,0
PF207,20220218,20220218,133439500,13:34:40,7436,1270,11619,47015400,0,0,0
PF207,20220218,20220218,133440500,13:34:41,7436,1270,11619,47015400,0,0,0
PF207,20220218,20220218,133441000,13:34:41,7436,1270,11619,47015400,0,0,0
PF207,20220218,20220218,133441500,13:34:43,7436,1270,11619,47015400,0,0,0
PF207,20220218,20220218,133442000,13:34:44,7436,1270,11619,47015400,0,0,0
PF207,20220218,20220218,133442500,13:34:44,7436,1270,11619,47015400,0,0,0
PF207,20220218,20220218,133443000,13:34:45,7436,1270,11619,47015400,0,0,0
PF207,20220218,20220218,133443500,13:34:45,7436,1270,11619,47015400,0,0,0
PF207,20220218,20220218,133444500,13:34:46,7436,1270,11619,47015400,0,0,0
PF207,20220218,20220218,133445000,13:34:46,7436,1270,11619,47015400,0,0,0
PF207,20220218,20220218,133453500,13:34:55,7436,1270,11619,47015400,0,0,0
PF207,20220218,20220218,133454000,13:34:56,7436,1270,11619,47015400,0,0,0
PF207,20220218,20220218,133456000,13:34:57,7436,1270,11619,47015400,0,0,0
PF207,20220218,20220218,133456500,13:34:57,7436,1270,11619,47015400,0,0,0
PF207,20220218,20220218,133457000,13:34:57,7436,1270,11619,47015400,0,0,0
PF207,20220218,20220218,133459000,13:34:59,7436,1270,11619,47015400,0,0,0
PF207,20220218,20220218,133500500,13:35:04,7436,1270,11619,47015400,0,0,0
PF207,20220218,20220218,133501000,13:35:04,7436,1303,11608,48250090,33,-11,1234690
PF207,20220218,20220218,133501500,13:35:06,7436,1303,11608,48250090,0,0,0
PF207,20220218,20220218,133502000,13:35:10,7436,1303,11608,48250090,0,0,0
PF207,20220218,20220218,133504500,13:35:10,7436,1303,11608,48250090,0,0,0
PF207,20220218,20220218,133506000,13:35:10,7436,1303,11608,48250090,0,0,0
PF207,20220218,20220218,133518500,13:35:19,7436,1303,11608,48250090,0,0,0
PF207,20220218,20220218,133522000,13:35:22,7436,1303,11608,48250090,0,0,0
PF207,20220218,20220218,133522500,13:35:23,7436,1303,11608,48250090,0,0,0
PF207,20220218,20220218,133525500,13:35:26,7438,1313,11598,48620390,10,-10,370300
PF207,20220218,20220218,133526000,13:35:26,7438,1313,11598,48620390,0,0,0
PF207,20220218,20220218,133526500,13:35:27,7438,1313,11598,48620390,0,0,0
PF207,20220218,20220218,133527000,13:35:31,7438,1313,11598,48620390,0,0,0
PF207,20220218,20220218,133527500,13:35:31,7438,1313,11598,48620390,0,0,0
PF207,20220218,20220218,133528000,13:35:32,7438,1313,11598,48620390,0,0,0
PF207,20220218,20220218,133530500,13:35:32,7438,1313,11598,48620390,0,0,0
PF207,20220218,20220218,133531500,13:35:41,7438,1313,11598,48620390,0,0,0
PF207,20220218,20220218,133532000,13:35:42,7438,1313,11598,48620390,0,0,0
PF207,20220218,20220218,133540000,13:35:43,7438,1313,11598,48620390,0,0,0
PF207,20220218,20220218,133542000,13:35:43,7438,1313,11598,48620390,0,0,0
PF207,20220218,20220218,133542500,13:35:44,7438,1313,11598,48620390,0,0,0
PF207,20220218,20220218,133543500,13:35:44,7438,1313,11598,48620390,0,0,0
PF207,20220218,20220218,133544000,13:35:45,7438,1313,11598,48620390,0,0,0
PF207,20220218,20220218,133545000,13:35:46,7438,1313,11598,48620390,0,0,0
PF207,20220218,20220218,133547000,13:35:47,7438,1313,11598,48620390,0,0,0
PF207,20220218,20220218,133551000,13:35:51,7438,1313,11598,48620390,0,0,0
PF207,20220218,20220218,133552000,13:35:52,7438,1313,11598,48620390,0,0,0
PF207,20220218,20220218,133552500,13:35:53,7438,1313,11598,48620390,0,0,0
PF207,20220218,20220218,133553000,13:35:53,7438,1313,11598,48620390,0,0,0
PF207,20220218,20220218,133555000,13:35:56,7438,1313,11598,48620390,0,0,0
PF207,20220218,20220218,133555500,13:35:56,7438,1313,11598,48620390,0,0,0
PF207,20220218,20220218,133602500,13:36:03,7438,1313,11598,48620390,0,0,0
PF207,20220218,20220218,133606500,13:36:07,7436,1322,11600,48953660,9,2,333270
PF207,20220218,20220218,133607000,13:36:08,7436,1322,11600,48953660,0,0,0
PF207,20220218,20220218,133610000,13:36:11,7436,1322,11600,48953660,0,0,0
PF207,20220218,20220218,133610500,13:36:11,7436,1322,11600,48953660,0,0,0
PF207,20220218,20220218,133611500,13:36:12,7436,1322,11600,48953660,0,0,0
PF207,20220218,20220218,133612000,13:36:12,7436,1322,11600,48953660,0,0,0
PF207,20220218,20220218,133612500,13:36:12,7436,1322,11600,48953660,0,0,0
PF207,20220218,20220218,133616500,13:36:17,7436,1322,11600,48953660,0,0,0
PF207,20220218,20220218,133617000,13:36:18,7436,1322,11600,48953660,0,0,0
PF207,20220218,20220218,133617500,13:36:19,7436,1322,11600,48953660,0,0,0
PF207,20220218,20220218,133618000,13:36:19,7436,1322,11600,48953660,0,0,0
PF207,20220218,20220218,133619000,13:36:19,7436,1322,11600,48953660,0,0,0
PF207,20220218,20220218,133621000,13:36:21,7436,1322,11600,48953660,0,0,0
PF207,20220218,20220218,133621500,13:36:21,7436,1322,11600,48953660,0,0,0
PF207,20220218,20220218,133625500,13:36:26,7440,1323,11601,48990690,1,1,37030
PF207,20220218,20220218,133631000,13:36:31,7440,1323,11601,48990690,0,0,0
PF207,20220218,20220218,133631500,13:36:31,7440,1323,11601,48990690,0,0,0
PF207,20220218,20220218,133632500,13:36:32,7440,1323,11601,48990690,0,0,0
PF207,20220218,20220218,133633000,13:36:33,7440,1323,11601,48990690,0,0,0
PF207,20220218,20220218,133633500,13:36:34,7440,1323,11601,48990690,0,0,0
PF207,20220218,20220218,133634000,13:36:34,7440,1323,11601,48990690,0,0,0
PF207,20220218,20220218,133634500,13:36:35,7440,1323,11601,48990690,0,0,0
PF207,20220218,20220218,133635000,13:36:36,7440,1323,11601,48990690,0,0,0
PF207,20220218,20220218,133635500,13:36:36,7440,1323,11601,48990690,0,0,0
PF207,20220218,20220218,133636000,13:36:36,7440,1323,11601,48990690,0,0,0
PF207,20220218,20220218,133637500,13:36:38,7440,1323,11601,48990690,0,0,0
PF207,20220218,20220218,133638500,13:36:39,7440,1323,11601,48990690,0,0,0
PF207,20220218,20220218,133639000,13:36:39,7440,1447,11725,53596880,124,124,4606190
PF207,20220218,20220218,133639500,13:36:40,7440,1447,11725,53596880,0,0,0
PF207,20220218,20220218,133642500,13:36:43,7440,1447,11725,53596880,0,0,0
PF207,20220218,20220218,133643000,13:36:43,7440,1447,11725,53596880,0,0,0
PF207,20220218,20220218,133654000,13:36:54,7440,1572,11850,58258320,125,125,4661440
PF207,20220218,20220218,133655500,13:36:56,7440,1572,11850,58258320,0,0,0
PF207,20220218,20220218,133656000,13:36:56,7440,1572,11850,58258320,0,0,0
PF207,20220218,20220218,133712000,13:37:13,7440,1572,11850,58258320,0,0,0
PF207,20220218,20220218,133717500,13:37:18,7440,1572,11850,58258320,0,0,0
PF207,20220218,20220218,133718000,13:37:18,7440,1572,11850,58258320,0,0,0
PF207,20220218,20220218,133719000,13:37:19,7440,1572,11850,58258320,0,0,0
PF207,20220218,20220218,133721000,13:37:21,7440,1572,11850,58258320,0,0,0
PF207,20220218,20220218,133721500,13:37:22,7440,1572,11850,58258320,0,0,0
PF207,20220218,20220218,133722000,13:37:22,7440,1572,11850,58258320,0,0,0
PF207,20220218,20220218,133722500,13:37:23,7440,1572,11850,58258320,0,0,0
PF207,20220218,20220218,133723500,13:37:23,7440,1572,11850,58258320,0,0,0
PF207,20220218,20220218,133724000,13:37:24,7440,1572,11850,58258320,0,0,0
PF207,20220218,20220218,133725000,13:37:25,7440,1572,11850,58258320,0,0,0
PF207,20220218,20220218,133725500,13:37:26,7440,1572,11850,58258320,0,0,0
PF207,20220218,20220218,133726000,13:37:26,7440,1572,11850,58258320,0,0,0
PF207,20220218,20220218,133726500,13:37:27,7440,1572,11850,58258320,0,0,0
PF207,20220218,20220218,133727000,13:37:27,7440,1572,11850,58258320,0,0,0
PF207,20220218,20220218,133729000,13:37:29,7440,1572,11850,58258320,0,0,0
PF207,20220218,20220218,133729500,13:37:30,7440,1572,11850,58258320,0,0,0
PF207,20220218,20220218,133730000,13:37:30,7440,1572,11850,58258320,0,0,0
PF207,20220218,20220218,133730500,13:37:31,7440,1572,11850,58258320,0,0,0
PF207,20220218,20220218,133731000,13:37:31,7440,1572,11850,58258320,0,0,0
PF207,20220218,20220218,133732000,13:37:32,7440,1572,11850,58258320,0,0,0
PF207,20220218,20220218,133732500,13:37:33,7440,1572,11850,58258320,0,0,0
PF207,20220218,20220218,133733000,13:37:33,7440,1572,11850,58258320,0,0,0
PF207,20220218,20220218,133733500,13:37:33,7440,1572,11850,58258320,0,0,0
PF207,20220218,20220218,133734000,13:37:34,7440,1572,11850,58258320,0,0,0
PF207,20220218,20220218,133738500,13:37:39,7440,1572,11850,58258320,0,0,0
PF207,20220218,20220218,133739000,13:37:39,7440,1572,11850,58258320,0,0,0
PF207,20220218,20220218,133740000,13:37:40,7440,1572,11850,58258320,0,0,0
PF207,20220218,20220218,133740500,13:37:40,7440,1572,11850,58258320,0,0,0
PF207,20220218,20220218,133741000,13:37:41,7440,1572,11850,58258320,0,0,0
PF207,20220218,20220218,133741500,13:37:42,7440,1572,11850,58258320,0,0,0
PF207,20220218,20220218,133742000,13:37:42,7440,1572,11850,58258320,0,0,0
PF207,20220218,20220218,133742500,13:37:43,7440,1572,11850,58258320,0,0,0
PF207,20220218,20220218,133745000,13:37:45,7444,1697,11725,62907790,125,-125,4649470
PF207,20220218,20220218,133745500,13:37:45,7444,1697,11725,62907790,0,0,0
PF207,20220218,20220218,133747000,13:37:47,7444,1697,11725,62907790,0,0,0
PF207,20220218,20220218,133750500,13:37:51,7444,1697,11725,62907790,0,0,0
PF207,20220218,20220218,133751000,13:37:51,7444,1697,11725,62907790,0,0,0
PF207,20220218,20220218,133752500,13:37:54,7444,1697,11725,62907790,0,0,0
PF207,20220218,20220218,133755000,13:37:55,7444,1697,11725,62907790,0,0,0
PF207,20220218,20220218,133755500,13:37:55,7444,1697,11725,62907790,0,0,0
PF207,20220218,20220218,133756000,13:37:56,7444,1697,11725,62907790,0,0,0
PF207,20220218,20220218,133802000,13:38:03,7444,1697,11725,62907790,0,0,0
PF207,20220218,20220218,133802500,13:38:05,7444,1697,11725,62907790,0,0,0
PF207,20220218,20220218,133812500,13:38:14,7444,1697,11725,62907790,0,0,0
PF207,20220218,20220218,133817500,13:38:18,7444,1697,11725,62907790,0,0,0
PF207,20220218,20220218,133818000,13:38:18,7444,1707,11725,63278490,10,0,370700
PF207,20220218,20220218,133818500,13:38:19,7444,1707,11725,63278490,0,0,0
PF207,20220218,20220218,133821000,13:38:22,7444,1707,11725,63278490,0,0,0
PF207,20220218,20220218,133821500,13:38:23,7444,1707,11725,63278490,0,0,0
PF207,20220218,20220218,133822500,13:38:23,7444,1707,11725,63278490,0,0,0
PF207,20220218,20220218,133823000,13:38:24,7444,1707,11725,63278490,0,0,0
PF207,20220218,20220218,133824000,13:38:24,7444,1707,11725,63278490,0,0,0
PF207,20220218,20220218,133824500,13:38:41,7444,1707,11725,63278490,0,0,0
PF207,20220218,20220218,133825000,13:38:41,7444,1707,11725,63278490,0,0,0
PF207,20220218,20220218,133825500,13:38:42,7444,1707,11725,63278490,0,0,0
PF207,20220218,20220218,133833500,13:38:42,7450,1720,11736,63760400,13,11,481910
PF207,20220218,20220218,133913500,13:39:14,7450,1721,11736,63797470,1,0,37070
PF207,20220218,20220218,133914000,13:39:15,7450,1724,11739,63908680,3,3,111210
PF207,20220218,20220218,133914500,13:39:18,7450,1851,11864,68635080,127,125,4726400
PF207,20220218,20220218,133916500,13:39:19,7450,1851,11864,68635080,0,0,0
PF207,20220218,20220218,133939500,13:39:40,7450,1851,11864,68635080,0,0,0
PF207,20220218,20220218,133943500,13:39:43,7450,1851,11864,68635080,0,0,0
PF207,20220218,20220218,133944500,13:39:45,7450,1851,11864,68635080,0,0,0
PF207,20220218,20220218,133945000,13:39:45,7450,1851,11864,68635080,0,0,0
PF207,20220218,20220218,133945500,13:39:46,7450,1851,11864,68635080,0,0,0
PF207,20220218,20220218,133946000,13:39:47,7450,1851,11864,68635080,0,0,0
PF207,20220218,20220218,133946500,13:39:47,7450,1851,11864,68635080,0,0,0
PF207,20220218,20220218,133947000,13:39:47,7450,1851,11864,68635080,0,0,0
PF207,20220218,20220218,133952500,13:39:53,7450,1851,11864,68635080,0,0,0
PF207,20220218,20220218,133953000,13:39:54,7450,1851,11864,68635080,0,0,0
PF207,20220218,20220218,133953500,13:39:54,7450,1851,11864,68635080,0,0,0
PF207,20220218,20220218,133954000,13:39:55,7450,1851,11864,68635080,0,0,0
PF207,20220218,20220218,133954500,13:39:55,7450,1851,11864,68635080,0,0,0
PF207,20220218,20220218,133955000,13:39:55,7450,1851,11864,68635080,0,0,0
PF207,20220218,20220218,133955500,13:39:56,7450,1851,11864,68635080,0,0,0
PF207,20220218,20220218,133956000,13:39:56,7450,1851,11864,68635080,0,0,0
PF207,20220218,20220218,133956500,13:39:57,7450,1851,11864,68635080,0,0,0
PF207,20220218,20220218,133958000,13:40:13,7450,1851,11864,68635080,0,0,0
PF207,20220218,20220218,134005000,13:40:13,7450,1851,11864,68635080,0,0,0
PF207,20220218,20220218,134016000,13:40:16,7450,1851,11864,68635080,0,0,0
PF207,20220218,20220218,134036500,13:40:36,7450,1851,11864,68635080,0,0,0
PF207,20220218,20220218,134050000,13:40:50,7450,1851,11864,68635080,0,0,0
PF207,20220218,20220218,134050500,13:40:50,7450,1851,11864,68635080,0,0,0
PF207,20220218,20220218,134051500,13:40:55,7450,1851,11864,68635080,0,0,0
PF207,20220218,20220218,134054000,13:40:55,7450,1851,11864,68635080,0,0,0
PF207,20220218,20220218,134057500,13:40:58,7450,1851,11864,68635080,0,0,0
PF207,20220218,20220218,134058000,13:40:59,7450,1851,11864,68635080,0,0,0
PF207,20220218,20220218,134107000,13:41:09,7450,1851,11864,68635080,0,0,0
PF207,20220218,20220218,134108000,13:41:09,7450,1851,11864,68635080,0,0,0
PF207,20220218,20220218,134109000,13:41:10,7450,1851,11864,68635080,0,0,0
PF207,20220218,20220218,134113000,13:41:13,7450,1851,11864,68635080,0,0,0
PF207,20220218,20220218,134113500,13:41:13,7450,1851,11864,68635080,0,0,0
PF207,20220218,20220218,134114500,13:41:16,7450,1851,11864,68635080,0,0,0
PF207,20220218,20220218,134115000,13:41:16,7450,1851,11864,68635080,0,0,0
PF207,20220218,20220218,134115500,13:41:16,7450,1851,11864,68635080,0,0,0
PF207,20220218,20220218,134117000,13:41:17,7450,1851,11864,68635080,0,0,0
PF207,20220218,20220218,134120000,13:41:22,7450,1851,11864,68635080,0,0,0
PF207,20220218,20220218,134120500,13:41:23,7450,1851,11864,68635080,0,0,0
PF207,20220218,20220218,134123000,13:41:24,7450,1851,11864,68635080,0,0,0
PF207,20220218,20220218,134142500,13:41:42,7450,1851,11864,68635080,0,0,0
PF207,20220218,20220218,134143000,13:41:44,7450,1851,11864,68635080,0,0,0
PF207,20220218,20220218,134143500,13:41:44,7450,1851,11864,68635080,0,0,0
PF207,20220218,20220218,134144000,13:41:44,7450,1851,11864,68635080,0,0,0
PF207,20220218,20220218,134145000,13:41:45,7450,1851,11864,68635080,0,0,0
PF207,20220218,20220218,134145500,13:41:45,7450,1851,11864,68635080,0,0,0
PF207,20220218,20220218,134146000,13:41:47,7450,1851,11864,68635080,0,0,0
PF207,20220218,20220218,134146500,13:41:47,7450,1851,11864,68635080,0,0,0
PF207,20220218,20220218,134147000,13:41:47,7450,1851,11864,68635080,0,0,0
PF207,20220218,20220218,134147500,13:41:48,7450,1851,11864,68635080,0,0,0
PF207,20220218,20220218,134148000,13:41:48,7450,1851,11864,68635080,0,0,0
PF207,20220218,20220218,134148500,13:41:49,7450,1851,11864,68635080,0,0,0
PF207,20220218,20220218,134149000,13:41:49,7450,1851,11864,68635080,0,0,0
PF207,20220218,20220218,134149500,13:41:50,7450,1851,11864,68635080,0,0,0
PF207,20220218,20220218,134150000,13:41:50,7450,1851,11864,68635080,0,0,0
PF207,20220218,20220218,134151000,13:41:51,7450,1851,11864,68635080,0,0,0
PF207,20220218,20220218,134151500,13:41:52,7450,1851,11864,68635080,0,0,0
PF207,20220218,20220218,134152000,13:41:52,7450,1851,11864,68635080,0,0,0
PF207,20220218,20220218,134152500,13:41:53,7450,1851,11864,68635080,0,0,0
PF207,20220218,20220218,134153000,13:41:54,7450,1851,11864,68635080,0,0,0
PF207,20220218,20220218,134153500,13:42:01,7450,1851,11864,68635080,0,0,0
PF207,20220218,20220218,134154000,13:42:02,7450,1851,11864,68635080,0,0,0
PF207,20220218,20220218,134154500,13:42:04,7450,1851,11864,68635080,0,0,0
PF207,20220218,20220218,134159000,13:42:06,7450,1851,11864,68635080,0,0,0
PF207,20220218,20220218,134209500,13:42:12,7450,1851,11864,68635080,0,0,0
PF207,20220218,20220218,134211000,13:42:12,7450,1851,11864,68635080,0,0,0
PF207,20220218,20220218,134211500,13:42:12,7450,1851,11864,68635080,0,0,0
PF207,20220218,20220218,134212000,13:42:13,7450,1851,11864,68635080,0,0,0
PF207,20220218,20220218,134213000,13:42:13,7450,1851,11864,68635080,0,0,0
PF207,20220218,20220218,134213500,13:42:14,7450,1851,11864,68635080,0,0,0
PF207,20220218,20220218,134214000,13:42:14,7450,1851,11864,68635080,0,0,0
PF207,20220218,20220218,134214500,13:42:15,7450,1851,11864,68635080,0,0,0
PF207,20220218,20220218,134215000,13:42:15,7450,1851,11864,68635080,0,0,0
PF207,20220218,20220218,134215500,13:42:16,7450,1851,11864,68635080,0,0,0
PF207,20220218,20220218,134218500,13:42:20,7450,1851,11864,68635080,0,0,0
PF207,20220218,20220218,134227000,13:42:28,7450,1851,11864,68635080,0,0,0
PF207,20220218,20220218,134245000,13:42:45,7450,1851,11864,68635080,0,0,0
PF207,20220218,20220218,134257000,13:42:59,7450,1851,11864,68635080,0,0,0
PF207,20220218,20220218,134317500,13:43:17,7450,1851,11864,68635080,0,0,0
PF207,20220218,20220218,134323500,13:43:24,7448,1855,11866,68783400,4,2,148320
PF207,20220218,20220218,134324000,13:43:24,7448,1855,11866,68783400,0,0,0
PF207,20220218,20220218,134325500,13:43:26,7448,1855,11866,68783400,0,0,0
PF207,20220218,20220218,134326000,13:43:26,7448,1855,11866,68783400,0,0,0
PF207,20220218,20220218,134327000,13:43:27,7448,1855,11866,68783400,0,0,0
PF207,20220218,20220218,134328500,13:43:29,7448,1855,11866,68783400,0,0,0
PF207,20220218,20220218,134329000,13:43:29,7448,1855,11866,68783400,0,0,0
PF207,20220218,20220218,134330000,13:43:30,7448,1855,11866,68783400,0,0,0
PF207,20220218,20220218,134332500,13:43:33,7448,1855,11866,68783400,0,0,0
PF207,20220218,20220218,134333000,13:43:33,7448,1855,11866,68783400,0,0,0
PF207,20220218,20220218,134350500,13:44:00,7448,1855,11866,68783400,0,0,0
PF207,20220218,20220218,134356500,13:44:04,7448,1855,11866,68783400,0,0,0
PF207,20220218,20220218,134403000,13:44:04,7448,1855,11866,68783400,0,0,0
PF207,20220218,20220218,134408500,13:44:09,7448,1855,11866,68783400,0,0,0
PF207,20220218,20220218,134409000,13:44:17,7448,1855,11866,68783400,0,0,0
PF207,20220218,20220218,134415500,13:44:17,7448,1855,11866,68783400,0,0,0
PF207,20220218,20220218,134423500,13:44:24,7448,1855,11866,68783400,0,0,0
PF207,20220218,20220218,134424000,13:44:24,7448,1855,11866,68783400,0,0,0
PF207,20220218,20220218,134425000,13:44:25,7448,1855,11866,68783400,0,0,0
PF207,20220218,20220218,134427000,13:44:27,7448,1855,11866,68783400,0,0,0
PF207,20220218,20220218,134428000,13:44:29,7448,1855,11866,68783400,0,0,0
PF207,20220218,20220218,134428500,13:44:29,7448,1855,11866,68783400,0,0,0
PF207,20220218,20220218,134429000,13:44:31,7448,1855,11866,68783400,0,0,0
PF207,20220218,20220218,134436500,13:44:37,7448,1855,11866,68783400,0,0,0
PF207,20220218,20220218,134437500,13:44:38,7448,1855,11866,68783400,0,0,0
PF207,20220218,20220218,134440000,13:44:40,7448,1855,11866,68783400,0,0,0
PF207,20220218,20220218,134442000,13:44:42,7448,1855,11866,68783400,0,0,0
PF207,20220218,20220218,134442500,13:44:43,7448,1855,11866,68783400,0,0,0
PF207,20220218,20220218,134448500,13:44:48,7448,1855,11866,68783400,0,0,0
PF207,20220218,20220218,134449000,13:44:50,7448,1855,11866,68783400,0,0,0
PF207,20220218,20220218,134449500,13:44:50,7448,1855,11866,68783400,0,0,0
PF207,20220218,20220218,134501000,13:45:01,7450,1858,11866,68894640,3,0,111240
PF207,20220218,20220218,134501500,13:45:02,7450,1858,11866,68894640,0,0,0
PF207,20220218,20220218,134502000,13:45:02,7450,1858,11866,68894640,0,0,0
PF207,20220218,20220218,134502500,13:45:03,7450,1858,11866,68894640,0,0,0
PF207,20220218,20220218,134503000,13:45:03,7450,1858,11866,68894640,0,0,0
PF207,20220218,20220218,134508000,13:45:09,7450,1858,11866,68894640,0,0,0
PF207,20220218,20220218,134508500,13:45:09,7450,1858,11866,68894640,0,0,0
PF207,20220218,20220218,134509000,13:45:10,7450,1858,11866,68894640,0,0,0
PF207,20220218,20220218,134516000,13:45:17,7450,1858,11866,68894640,0,0,0
PF207,20220218,20220218,134520500,13:45:22,7450,1858,11866,68894640,0,0,0
PF207,20220218,20220218,134521000,13:45:23,7450,1858,11866,68894640,0,0,0
PF207,20220218,20220218,134522500,13:45:24,7450,1858,11866,68894640,0,0,0
PF207,20220218,20220218,134524500,13:45:26,7450,1858,11866,68894640,0,0,0
PF207,20220218,20220218,134525000,13:45:26,7450,1858,11866,68894640,0,0,0
PF207,20220218,20220218,134525500,13:45:27,7450,1858,11866,68894640,0,0,0
PF207,20220218,20220218,134526000,13:45:28,7450,1858,11866,68894640,0,0,0
PF207,20220218,20220218,134527500,13:45:30,7450,1858,11866,68894640,0,0,0
PF207,20220218,20220218,134529000,13:45:30,7450,1858,11866,68894640,0,0,0
PF207,20220218,20220218,134530500,13:45:31,7450,1858,11866,68894640,0,0,0
PF207,20220218,20220218,134531000,13:45:31,7450,1858,11866,68894640,0,0,0
PF207,20220218,20220218,134531500,13:45:32,7450,1858,11866,68894640,0,0,0
PF207,20220218,20220218,134532000,13:45:33,7450,1858,11866,68894640,0,0,0
PF207,20220218,20220218,134535500,13:45:36,7450,1858,11866,68894640,0,0,0
PF207,20220218,20220218,134536000,13:45:37,7450,1858,11866,68894640,0,0,0
PF207,20220218,20220218,134549500,13:45:53,7450,1858,11866,68894640,0,0,0
PF207,20220218,20220218,134552000,13:45:54,7450,1858,11866,68894640,0,0,0
PF207,20220218,20220218,134554000,13:45:55,7450,1858,11866,68894640,0,0,0
PF207,20220218,20220218,134601500,13:46:02,7450,1858,11866,68894640,0,0,0
PF207,20220218,20220218,134602000,13:46:03,7450,1858,11866,68894640,0,0,0
PF207,20220218,20220218,134602500,13:46:04,7450,1858,11866,68894640,0,0,0
PF207,20220218,20220218,134603000,13:46:04,7450,1858,11866,68894640,0,0,0
PF207,20220218,20220218,134603500,13:46:04,7450,1858,11866,68894640,0,0,0
PF207,20220218,20220218,134604000,13:46:05,7450,1858,11866,68894640,0,0,0
PF207,20220218,20220218,134604500,13:46:05,7450,1858,11866,68894640,0,0,0
PF207,20220218,20220218,134619000,13:46:19,7450,1858,11866,68894640,0,0,0
PF207,20220218,20220218,134619500,13:46:19,7450,1858,11866,68894640,0,0,0
PF207,20220218,20220218,134620000,13:46:20,7450,1858,11866,68894640,0,0,0
PF207,20220218,20220218,134629000,13:46:31,7450,1858,11866,68894640,0,0,0
PF207,20220218,20220218,134631500,13:46:32,7450,1858,11866,68894640,0,0,0
PF207,20220218,20220218,134632000,13:46:32,7450,1858,11866,68894640,0,0,0
PF207,20220218,20220218,134632500,13:46:33,7450,1858,11866,68894640,0,0,0
PF207,20220218,20220218,134635000,13:46:35,7450,1858,11866,68894640,0,0,0
PF207,20220218,20220218,134635500,13:46:36,7450,1858,11866,68894640,0,0,0
PF207,20220218,20220218,134636500,13:46:37,7450,1858,11866,68894640,0,0,0
PF207,20220218,20220218,134638000,13:46:38,7450,1858,11866,68894640,0,0,0
PF207,20220218,20220218,134639500,13:46:40,7450,1859,11866,68931720,1,0,37080
PF207,20220218,20220218,134640000,13:46:42,7450,1859,11866,68931720,0,0,0
PF207,20220218,20220218,134640500,13:46:42,7450,1859,11866,68931720,0,0,0
PF207,20220218,20220218,134642500,13:46:43,7452,1863,11866,69080040,4,0,148320
PF207,20220218,20220218,134643000,13:46:43,7452,1863,11866,69080040,0,0,0
PF207,20220218,20220218,134643500,13:46:44,7452,1863,11866,69080040,0,0,0
PF207,20220218,20220218,134644000,13:46:47,7452,1863,11866,69080040,0,0,0
PF207,20220218,20220218,134644500,13:46:47,7452,1863,11866,69080040,0,0,0
PF207,20220218,20220218,134645000,13:46:47,7452,1863,11866,69080040,0,0,0
PF207,20220218,20220218,134645500,13:46:47,7452,1863,11866,69080040,0,0,0
PF207,20220218,20220218,134648500,13:46:48,7452,1863,11866,69080040,0,0,0
PF207,20220218,20220218,134649000,13:46:50,7452,1863,11866,69080040,0,0,0
PF207,20220218,20220218,134657500,13:46:57,7452,1863,11866,69080040,0,0,0
PF207,20220218,20220218,134658500,13:46:59,7452,1863,11866,69080040,0,0,0
PF207,20220218,20220218,134659000,13:46:59,7452,1863,11866,69080040,0,0,0
PF207,20220218,20220218,134702500,13:47:03,7452,1863,11866,69080040,0,0,0
PF207,20220218,20220218,134703000,13:47:03,7452,1863,11866,69080040,0,0,0
PF207,20220218,20220218,134703500,13:47:04,7452,1863,11866,69080040,0,0,0
PF207,20220218,20220218,134704000,13:47:04,7452,1863,11866,69080040,0,0,0
PF207,20220218,20220218,134704500,13:47:05,7452,1863,11866,69080040,0,0,0
PF207,20220218,20220218,134705500,13:47:06,7452,1863,11866,69080040,0,0,0
PF207,20220218,20220218,134706000,13:47:10,7452,1863,11866,69080040,0,0,0
PF207,20220218,20220218,134706500,13:47:10,7452,1863,11866,69080040,0,0,0
PF207,20220218,20220218,134710500,13:47:12,7452,1863,11866,69080040,0,0,0
PF207,20220218,20220218,134711000,13:47:16,7452,1863,11866,69080040,0,0,0
PF207,20220218,20220218,134711500,13:47:16,7452,1863,11866,69080040,0,0,0
PF207,20220218,20220218,134716500,13:47:16,7452,1863,11866,69080040,0,0,0
PF207,20220218,20220218,134717000,13:47:17,7452,1863,11866,69080040,0,0,0
PF207,20220218,20220218,134718000,13:47:19,7452,1863,11866,69080040,0,0,0
PF207,20220218,20220218,134718500,13:47:19,7452,1863,11866,69080040,0,0,0
PF207,20220218,20220218,134719000,13:47:19,7452,1863,11866,69080040,0,0,0
PF207,20220218,20220218,134724500,13:47:27,7452,1863,11866,69080040,0,0,0
PF207,20220218,20220218,134728500,13:47:28,7452,1863,11866,69080040,0,0,0
PF207,20220218,20220218,134729000,13:47:29,7452,1863,11866,69080040,0,0,0
PF207,20220218,20220218,134739000,13:47:39,7452,1863,11866,69080040,0,0,0
PF207,20220218,20220218,134739500,13:47:40,7452,1863,11866,69080040,0,0,0
PF207,20220218,20220218,134740500,13:47:41,7452,1863,11866,69080040,0,0,0
PF207,20220218,20220218,134741000,13:47:41,7452,1863,11866,69080040,0,0,0
PF207,20220218,20220218,134741500,13:47:42,7452,1863,11866,69080040,0,0,0
PF207,20220218,20220218,134742000,13:47:42,7452,1863,11866,69080040,0,0,0
PF207,20220218,20220218,134749500,13:47:50,7452,1863,11866,69080040,0,0,0
PF207,20220218,20220218,134817500,13:48:19,7450,1879,11870,69692110,16,4,612070
PF207,20220218,20220218,134818000,13:48:19,7454,1893,11869,70211370,14,-1,519260
PF207,20220218,20220218,134818500,13:48:20,7450,1902,11860,70545180,9,-9,333810
PF207,20220218,20220218,134824000,13:48:24,7448,1904,11860,70619360,2,0,74180
PF207,20220218,20220218,134824500,13:48:24,7448,1905,11860,70656450,1,0,37090
PF207,20220218,20220218,134825000,13:48:25,7448,1905,11860,70656450,0,0,0
PF207,20220218,20220218,134825500,13:48:27,7448,1905,11860,70656450,0,0,0
PF207,20220218,20220218,134826000,13:48:27,7448,1905,11860,70656450,0,0,0
PF207,20220218,20220218,134829000,13:48:29,7448,1905,11860,70656450,0,0,0
PF207,20220218,20220218,134833500,13:48:34,7448,1905,11860,70656450,0,0,0
PF207,20220218,20220218,134854500,13:48:56,7448,1905,11860,70656450,0,0,0
PF207,20220218,20220218,134855000,13:48:56,7448,1905,11860,70656450,0,0,0
PF207,20220218,20220218,134857500,13:48:57,7448,1905,11860,70656450,0,0,0
PF207,20220218,20220218,134858000,13:48:59,7448,1905,11860,70656450,0,0,0
PF207,20220218,20220218,134859000,13:48:59,7448,1905,11860,70656450,0,0,0
PF207,20220218,20220218,134859500,13:49:00,7448,1905,11860,70656450,0,0,0
PF207,20220218,20220218,134900000,13:49:00,7448,1905,11860,70656450,0,0,0
PF207,20220218,20220218,134903000,13:49:03,7448,1905,11860,70656450,0,0,0
PF207,20220218,20220218,134903500,13:49:04,7448,1905,11860,70656450,0,0,0
PF207,20220218,20220218,134904500,13:49:04,7448,1905,11860,70656450,0,0,0
PF207,20220218,20220218,134905500,13:49:05,7448,1905,11860,70656450,0,0,0
PF207,20220218,20220218,134906000,13:49:06,7448,1905,11860,70656450,0,0,0
PF207,20220218,20220218,134906500,13:49:06,7448,1905,11860,70656450,0,0,0
PF207,20220218,20220218,134907000,13:49:07,7448,1905,11860,70656450,0,0,0
PF207,20220218,20220218,134907500,13:49:07,7450,1920,11860,71212800,15,0,556350
PF207,20220218,20220218,134908000,13:49:08,7450,1920,11860,71212800,0,0,0
PF207,20220218,20220218,134909500,13:49:10,7450,1920,11860,71212800,0,0,0
PF207,20220218,20220218,134912500,13:49:13,7450,1920,11860,71212800,0,0,0
PF207,20220218,20220218,134913000,13:49:13,7450,1920,11860,71212800,0,0,0
PF207,20220218,20220218,134915000,13:49:15,7450,1920,11860,71212800,0,0,0
PF207,20220218,20220218,134922500,13:49:23,7450,1920,11860,71212800,0,0,0
PF207,20220218,20220218,134923000,13:49:24,7450,1920,11860,71212800,0,0,0
PF207,20220218,20220218,134923500,13:49:24,7450,1920,11860,71212800,0,0,0
PF207,20220218,20220218,134925000,13:49:25,7450,1920,11860,71212800,0,0,0
PF207,20220218,20220218,134925500,13:49:26,7450,1920,11860,71212800,0,0,0
PF207,20220218,20220218,134936500,13:49:37,7450,1920,11860,71212800,0,0,0
PF207,20220218,20220218,134937000,13:49:37,7450,1920,11860,71212800,0,0,0
PF207,20220218,20220218,134951000,13:49:51,7450,1920,11860,71212800,0,0,0
PF207,20220218,20220218,134958500,13:49:59,7450,1920,11860,71212800,0,0,0
PF207,20220218,20220218,135003000,13:50:03,7450,1920,11860,71212800,0,0,0
PF207,20220218,20220218,135003500,13:50:04,7450,1920,11860,71212800,0,0,0
PF207,20220218,20220218,135004500,13:50:05,7450,1920,11860,71212800,0,0,0
PF207,20220218,20220218,135005000,13:50:05,7450,1920,11860,71212800,0,0,0
PF207,20220218,20220218,135005500,13:50:06,7452,1922,11860,71286980,2,0,74180
PF207,20220218,20220218,135006000,13:50:06,7452,1922,11860,71286980,0,0,0
PF207,20220218,20220218,135007000,13:50:07,7452,1922,11860,71286980,0,0,0
PF207,20220218,20220218,135024500,13:50:26,7452,1922,11860,71286980,0,0,0
PF207,20220218,20220218,135031000,13:50:37,7452,1922,11860,71286980,0,0,0
PF207,20220218,20220218,135046500,13:50:47,7452,1922,11860,71286980,0,0,0
PF207,20220218,20220218,135047000,13:50:47,7452,1922,11860,71286980,0,0,0
PF207,20220218,20220218,135112000,13:51:21,7452,1922,11860,71286980,0,0,0
PF207,20220218,20220218,135124500,13:51:24,7452,1922,11860,71286980,0,0,0
PF207,20220218,20220218,135125000,13:51:25,7452,1922,11860,71286980,0,0,0
PF207,20220218,20220218,135126000,13:51:27,7452,1922,11860,71286980,0,0,0
PF207,20220218,20220218,135126500,13:51:27,7452,1922,11860,71286980,0,0,0
PF207,20220218,20220218,135127500,13:51:28,7452,1922,11860,71286980,0,0,0
PF207,20220218,20220218,135128000,13:51:28,7452,1922,11860,71286980,0,0,0
PF207,20220218,20220218,135128500,13:51:29,7452,1922,11860,71286980,0,0,0
PF207,20220218,20220218,135130500,13:51:31,7452,1922,11860,71286980,0,0,0
PF207,20220218,20220218,135132000,13:51:32,7452,1922,11860,71286980,0,0,0
PF207,20220218,20220218,135132500,13:51:33,7452,1922,11860,71286980,0,0,0
PF207,20220218,20220218,135134000,13:51:34,7452,1922,11860,71286980,0,0,0
PF207,20220218,20220218,135135500,13:51:35,7452,1922,11860,71286980,0,0,0
PF207,20220218,20220218,135146000,13:51:46,7452,1922,11860,71286980,0,0,0
PF207,20220218,20220218,135147500,13:51:48,7452,1922,11860,71286980,0,0,0
PF207,20220218,20220218,135148500,13:51:49,7452,1922,11860,71286980,0,0,0
PF207,20220218,20220218,135154000,13:51:54,7452,1922,11860,71286980,0,0,0
PF207,20220218,20220218,135156000,13:51:56,7452,1922,11860,71286980,0,0,0
PF207,20220218,20220218,135156500,13:51:57,7452,1922,11860,71286980,0,0,0
PF207,20220218,20220218,135201000,13:52:01,7452,1922,11860,71286980,0,0,0
PF207,20220218,20220218,135201500,13:52:03,7452,1922,11860,71286980,0,0,0
PF207,20220218,20220218,135202000,13:52:03,7452,1922,11860,71286980,0,0,0
PF207,20220218,20220218,135203500,13:52:04,7452,1922,11860,71286980,0,0,0
PF207,20220218,20220218,135220500,13:52:24,7456,1925,11860,71398250,3,0,111270
PF207,20220218,20220218,135221000,13:52:24,7456,1925,11860,71398250,0,0,0
PF207,20220218,20220218,135222500,13:52:24,7456,1925,11860,71398250,0,0,0
PF207,20220218,20220218,135234500,13:52:35,7456,1925,11860,71398250,0,0,0
PF207,20220218,20220218,135235500,13:52:36,7456,1925,11860,71398250,0,0,0
PF207,20220218,20220218,135244000,13:52:45,7456,1925,11860,71398250,0,0,0
PF207,20220218,20220218,135245000,13:52:47,7456,1925,11860,71398250,0,0,0
PF207,20220218,20220218,135245500,13:52:48,7456,1925,11860,71398250,0,0,0
PF207,20220218,20220218,135246000,13:52:48,7456,1925,11860,71398250,0,0,0
PF207,20220218,20220218,135247000,13:52:48,7456,1925,11860,71398250,0,0,0
PF207,20220218,20220218,135256000,13:52:56,7456,1925,11860,71398250,0,0,0
PF207,20220218,20220218,135301500,13:53:02,7456,1925,11860,71398250,0,0,0
PF207,20220218,20220218,135302000,13:53:02,7456,1925,11860,71398250,0,0,0
PF207,20220218,20220218,135303000,13:53:04,7456,1925,11860,71398250,0,0,0
PF207,20220218,20220218,135313500,13:53:13,7456,1925,11860,71398250,0,0,0
PF207,20220218,20220218,135315500,13:53:16,7456,1925,11860,71398250,0,0,0
PF207,20220218,20220218,135319000,13:53:20,7456,1925,11860,71398250,0,0,0
PF207,20220218,20220218,135327500,13:53:28,7452,1926,11860,71435340,1,0,37090
PF207,20220218,20220218,135330500,13:53:31,7452,1926,11860,71435340,0,0,0
PF207,20220218,20220218,135331000,13:53:31,7452,1926,11860,71435340,0,0,0
PF207,20220218,20220218,135331500,13:53:32,7452,1926,11860,71435340,0,0,0
PF207,20220218,20220218,135332000,13:53:32,7452,1926,11860,71435340,0,0,0
PF207,20220218,20220218,135334000,13:53:35,7452,1926,11860,71435340,0,0,0
PF207,20220218,20220218,135336500,13:53:44,7452,1926,11860,71435340,0,0,0
PF207,20220218,20220218,135337000,13:53:45,7452,1926,11860,71435340,0,0,0
PF207,20220218,20220218,135344000,13:53:45,7452,1926,11860,71435340,0,0,0
PF207,20220218,20220218,135349500,13:53:50,7452,1926,11860,71435340,0,0,0
PF207,20220218,20220218,135350000,13:53:50,7452,1926,11860,71435340,0,0,0
PF207,20220218,20220218,135350500,13:53:52,7452,1926,11860,71435340,0,0,0
PF207,20220218,20220218,135351500,13:53:53,7452,1926,11860,71435340,0,0,0
PF207,20220218,20220218,135359500,13:54:08,7452,1926,11860,71435340,0,0,0
PF207,20220218,20220218,135400000,13:54:08,7452,1926,11860,71435340,0,0,0
PF207,20220218,20220218,135400500,13:54:08,7452,1926,11860,71435340,0,0,0
PF207,20220218,20220218,135409500,13:54:10,7452,1926,11860,71435340,0,0,0
PF207,20220218,20220218,135410000,13:54:10,7452,1926,11860,71435340,0,0,0
PF207,20220218,20220218,135415500,13:54:15,7452,1926,11860,71435340,0,0,0
PF207,20220218,20220218,135416000,13:54:16,7452,1926,11860,71435340,0,0,0
PF207,20220218,20220218,135449500,13:54:50,7452,1926,11860,71435340,0,0,0
PF207,20220218,20220218,135502000,13:55:03,7444,1936,11860,71806240,10,0,370900
PF207,20220218,20220218,135502500,13:55:03,7444,1936,11860,71806240,0,0,0
PF207,20220218,20220218,135503000,13:55:03,7446,1938,11862,71880420,2,2,74180
PF207,20220218,20220218,135506500,13:55:06,7446,1946,11868,72177140,8,6,296720
PF207,20220218,20220218,135507000,13:55:11,7446,1946,11868,72177140,0,0,0
PF207,20220218,20220218,135507500,13:55:11,7446,1946,11868,72177140,0,0,0
PF207,20220218,20220218,135508000,13:55:12,7446,1946,11868,72177140,0,0,0
PF207,20220218,20220218,135520500,13:55:25,7446,1946,11868,72177140,0,0,0
PF207,20220218,20220218,135521000,13:55:25,7446,1946,11868,72177140,0,0,0
PF207,20220218,20220218,135524500,13:55:25,7446,1946,11868,72177140,0,0,0
PF207,20220218,20220218,135525500,13:55:26,7446,1946,11868,72177140,0,0,0
PF207,20220218,20220218,135526000,13:55:27,7446,1946,11868,72177140,0,0,0
PF207,20220218,20220218,135533000,13:55:33,7450,1955,11865,72510950,9,-3,333810
PF207,20220218,20220218,135533500,13:55:34,7450,1955,11865,72510950,0,0,0
PF207,20220218,20220218,135534000,13:55:34,7450,1955,11865,72510950,0,0,0
PF207,20220218,20220218,135536000,13:55:37,7450,1955,11865,72510950,0,0,0
PF207,20220218,20220218,135536500,13:55:37,7450,1955,11865,72510950,0,0,0
PF207,20220218,20220218,135539000,13:55:39,7450,1955,11865,72510950,0,0,0
PF207,20220218,20220218,135541500,13:55:41,7450,1955,11865,72510950,0,0,0
PF207,20220218,20220218,135542500,13:55:42,7450,1955,11865,72510950,0,0,0
PF207,20220218,20220218,135543000,13:55:45,7450,1955,11865,72510950,0,0,0
PF207,20220218,20220218,135543500,13:55:45,7450,1955,11865,72510950,0,0,0
PF207,20220218,20220218,135602000,13:56:04,7450,1955,11865,72510950,0,0,0
PF207,20220218,20220218,135618500,13:56:23,7450,1955,11865,72510950,0,0,0
PF207,20220218,20220218,135622500,13:56:23,7450,1955,11865,72510950,0,0,0
PF207,20220218,20220218,135626500,13:56:34,7450,1955,11865,72510950,0,0,0
PF207,20220218,20220218,135631000,13:56:35,7450,1955,11865,72510950,0,0,0
PF207,20220218,20220218,135634000,13:56:35,7450,1955,11865,72510950,0,0,0
PF207,20220218,20220218,135635000,13:56:35,7450,1955,11865,72510950,0,0,0
PF207,20220218,20220218,135648000,13:56:50,7450,1955,11865,72510950,0,0,0
PF207,20220218,20220218,135648500,13:56:50,7450,1955,11865,72510950,0,0,0
PF207,20220218,20220218,135659000,13:57:00,7450,1955,11865,72510950,0,0,0
PF207,20220218,20220218,135700000,13:57:01,7450,1955,11865,72510950,0,0,0
PF207,20220218,20220218,135700500,13:57:01,7450,1955,11865,72510950,0,0,0
PF207,20220218,20220218,135701500,13:57:02,7450,1955,11865,72510950,0,0,0
PF207,20220218,20220218,135702000,13:57:02,7450,1955,11865,72510950,0,0,0
PF207,20220218,20220218,135706500,13:57:06,7450,1955,11865,72510950,0,0,0
PF207,20220218,20220218,135707000,13:57:07,7450,1955,11865,72510950,0,0,0
