PF206,20220218,20220218,112003000,11:20:03,0,0,0,0,0,0,0
PF206,20220218,20220218,112002700,11:20:04,7406,10936,63875,404194560,10936,63875,404194560
PF206,20220218,20220218,112004500,11:20:09,7406,10936,63875,404194560,0,0,0
PF206,20220218,20220218,112005000,11:20:10,7406,10936,63875,404194560,0,0,0
PF206,20220218,20220218,112006000,11:20:10,7406,10936,63875,404194560,0,0,0
PF206,20220218,20220218,112006500,11:20:10,7406,10936,63875,404194560,0,0,0
PF206,20220218,20220218,112007000,11:20:10,7406,10936,63875,404194560,0,0,0
PF206,20220218,20220218,112007500,11:20:10,7406,10936,63875,404194560,0,0,0
PF206,20220218,20220218,112008000,11:20:10,7406,10936,63875,404194560,0,0,0
PF206,20220218,20220218,112008500,11:20:10,7406,10936,63875,404194560,0,0,0
PF206,20220218,20220218,112009000,11:20:10,7406,10936,63875,404194560,0,0,0
PF206,20220218,20220218,112009500,11:20:10,7406,10936,63875,404194560,0,0,0
PF206,20220218,20220218,112010000,11:20:10,7406,10936,63875,404194560,0,0,0
PF206,20220218,20220218,112010500,11:20:10,7406,10936,63875,404194560,0,0,0
PF206,20220218,20220218,112011000,11:20:11,7406,10936,63875,404194560,0,0,0
PF206,20220218,20220218,112011500,11:20:12,7406,10936,63875,404194560,0,0,0
PF206,20220218,20220218,112012000,11:20:12,7406,10936,63875,404194560,0,0,0
PF206,20220218,20220218,112012500,11:20:12,7406,10936,63875,404194560,0,0,0
PF206,20220218,20220218,112013000,11:20:13,7406,10936,63875,404194560,0,0,0
PF206,20220218,20220218,112013500,11:20:13,7406,10936,63875,404194560,0,0,0
PF206,20220218,20220218,112014000,11:20:14,7406,10936,63875,404194560,0,0,0
PF206,20220218,20220218,112014500,11:20:14,7406,10936,63875,404194560,0,0,0
PF206,20220218,20220218,112015000,11:20:15,7406,10936,63875,404194560,0,0,0
PF206,20220218,20220218,112015500,11:20:16,7406,10936,63875,404194560,0,0,0
PF206,20220218,20220218,112016000,11:20:16,7406,10936,63875,404194560,0,0,0
PF206,20220218,20220218,112016500,11:20:16,7406,10936,63875,404194560,0,0,0
PF206,20220218,20220218,112017000,11:20:17,7406,10936,63875,404194560,0,0,0
PF206,20220218,20220218,112018500,11:20:18,7402,10944,63873,404490240,8,-2,295680
PF206,20220218,20220218,112019000,11:20:19,7402,10944,63873,404490240,0,0,0
PF206,20220218,20220218,112019500,11:20:20,7402,10944,63873,404490240,0,0,0
PF206,20220218,20220218,112020000,11:20:20,7402,10944,63873,404490240,0,0,0
PF206,20220218,20220218,112021000,11:20:21,7402,10944,63873,404490240,0,0,0
PF206,20220218,20220218,112021500,11:20:21,7402,10944,63873,404490240,0,0,0
PF206,20220218,20220218,112022000,11:20:22,7402,10944,63873,404490240,0,0,0
PF206,20220218,20220218,112025000,11:20:25,7402,10944,63873,404490240,0,0,0
PF206,20220218,20220218,112026000,11:20:26,7404,10945,63872,404527200,1,-1,36960
PF206,20220218,20220218,112026500,11:20:26,7404,10945,63872,404527200,0,0,0
PF206,20220218,20220218,112027000,11:20:27,7404,10945,63872,404527200,0,0,0
PF206,20220218,20220218,112028500,11:20:28,7404,10946,63871,404564160,1,-1,36960
PF206,20220218,20220218,112030000,11:20:31,7404,10946,63871,404564160,0,0,0
PF206,20220218,20220218,112030500,11:20:31,7402,10952,63865,404785920,6,-6,221760
PF206,20220218,20220218,112031000,11:20:32,7400,10957,63866,404970720,5,1,184800
PF206,20220218,20220218,112031500,11:20:32,7400,10957,63866,404970720,0,0,0
PF206,20220218,20220218,112032000,11:20:32,7400,10957,63866,404970720,0,0,0
PF206,20220218,20220218,112032500,11:20:32,7400,10957,63866,404970720,0,0,0
PF206,20220218,20220218,112033000,11:20:33,7402,10959,63864,405044640,2,-2,73920
PF206,20220218,20220218,112033500,11:20:33,7402,10960,63863,405081600,1,-1,36960
PF206,20220218,20220218,112034000,11:20:34,7402,10960,63863,405081600,0,0,0
PF206,20220218,20220218,112034500,11:20:35,7402,10960,63863,405081600,0,0,0
PF206,20220218,20220218,112035500,11:20:35,7402,10960,63863,405081600,0,0,0
PF206,20220218,20220218,112036000,11:20:36,7402,10960,63863,405081600,0,0,0
PF206,20220218,20220218,112036500,11:20:37,7402,10960,63863,405081600,0,0,0
PF206,20220218,20220218,112038500,11:20:39,7402,10960,63863,405081600,0,0,0
PF206,20220218,20220218,112039000,11:20:39,7404,10961,63863,405118560,1,0,36960
PF206,20220218,20220218,112042000,11:20:42,7404,10961,63863,405118560,0,0,0
PF206,20220218,20220218,112042500,11:20:42,7404,10961,63863,405118560,0,0,0
PF206,20220218,20220218,112044500,11:20:45,7404,10961,63863,405118560,0,0,0
PF206,20220218,20220218,112045000,11:20:45,7404,10961,63863,405118560,0,0,0
PF206,20220218,20220218,112045500,11:20:46,7404,10961,63863,405118560,0,0,0
PF206,20220218,20220218,112046000,11:20:46,7404,10961,63863,405118560,0,0,0
PF206,20220218,20220218,112046500,11:20:46,7404,10961,63863,405118560,0,0,0
PF206,20220218,20220218,112051500,11:20:52,7404,10961,63863,405118560,0,0,0
PF206,20220218,20220218,112052000,11:20:53,7404,10962,63862,405155520,1,-1,36960
PF206,20220218,20220218,112052500,11:20:53,7404,10962,63862,405155520,0,0,0
PF206,20220218,20220218,112053000,11:20:53,7404,10962,63862,405155520,0,0,0
PF206,20220218,20220218,112054000,11:20:54,7404,10962,63862,405155520,0,0,0
PF206,20220218,20220218,112056500,11:20:57,7404,10962,63862,405155520,0,0,0
PF206,20220218,20220218,112101000,11:21:01,7404,10962,63862,405155520,0,0,0
PF206,20220218,20220218,112102500,11:21:03,7404,10983,63862,405931680,21,0,776160
PF206,20220218,20220218,112103000,11:21:03,7404,10983,63862,405931680,0,0,0
PF206,20220218,20220218,112103500,11:21:04,7404,10983,63862,405931680,0,0,0
PF206,20220218,20220218,112104000,11:21:04,7404,10984,63861,405968640,1,-1,36960
PF206,20220218,20220218,112104500,11:21:05,7404,10984,63861,405968640,0,0,0
PF206,20220218,20220218,112105500,11:21:07,7404,10984,63861,405968640,0,0,0
PF206,20220218,20220218,112106000,11:21:07,7406,10987,63864,406079520,3,3,110880
PF206,20220218,20220218,112106500,11:21:07,7406,10987,63864,406079520,0,0,0
PF206,20220218,20220218,112107000,11:21:10,7406,10987,63864,406079520,0,0,0
PF206,20220218,20220218,112107500,11:21:10,7406,10987,63864,406079520,0,0,0
PF206,20220218,20220218,112109000,11:21:10,7406,10987,63864,406079520,0,0,0
PF206,20220218,20220218,112114500,11:21:14,7406,10987,63864,406079520,0,0,0
PF206,20220218,20220218,112115000,11:21:15,7406,10987,63864,406079520,0,0,0
PF206,20220218,20220218,112116500,11:21:17,7406,10987,63864,406079520,0,0,0
PF206,20220218,20220218,112117000,11:21:17,7406,10987,63864,406079520,0,0,0
PF206,20220218,20220218,112117500,11:21:18,7406,10987,63864,406079520,0,0,0
PF206,20220218,20220218,112118000,11:21:18,7406,10987,63864,406079520,0,0,0
PF206,20220218,20220218,112120500,11:21:22,7406,10987,63864,406079520,0,0,0
PF206,20220218,20220218,112121000,11:21:22,7406,10987,63864,406079520,0,0,0
PF206,20220218,20220218,112121500,11:21:22,7406,10987,63864,406079520,0,0,0
PF206,20220218,20220218,112122000,11:21:22,7406,10987,63864,406079520,0,0,0
PF206,20220218,20220218,112123500,11:21:23,7406,10987,63864,406079520,0,0,0
PF206,20220218,20220218,112125000,11:22:29,7406,10987,63864,406079520,0,0,0
PF206,20220218,20220218,112126000,11:23:33,7404,10989,63862,406153440,2,-2,73920
PF206,20220218,20220218,112332500,11:23:33,7404,10989,63862,406153440,0,0,0
PF206,20220218,20220218,112333000,11:23:33,7404,10989,63862,406153440,0,0,0
PF206,20220218,20220218,112334000,11:23:34,7404,10989,63862,406153440,0,0,0
PF206,20220218,20220218,112334500,11:23:34,7404,10989,63862,406153440,0,0,0
PF206,20220218,20220218,112335500,11:23:35,7404,10989,63862,406153440,0,0,0
PF206,20220218,20220218,112336000,11:23:37,7404,10989,63862,406153440,0,0,0
PF206,20220218,20220218,112337000,11:23:38,7404,10989,63862,406153440,0,0,0
PF206,20220218,20220218,112337500,11:23:38,7404,10989,63862,406153440,0,0,0
PF206,20220218,20220218,112338000,11:23:38,7404,10989,63862,406153440,0,0,0
PF206,20220218,20220218,112339000,11:23:39,7404,10989,63862,406153440,0,0,0
PF206,20220218,20220218,112339500,11:23:39,7404,10989,63862,406153440,0,0,0
PF206,20220218,20220218,112340000,11:23:40,7404,10989,63862,406153440,0,0,0
PF206,20220218,20220218,112341000,11:23:41,7404,10989,63862,406153440,0,0,0
PF206,20220218,20220218,112341500,11:23:42,7404,10989,63862,406153440,0,0,0
PF206,20220218,20220218,112342000,11:23:42,7404,10989,63862,406153440,0,0,0
PF206,20220218,20220218,112342500,11:23:43,7404,10989,63862,406153440,0,0,0
PF206,20220218,20220218,112343500,11:23:43,7406,11237,63899,415319520,248,37,9166080
PF206,20220218,20220218,112344000,11:23:48,7406,11237,63899,415319520,0,0,0
PF206,20220218,20220218,112347000,11:23:48,7406,11237,63899,415319520,0,0,0
PF206,20220218,20220218,112349000,11:23:49,7406,11237,63899,415319520,0,0,0
PF206,20220218,20220218,112349500,11:23:50,7406,11237,63899,415319520,0,0,0
PF206,20220218,20220218,112350000,11:23:50,7406,11238,63898,415356480,1,-1,36960
PF206,20220218,20220218,112350500,11:23:50,7406,11238,63898,415356480,0,0,0
PF206,20220218,20220218,112355000,11:23:55,7406,11238,63898,415356480,0,0,0
PF206,20220218,20220218,112356500,11:23:56,7406,11238,63898,415356480,0,0,0
PF206,20220218,20220218,112401500,11:24:01,7406,11238,63898,415356480,0,0,0
PF206,20220218,20220218,112402000,11:24:02,7406,11238,63898,415356480,0,0,0
PF206,20220218,20220218,112403500,11:24:04,7406,11238,63898,415356480,0,0,0
PF206,20220218,20220218,112404000,11:24:04,7406,11238,63898,415356480,0,0,0
PF206,20220218,20220218,112411500,11:24:12,7406,11238,63898,415356480,0,0,0
PF206,20220218,20220218,112412500,11:24:13,7406,11238,63898,415356480,0,0,0
PF206,20220218,20220218,112413000,11:24:13,7406,11238,63898,415356480,0,0,0
PF206,20220218,20220218,112418500,11:24:19,7406,11238,63898,415356480,0,0,0
PF206,20220218,20220218,112419000,11:24:19,7406,11238,63898,415356480,0,0,0
PF206,20220218,20220218,112419500,11:24:20,7406,11238,63898,415356480,0,0,0
PF206,20220218,20220218,112420000,11:24:20,7406,11238,63898,415356480,0,0,0
PF206,20220218,20220218,112420500,11:24:20,7406,11238,63898,415356480,0,0,0
PF206,20220218,20220218,112422000,11:24:22,7406,11238,63898,415356480,0,0,0
PF206,20220218,20220218,112422500,11:24:23,7406,11238,63898,415356480,0,0,0
PF206,20220218,20220218,112423000,11:24:23,7406,11238,63898,415356480,0,0,0
PF206,20220218,20220218,112426500,11:24:26,7406,11238,63898,415356480,0,0,0
PF206,20220218,20220218,112427000,11:24:27,7406,11238,63898,415356480,0,0,0
PF206,20220218,20220218,112427500,11:24:28,7406,11238,63898,415356480,0,0,0
PF206,20220218,20220218,112429500,11:24:30,7406,11238,63898,415356480,0,0,0
PF206,20220218,20220218,112430000,11:24:30,7406,11238,63898,415356480,0,0,0
PF206,20220218,20220218,112430500,11:24:30,7406,11238,63898,415356480,0,0,0
PF206,20220218,20220218,112431000,11:24:31,7406,11238,63898,415356480,0,0,0
PF206,20220218,20220218,112433000,11:24:33,7406,11238,63898,415356480,0,0,0
PF206,20220218,20220218,112437000,11:24:37,7406,11238,63898,415356480,0,0,0
PF206,20220218,20220218,112443000,11:24:43,7404,11241,63895,415467360,3,-3,110880
PF206,20220218,20220218,112454500,11:24:54,7404,11242,63894,415504320,1,-1,36960
PF206,20220218,20220218,112455000,11:24:55,7404,11242,63894,415504320,0,0,0
PF206,20220218,20220218,112455500,11:24:56,7404,11242,63894,415504320,0,0,0
PF206,20220218,20220218,112457000,11:24:57,7404,11242,63894,415504320,0,0,0
PF206,20220218,20220218,112457500,11:24:57,7404,11242,63894,415504320,0,0,0
PF206,20220218,20220218,112459000,11:24:59,7404,11242,63894,415504320,0,0,0
PF206,20220218,20220218,112459500,11:24:59,7404,11242,63894,415504320,0,0,0
PF206,20220218,20220218,112500500,11:25:01,7404,11242,63894,415504320,0,0,0
PF206,20220218,20220218,112501000,11:25:02,7404,11242,63894,415504320,0,0,0
PF206,20220218,20220218,112501500,11:25:05,7404,11242,63894,415504320,0,0,0
PF206,20220218,20220218,112502000,11:25:05,7404,11242,63894,415504320,0,0,0
PF206,20220218,20220218,112504500,11:25:06,7404,11242,63894,415504320,0,0,0
PF206,20220218,20220218,112505500,11:25:06,7404,11242,63894,415504320,0,0,0
PF206,20220218,20220218,112506000,11:25:07,7404,11242,63894,415504320,0,0,0
PF206,20220218,20220218,112508500,11:25:08,7404,11242,63894,415504320,0,0,0
PF206,20220218,20220218,112509000,11:25:09,7404,11242,63894,415504320,0,0,0
PF206,20220218,20220218,112509500,11:25:09,7404,11242,63894,415504320,0,0,0
PF206,20220218,20220218,112510500,11:25:10,7404,11242,63894,415504320,0,0,0
PF206,20220218,20220218,112511000,11:25:11,7404,11242,63894,415504320,0,0,0
PF206,20220218,20220218,112521000,11:25:21,7404,11242,63894,415504320,0,0,0
PF206,20220218,20220218,112521500,11:25:22,7404,11242,63894,415504320,0,0,0
PF206,20220218,20220218,112522500,11:25:22,7404,11242,63894,415504320,0,0,0
PF206,20220218,20220218,112523000,11:25:23,7404,11242,63894,415504320,0,0,0
PF206,20220218,20220218,112523500,11:25:24,7404,11242,63894,415504320,0,0,0
PF206,20220218,20220218,112525000,11:25:25,7404,11242,63894,415504320,0,0,0
PF206,20220218,20220218,112525500,11:25:26,7404,11242,63894,415504320,0,0,0
PF206,20220218,20220218,112526500,11:25:27,7404,11242,63894,415504320,0,0,0
PF206,20220218,20220218,112528000,11:25:28,7404,11242,63894,415504320,0,0,0
PF206,20220218,20220218,112528500,11:25:28,7404,11242,63894,415504320,0,0,0
PF206,20220218,20220218,112529500,11:25:30,7404,11242,63894,415504320,0,0,0
PF206,20220218,20220218,112530000,11:25:30,7404,11242,63894,415504320,0,0,0
PF206,20220218,20220218,112530500,11:25:31,7404,11249,63887,415763040,7,-7,258720
PF206,20220218,20220218,112531000,11:25:31,7404,11261,63882,416206560,12,-5,443520
PF206,20220218,20220218,112531500,11:25:32,7404,11263,63881,416280480,2,-1,73920
PF206,20220218,20220218,112532000,11:25:32,7404,11263,63881,416280480,0,0,0
PF206,20220218,20220218,112532500,11:25:33,7404,11263,63881,416280480,0,0,0
PF206,20220218,20220218,112533000,11:25:33,7404,11263,63881,416280480,0,0,0
PF206,20220218,20220218,112533500,11:25:33,7404,11263,63881,416280480,0,0,0
PF206,20220218,20220218,112534000,11:25:34,7404,11263,63881,416280480,0,0,0
PF206,20220218,20220218,112536000,11:25:37,7404,11263,63881,416280480,0,0,0
PF206,20220218,20220218,112538500,11:25:39,7404,11263,63881,416280480,0,0,0
PF206,20220218,20220218,112539000,11:25:39,7404,11263,63881,416280480,0,0,0
PF206,20220218,20220218,112541500,11:25:41,7404,11263,63881,416280480,0,0,0
PF206,20220218,20220218,112542000,11:25:42,7404,11263,63881,416280480,0,0,0
PF206,20220218,20220218,112543000,11:25:43,7404,11263,63881,416280480,0,0,0
PF206,20220218,20220218,112543500,11:25:43,7404,11263,63881,416280480,0,0,0
PF206,20220218,20220218,112544500,11:25:44,7406,11266,63881,416391360,3,0,110880
PF206,20220218,20220218,112545000,11:25:45,7406,11266,63881,416391360,0,0,0
PF206,20220218,20220218,112546000,11:25:47,7406,11266,63881,416391360,0,0,0
PF206,20220218,20220218,112547500,11:25:48,7406,11266,63881,416391360,0,0,0
PF206,20220218,20220218,112549000,11:25:49,7406,11266,63881,416391360,0,0,0
PF206,20220218,20220218,112553000,11:25:53,7406,11266,63881,416391360,0,0,0
PF206,20220218,20220218,112553500,11:25:54,7406,11266,63881,416391360,0,0,0
PF206,20220218,20220218,112554000,11:25:54,7406,11266,63881,416391360,0,0,0
PF206,20220218,20220218,112559000,11:26:00,7406,11266,63881,416391360,0,0,0
PF206,20220218,20220218,112559500,11:26:00,7406,11266,63881,416391360,0,0,0
PF206,20220218,20220218,112600500,11:26:01,7406,11266,63881,416391360,0,0,0
PF206,20220218,20220218,112601000,11:26:01,7406,11266,63881,416391360,0,0,0
PF206,20220218,20220218,112605000,11:26:05,7406,11266,63881,416391360,0,0,0
PF206,20220218,20220218,112605500,11:26:06,7406,11266,63881,416391360,0,0,0
PF206,20220218,20220218,112606000,11:26:06,7406,11266,63881,416391360,0,0,0
PF206,20220218,20220218,112607500,11:26:09,7406,11266,63881,416391360,0,0,0
PF206,20220218,20220218,112609500,11:26:10,7406,11266,63881,416391360,0,0,0
PF206,20220218,20220218,112612000,11:26:14,7406,11266,63881,416391360,0,0,0
PF206,20220218,20220218,112616000,11:26:16,7406,11266,63881,416391360,0,0,0
PF206,20220218,20220218,112616500,11:26:17,7406,11266,63881,416391360,0,0,0
PF206,20220218,20220218,112618000,11:26:18,7406,11266,63881,416391360,0,0,0
PF206,20220218,20220218,112619000,11:26:19,7408,11268,63880,416465280,2,-1,73920
PF206,20220218,20220218,112619500,11:26:20,7408,11270,63880,416539200,2,0,73920
PF206,20220218,20220218,112620000,11:26:20,7408,11270,63880,416539200,0,0,0
PF206,20220218,20220218,112620500,11:26:20,7408,11270,63880,416539200,0,0,0
PF206,20220218,20220218,112621000,11:26:21,7408,11271,63880,416576160,1,0,36960
PF206,20220218,20220218,112622500,11:26:23,7408,11271,63880,416576160,0,0,0
PF206,20220218,20220218,112623500,11:26:23,7408,11271,63880,416576160,0,0,0
PF206,20220218,20220218,112624000,11:26:24,7408,11271,63880,416576160,0,0,0
PF206,20220218,20220218,112624500,11:26:24,7408,11271,63880,416576160,0,0,0
PF206,20220218,20220218,112625000,11:26:25,7408,11271,63880,416576160,0,0,0
PF206,20220218,20220218,112625500,11:26:25,7408,11271,63880,416576160,0,0,0
PF206,20220218,20220218,112626000,11:26:26,7408,11271,63880,416576160,0,0,0
PF206,20220218,20220218,112628000,11:26:28,7408,11271,63880,416576160,0,0,0
PF206,20220218,20220218,112628500,11:26:28,7408,11271,63880,416576160,0,0,0
PF206,20220218,20220218,112629000,11:26:29,7408,11271,63880,416576160,0,0,0
PF206,20220218,20220218,112629500,11:26:30,7408,11271,63880,416576160,0,0,0
PF206,20220218,20220218,112631500,11:26:32,7408,11271,63880,416576160,0,0,0
PF206,20220218,20220218,112632500,11:26:32,7408,11271,63880,416576160,0,0,0
PF206,20220218,20220218,112633000,11:26:33,7408,11271,63880,416576160,0,0,0
PF206,20220218,20220218,112634000,11:26:35,7408,11271,63880,416576160,0,0,0
PF206,20220218,20220218,112637500,11:27:10,7408,11271,63880,416576160,0,0,0
PF206,20220218,20220218,112638000,11:27:10,7408,11271,63880,416576160,0,0,0
PF206,20220218,20220218,112651000,11:27:10,7408,11271,63880,416576160,0,0,0
PF206,20220218,20220218,112709000,11:27:12,7408,11271,63880,416576160,0,0,0
PF206,20220218,20220218,112721500,11:27:22,7408,11271,63880,416576160,0,0,0
PF206,20220218,20220218,112726500,11:27:27,7408,11271,63880,416576160,0,0,0
PF206,20220218,20220218,112727500,11:27:27,7408,11271,63880,416576160,0,0,0
PF206,20220218,20220218,112728500,11:27:28,7408,11271,63880,416576160,0,0,0
PF206,20220218,20220218,112735500,11:27:36,7408,11271,63880,416576160,0,0,0
PF206,20220218,20220218,112736000,11:27:37,7408,11271,63880,416576160,0,0,0
PF206,20220218,20220218,112736500,11:27:38,7408,11271,63880,416576160,0,0,0
PF206,20220218,20220218,112737500,11:27:38,7408,11271,63880,416576160,0,0,0
PF206,20220218,20220218,112738000,11:27:39,7408,11271,63880,416576160,0,0,0
PF206,20220218,20220218,112738500,11:27:39,7408,11271,63880,416576160,0,0,0
PF206,20220218,20220218,112739000,11:27:39,7408,11271,63880,416576160,0,0,0
PF206,20220218,20220218,112740500,11:27:40,7408,11271,63880,416576160,0,0,0
PF206,20220218,20220218,112741000,11:27:41,7408,11271,63880,416576160,0,0,0
PF206,20220218,20220218,112741500,11:27:42,7408,11271,63880,416576160,0,0,0
PF206,20220218,20220218,112745000,11:27:46,7408,11271,63880,416576160,0,0,0
PF206,20220218,20220218,112745500,11:27:46,7408,11271,63880,416576160,0,0,0
PF206,20220218,20220218,112746500,11:27:47,7408,11271,63880,416576160,0,0,0
PF206,20220218,20220218,112753500,11:27:54,7408,11271,63880,416576160,0,0,0
PF206,20220218,20220218,112754500,11:27:55,7408,11271,63880,416576160,0,0,0
PF206,20220218,20220218,112756000,11:27:56,7408,11271,63880,416576160,0,0,0
PF206,20220218,20220218,112757000,11:27:57,7408,11271,63880,416576160,0,0,0
PF206,20220218,20220218,112758500,11:27:59,7408,11271,63880,416576160,0,0,0
PF206,20220218,20220218,112759000,11:27:59,7408,11271,63880,416576160,0,0,0
PF206,20220218,20220218,112759500,11:27:59,7408,11271,63880,416576160,0,0,0
PF206,20220218,20220218,112800000,11:28:01,7408,11271,63880,416576160,0,0,0
PF206,20220218,20220218,112801000,11:28:01,7408,11271,63880,416576160,0,0,0
PF206,20220218,20220218,112802000,11:28:03,7408,11271,63880,416576160,0,0,0
PF206,20220218,20220218,112802500,11:28:03,7408,11271,63880,416576160,0,0,0
PF206,20220218,20220218,112803000,11:28:04,7408,11271,63880,416576160,0,0,0
PF206,20220218,20220218,112803500,11:28:04,7408,11271,63880,416576160,0,0,0
PF206,20220218,20220218,112804000,11:28:05,7408,11271,63880,416576160,0,0,0
PF206,20220218,20220218,112809500,11:28:11,7408,11271,63880,416576160,0,0,0
PF206,20220218,20220218,112811000,11:28:12,7408,11271,63880,416576160,0,0,0
PF206,20220218,20220218,112811500,11:28:12,7408,11271,63880,416576160,0,0,0
PF206,20220218,20220218,112813000,11:28:13,7408,11271,63880,416576160,0,0,0
PF206,20220218,20220218,112813500,11:28:14,7408,11271,63880,416576160,0,0,0
PF206,20220218,20220218,112829500,11:28:29,7408,11271,63880,416576160,0,0,0
PF206,20220218,20220218,112830000,11:28:30,7408,11271,63880,416576160,0,0,0
PF206,20220218,20220218,112830500,11:28:31,7408,11271,63880,416576160,0,0,0
PF206,20220218,20220218,112831000,11:28:31,7410,11343,63894,419237280,72,14,2661120
PF206,20220218,20220218,112832000,11:28:32,7410,11343,63894,419237280,0,0,0
PF206,20220218,20220218,112833000,11:28:33,7410,11343,63894,419237280,0,0,0
PF206,20220218,20220218,112833500,11:28:34,7410,11343,63894,419237280,0,0,0
PF206,20220218,20220218,112835000,11:28:35,7410,11343,63894,419237280,0,0,0
PF206,20220218,20220218,112842000,11:28:42,7410,11356,63894,419717760,13,0,480480
PF206,20220218,20220218,112842500,11:28:42,7410,11356,63894,419717760,0,0,0
PF206,20220218,20220218,112843500,11:28:44,7410,11356,63894,419717760,0,0,0
PF206,20220218,20220218,112845000,11:28:45,7410,11356,63894,419717760,0,0,0
PF206,20220218,20220218,112846500,11:28:46,7410,11356,63894,419717760,0,0,0
PF206,20220218,20220218,112847000,11:28:47,7412,11373,63902,420346080,17,8,628320
PF206,20220218,20220218,112847500,11:28:48,7412,11397,63923,421233120,24,21,887040
PF206,20220218,20220218,112848000,11:28:48,7412,11397,63923,421233120,0,0,0
PF206,20220218,20220218,112849000,11:28:49,7412,11397,63923,421233120,0,0,0
PF206,20220218,20220218,112849500,11:28:50,7412,11397,63923,421233120,0,0,0
PF206,20220218,20220218,112850000,11:28:50,7412,11397,63923,421233120,0,0,0
PF206,20220218,20220218,112850500,11:28:51,7412,11397,63923,421233120,0,0,0
PF206,20220218,20220218,112851500,11:28:51,7412,11397,63923,421233120,0,0,0
PF206,20220218,20220218,112852000,11:28:53,7412,11397,63923,421233120,0,0,0
PF206,20220218,20220218,112852500,11:28:54,7412,11397,63923,421233120,0,0,0
PF206,20220218,20220218,112853000,11:28:54,7412,11397,63923,421233120,0,0,0
PF206,20220218,20220218,112853500,11:28:54,7412,11397,63923,421233120,0,0,0
PF206,20220218,20220218,112854000,11:28:54,7412,11397,63923,421233120,0,0,0
PF206,20220218,20220218,112854500,11:28:54,7412,11397,63923,421233120,0,0,0
PF206,20220218,20220218,112855000,11:28:55,7416,11410,63933,421713600,13,10,480480
PF206,20220218,20220218,112855500,11:28:56,7416,11410,63933,421713600,0,0,0
PF206,20220218,20220218,112856500,11:28:56,7416,11410,63933,421713600,0,0,0
PF206,20220218,20220218,112858000,11:28:58,7416,11410,63933,421713600,0,0,0
PF206,20220218,20220218,112858500,11:28:59,7416,11410,63933,421713600,0,0,0
PF206,20220218,20220218,112859000,11:28:59,7416,11410,63933,421713600,0,0,0
PF206,20220218,20220218,112900500,11:29:01,7416,11410,63933,421713600,0,0,0
PF206,20220218,20220218,112901000,11:29:01,7416,11410,63933,421713600,0,0,0
PF206,20220218,20220218,112901500,11:29:02,7416,11410,63933,421713600,0,0,0
PF206,20220218,20220218,112902000,11:29:02,7416,11410,63933,421713600,0,0,0
PF206,20220218,20220218,112902500,11:29:03,7416,11411,63934,421750560,1,1,36960
PF206,20220218,20220218,112903000,11:29:03,7416,11411,63934,421750560,0,0,0
PF206,20220218,20220218,112904000,11:29:04,7416,11413,63933,421824480,2,-1,73920
PF206,20220218,20220218,112904500,11:29:04,7416,11413,63933,421824480,0,0,0
PF206,20220218,20220218,112905000,11:29:05,7416,11413,63933,421824480,0,0,0
PF206,20220218,20220218,112905500,11:29:06,7416,11413,63933,421824480,0,0,0
PF206,20220218,20220218,112906500,11:29:06,7416,11413,63933,421824480,0,0,0
PF206,20220218,20220218,112907000,11:29:07,7416,11413,63933,421824480,0,0,0
PF206,20220218,20220218,112907500,11:29:08,7416,11416,63933,421935360,3,0,110880
PF206,20220218,20220218,112909000,11:29:09,7416,11416,63933,421935360,0,0,0
PF206,20220218,20220218,112909500,11:29:09,7416,11416,63933,421935360,0,0,0
PF206,20220218,20220218,112911000,11:29:11,7416,11416,63933,421935360,0,0,0
PF206,20220218,20220218,112912000,11:29:12,7416,11416,63933,421935360,0,0,0
PF206,20220218,20220218,112912500,11:29:12,7416,11416,63933,421935360,0,0,0
PF206,20220218,20220218,112913000,11:29:13,7416,11416,63933,421935360,0,0,0
PF206,20220218,20220218,112914500,11:29:15,7416,11427,63934,422341920,11,1,406560
PF206,20220218,20220218,112915000,11:29:15,7416,11431,63934,422489760,4,0,147840
PF206,20220218,20220218,112915500,11:29:16,7416,11431,63934,422489760,0,0,0
PF206,20220218,20220218,112917000,11:29:20,7416,11431,63934,422489760,0,0,0
PF206,20220218,20220218,112917500,11:29:21,7416,11431,63934,422489760,0,0,0
PF206,20220218,20220218,112918000,11:29:21,7416,11431,63934,422489760,0,0,0
PF206,20220218,20220218,112926500,11:29:26,7416,11432,63934,422526720,1,0,36960
PF206,20220218,20220218,112928500,11:29:29,7416,11433,63934,422563680,1,0,36960
PF206,20220218,20220218,112929500,11:29:30,7416,11434,63934,422600640,1,0,36960
PF206,20220218,20220218,112930500,11:29:31,7416,11435,63934,422637600,1,0,36960
PF206,20220218,20220218,112931000,11:29:32,7416,11435,63934,422637600,0,0,0
PF206,20220218,20220218,112931500,11:29:32,7416,11435,63934,422637600,0,0,0
PF206,20220218,20220218,112932000,11:29:36,7416,11435,63934,422637600,0,0,0
PF206,20220218,20220218,112937500,11:29:38,7416,11435,63934,422637600,0,0,0
PF206,20220218,20220218,112940000,11:29:40,7416,11435,63934,422637600,0,0,0
PF206,20220218,20220218,112941000,11:29:41,7416,11435,63934,422637600,0,0,0
PF206,20220218,20220218,112941500,11:29:42,7416,11435,63934,422637600,0,0,0
PF206,20220218,20220218,112942000,11:29:43,7416,11435,63934,422637600,0,0,0
PF206,20220218,20220218,112944500,11:29:45,7416,11435,63934,422637600,0,0,0
PF206,20220218,20220218,112946500,11:29:47,7416,11435,63934,422637600,0,0,0
PF206,20220218,20220218,112947500,11:29:48,7416,11435,63934,422637600,0,0,0
PF206,20220218,20220218,112948500,11:29:49,7416,11435,63934,422637600,0,0,0
PF206,20220218,20220218,112949500,11:29:50,7416,11435,63934,422637600,0,0,0
PF206,20220218,20220218,112950000,11:29:51,7416,11435,63934,422637600,0,0,0
PF206,20220218,20220218,112950500,11:29:51,7416,11435,63934,422637600,0,0,0
PF206,20220218,20220218,112951000,11:29:52,7416,11435,63934,422637600,0,0,0
PF206,20220218,20220218,112952500,11:29:53,7416,11436,63934,422674560,1,0,36960
PF206,20220218,20220218,112954500,11:29:54,7416,11436,63934,422674560,0,0,0
PF206,20220218,20220218,112955000,11:29:55,7416,11436,63934,422674560,0,0,0
PF206,20220218,20220218,112956000,11:30:00,7416,11436,63934,422674560,0,0,0
PF206,20220218,20220218,113000000,11:30:03,7416,11436,63934,422674560,0,0,0
PF206,20220218,20220218,133001000,13:30:01,7416,11436,63934,422674560,0,0,0
PF206,20220218,20220218,133001500,13:30:02,7416,11436,63934,422674560,0,0,0
PF206,20220218,20220218,133002000,13:30:08,7416,11436,63934,422674560,0,0,0
PF206,20220218,20220218,133002500,13:30:10,7416,11436,63934,422674560,0,0,0
PF206,20220218,20220218,133008000,13:30:10,7416,11436,63934,422674560,0,0,0
PF206,20220218,20220218,133009500,13:30:10,7412,11466,63925,423783360,30,-9,1108800
PF206,20220218,20220218,133010000,13:30:11,7410,11469,63925,423894240,3,0,110880
PF206,20220218,20220218,133010500,13:30:12,7410,11469,63925,423894240,0,0,0
PF206,20220218,20220218,133011000,13:30:13,7410,11469,63925,423894240,0,0,0
PF206,20220218,20220218,133012500,13:30:13,7410,11469,63925,423894240,0,0,0
PF206,20220218,20220218,133013000,13:30:14,7410,11469,63925,423894240,0,0,0
PF206,20220218,20220218,133013500,13:30:14,7410,11469,63925,423894240,0,0,0
PF206,20220218,20220218,133014000,13:30:16,7410,11469,63925,423894240,0,0,0
PF206,20220218,20220218,133014500,13:30:16,7410,11472,63922,424005120,3,-3,110880
PF206,20220218,20220218,133015000,13:30:17,7410,11472,63922,424005120,0,0,0
PF206,20220218,20220218,133016500,13:30:18,7410,11472,63922,424005120,0,0,0
PF206,20220218,20220218,133017000,13:30:18,7410,11472,63922,424005120,0,0,0
PF206,20220218,20220218,133018000,13:30:19,7410,11472,63922,424005120,0,0,0
PF206,20220218,20220218,133018500,13:30:20,7406,11474,63922,424079040,2,0,73920
PF206,20220218,20220218,133019500,13:30:21,7406,11474,63922,424079040,0,0,0
PF206,20220218,20220218,133020000,13:30:21,7406,11474,63922,424079040,0,0,0
PF206,20220218,20220218,133020500,13:30:21,7406,11474,63922,424079040,0,0,0
PF206,20220218,20220218,133021000,13:30:21,7406,11474,63922,424079040,0,0,0
PF206,20220218,20220218,133021500,13:30:22,7406,11474,63922,424079040,0,0,0
PF206,20220218,20220218,133022000,13:30:38,7406,11474,63922,424079040,0,0,0
PF206,20220218,20220218,133037500,13:30:40,7406,11474,63922,424079040,0,0,0
PF206,20220218,20220218,133040000,13:30:42,7406,11474,63922,424079040,0,0,0
PF206,20220218,20220218,133043000,13:30:44,7406,11474,63922,424079040,0,0,0
PF206,20220218,20220218,133043500,13:30:45,7406,11474,63922,424079040,0,0,0
PF206,20220218,20220218,133045500,13:30:47,7406,11474,63922,424079040,0,0,0
PF206,20220218,20220218,133046000,13:30:47,7406,11474,63922,424079040,0,0,0
PF206,20220218,20220218,133047500,13:30:48,7406,11474,63922,424079040,0,0,0
PF206,20220218,20220218,133048000,13:30:49,7412,11478,63923,424226880,4,1,147840
PF206,20220218,20220218,133048500,13:30:49,7412,11478,63923,424226880,0,0,0
PF206,20220218,20220218,133049500,13:30:50,7412,11478,63923,424226880,0,0,0
PF206,20220218,20220218,133050000,13:30:51,7414,11479,63923,424263840,1,0,36960
PF206,20220218,20220218,133052000,13:30:53,7414,11479,63923,424263840,0,0,0
PF206,20220218,20220218,133054500,13:30:55,7414,11479,63923,424263840,0,0,0
PF206,20220218,20220218,133055000,13:30:56,7414,11479,63923,424263840,0,0,0
PF206,20220218,20220218,133055500,13:30:56,7414,11479,63923,424263840,0,0,0
PF206,20220218,20220218,133056000,13:30:57,7414,11479,63923,424263840,0,0,0
PF206,20220218,20220218,133056500,13:30:57,7414,11479,63923,424263840,0,0,0
PF206,20220218,20220218,133057000,13:30:58,7414,11479,63923,424263840,0,0,0
PF206,20220218,20220218,133057500,13:30:58,7414,11479,63923,424263840,0,0,0
PF206,20220218,20220218,133058000,13:30:58,7414,11479,63923,424263840,0,0,0
PF206,20220218,20220218,133058500,13:30:59,7414,11479,63923,424263840,0,0,0
PF206,20220218,20220218,133059000,13:30:59,7414,11479,63923,424263840,0,0,0
PF206,20220218,20220218,133100000,13:31:00,7414,11479,63923,424263840,0,0,0
PF206,20220218,20220218,133101000,13:31:01,7414,11479,63923,424263840,0,0,0
PF206,20220218,20220218,133101500,13:31:01,7414,11479,63923,424263840,0,0,0
PF206,20220218,20220218,133103500,13:31:05,7414,11479,63923,424263840,0,0,0
PF206,20220218,20220218,133104000,13:31:06,7414,11479,63923,424263840,0,0,0
PF206,20220218,20220218,133104500,13:31:06,7414,11479,63923,424263840,0,0,0
PF206,20220218,20220218,133105500,13:31:07,7414,11479,63923,424263840,0,0,0
PF206,20220218,20220218,133106000,13:31:08,7414,11479,63923,424263840,0,0,0
PF206,20220218,20220218,133106500,13:31:08,7414,11479,63923,424263840,0,0,0
PF206,20220218,20220218,133107500,13:31:09,7414,11479,63923,424263840,0,0,0
PF206,20220218,20220218,133108500,13:31:09,7414,11479,63923,424263840,0,0,0
PF206,20220218,20220218,133113000,13:31:14,7414,11479,63923,424263840,0,0,0
PF206,20220218,20220218,133113500,13:31:15,7414,11479,63923,424263840,0,0,0
PF206,20220218,20220218,133114000,13:31:15,7414,11479,63923,424263840,0,0,0
PF206,20220218,20220218,133114500,13:31:15,7414,11479,63923,424263840,0,0,0
PF206,20220218,20220218,133116000,13:31:16,7414,11479,63923,424263840,0,0,0
PF206,20220218,20220218,133116500,13:31:17,7414,11479,63923,424263840,0,0,0
PF206,20220218,20220218,133118000,13:31:19,7414,11479,63923,424263840,0,0,0
PF206,20220218,20220218,133120500,13:31:21,7414,11479,63923,424263840,0,0,0
PF206,20220218,20220218,133121000,13:31:21,7414,11479,63923,424263840,0,0,0
PF206,20220218,20220218,133121500,13:31:22,7414,11479,63923,424263840,0,0,0
PF206,20220218,20220218,133122000,13:31:23,7414,11479,63923,424263840,0,0,0
PF206,20220218,20220218,133122500,13:31:25,7414,11479,63923,424263840,0,0,0
PF206,20220218,20220218,133156000,13:31:56,7422,11485,63918,424485600,6,-5,221760
PF206,20220218,20220218,133158500,13:31:58,7422,11485,63918,424485600,0,0,0
PF206,20220218,20220218,133159500,13:32:00,7422,11485,63918,424485600,0,0,0
PF206,20220218,20220218,133200000,13:32:01,7422,11488,63918,424596480,3,0,110880
PF206,20220218,20220218,133200500,13:32:01,7422,11488,63918,424596480,0,0,0
PF206,20220218,20220218,133201000,13:32:01,7422,11488,63918,424596480,0,0,0
PF206,20220218,20220218,133201500,13:32:01,7422,11488,63918,424596480,0,0,0
PF206,20220218,20220218,133202000,13:32:03,7422,11488,63918,424596480,0,0,0
PF206,20220218,20220218,133202500,13:32:04,7422,11488,63918,424596480,0,0,0
PF206,20220218,20220218,133203000,13:32:05,7422,11488,63918,424596480,0,0,0
PF206,20220218,20220218,133203500,13:32:05,7422,11488,63918,424596480,0,0,0
PF206,20220218,20220218,133209500,13:32:10,7422,11488,63918,424596480,0,0,0
PF206,20220218,20220218,133213000,13:32:15,7422,11488,63918,424596480,0,0,0
PF206,20220218,20220218,133214000,13:32:15,7422,11488,63918,424596480,0,0,0
PF206,20220218,20220218,133214500,13:32:16,7422,11488,63918,424596480,0,0,0
PF206,20220218,20220218,133216500,13:32:17,7422,11488,63918,424596480,0,0,0
PF206,20220218,20220218,133217000,13:32:18,7422,11488,63918,424596480,0,0,0
PF206,20220218,20220218,133217500,13:32:18,7422,11488,63918,424596480,0,0,0
PF206,20220218,20220218,133222000,13:32:22,7430,11491,63918,424707360,3,0,110880
PF206,20220218,20220218,133222500,13:32:24,7430,11491,63918,424707360,0,0,0
PF206,20220218,20220218,133223000,13:32:24,7430,11491,63918,424707360,0,0,0
PF206,20220218,20220218,133223500,13:32:24,7430,11491,63918,424707360,0,0,0
PF206,20220218,20220218,133224500,13:32:25,7430,11491,63918,424707360,0,0,0
PF206,20220218,20220218,133225000,13:32:25,7430,11491,63918,424707360,0,0,0
PF206,20220218,20220218,133226000,13:32:27,7430,11491,63918,424707360,0,0,0
PF206,20220218,20220218,133226500,13:32:27,7430,11491,63918,424707360,0,0,0
PF206,20220218,20220218,133227000,13:32:27,7430,11491,63918,424707360,0,0,0
PF206,20220218,20220218,133227500,13:32:32,7430,11491,63918,424707360,0,0,0
PF206,20220218,20220218,133232000,13:32:34,7430,11491,63918,424707360,0,0,0
PF206,20220218,20220218,133232500,13:32:35,7430,11491,63918,424707360,0,0,0
PF206,20220218,20220218,133234500,13:32:35,7430,11491,63918,424707360,0,0,0
PF206,20220218,20220218,133235000,13:32:36,7430,11491,63918,424707360,0,0,0
PF206,20220218,20220218,133235500,13:32:36,7430,11491,63918,424707360,0,0,0
PF206,20220218,20220218,133236000,13:32:37,7430,11491,63918,424707360,0,0,0
PF206,20220218,20220218,133236500,13:32:37,7430,11491,63918,424707360,0,0,0
PF206,20220218,20220218,133237000,13:32:37,7430,11491,63918,424707360,0,0,0
PF206,20220218,20220218,133237500,13:32:38,7430,11491,63918,424707360,0,0,0
PF206,20220218,20220218,133238000,13:32:38,7430,11491,63918,424707360,0,0,0
PF206,20220218,20220218,133238500,13:32:39,7430,11491,63918,424707360,0,0,0
PF206,20220218,20220218,133239000,13:32:39,7430,11491,63918,424707360,0,0,0
PF206,20220218,20220218,133239500,13:32:40,7430,11491,63918,424707360,0,0,0
PF206,20220218,20220218,133240000,13:32:40,7430,11491,63918,424707360,0,0,0
PF206,20220218,20220218,133240500,13:32:41,7430,11491,63918,424707360,0,0,0
PF206,20220218,20220218,133241000,13:32:41,7430,11491,63918,424707360,0,0,0
PF206,20220218,20220218,133241500,13:32:42,7430,11491,63918,424707360,0,0,0
PF206,20220218,20220218,133242000,13:32:42,7430,11491,63918,424707360,0,0,0
PF206,20220218,20220218,133242500,13:32:42,7430,11491,63918,424707360,0,0,0
PF206,20220218,20220218,133243000,13:32:43,7430,11491,63918,424707360,0,0,0
PF206,20220218,20220218,133244000,13:32:44,7430,11491,63918,424707360,0,0,0
PF206,20220218,20220218,133244500,13:32:45,7430,11491,63918,424707360,0,0,0
PF206,20220218,20220218,133245000,13:32:45,7430,11491,63918,424707360,0,0,0
PF206,20220218,20220218,133245500,13:32:45,7430,11492,63918,424744320,1,0,36960
PF206,20220218,20220218,133246000,13:32:47,7430,11492,63918,424744320,0,0,0
PF206,20220218,20220218,133246500,13:32:47,7430,11492,63918,424744320,0,0,0
PF206,20220218,20220218,133247000,13:32:47,7430,11492,63918,424744320,0,0,0
PF206,20220218,20220218,133247500,13:32:48,7430,11492,63918,424744320,0,0,0
PF206,20220218,20220218,133248000,13:32:48,7430,11492,63918,424744320,0,0,0
PF206,20220218,20220218,133249000,13:32:49,7430,11492,63918,424744320,0,0,0
PF206,20220218,20220218,133249500,13:32:50,7430,11492,63918,424744320,0,0,0
PF206,20220218,20220218,133251500,13:32:53,7430,11492,63918,424744320,0,0,0
PF206,20220218,20220218,133252500,13:32:53,7430,11492,63918,424744320,0,0,0
PF206,20220218,20220218,133253500,13:32:54,7430,11492,63918,424744320,0,0,0
PF206,20220218,20220218,133254000,13:32:54,7430,11492,63918,424744320,0,0,0
PF206,20220218,20220218,133254500,13:32:55,7430,11492,63918,424744320,0,0,0
PF206,20220218,20220218,133255000,13:32:55,7430,11492,63918,424744320,0,0,0
PF206,20220218,20220218,133255500,13:32:56,7430,11492,63918,424744320,0,0,0
PF206,20220218,20220218,133256000,13:32:56,7430,11492,63918,424744320,0,0,0
PF206,20220218,20220218,133256500,13:32:58,7430,11492,63918,424744320,0,0,0
PF206,20220218,20220218,133257000,13:32:59,7430,11492,63918,424744320,0,0,0
PF206,20220218,20220218,133257500,13:33:00,7430,11492,63918,424744320,0,0,0
PF206,20220218,20220218,133258000,13:33:00,7430,11492,63918,424744320,0,0,0
PF206,20220218,20220218,133259500,13:33:00,7430,11492,63918,424744320,0,0,0
PF206,20220218,20220218,133300500,13:33:02,7432,11493,63918,424781280,1,0,36960
PF206,20220218,20220218,133301000,13:33:02,7432,11494,63919,424818240,1,1,36960
PF206,20220218,20220218,133301500,13:33:02,7432,11494,63919,424818240,0,0,0
PF206,20220218,20220218,133302000,13:33:03,7432,11494,63919,424818240,0,0,0
PF206,20220218,20220218,133302500,13:33:03,7432,11494,63919,424818240,0,0,0
PF206,20220218,20220218,133303000,13:33:04,7432,11494,63919,424818240,0,0,0
PF206,20220218,20220218,133304000,13:33:04,7432,11494,63919,424818240,0,0,0
PF206,20220218,20220218,133304500,13:33:05,7432,11494,63919,424818240,0,0,0
PF206,20220218,20220218,133305500,13:33:05,7432,11494,63919,424818240,0,0,0
PF206,20220218,20220218,133306000,13:33:06,7432,11494,63919,424818240,0,0,0
PF206,20220218,20220218,133306500,13:33:06,7432,11494,63919,424818240,0,0,0
PF206,20220218,20220218,133307000,13:33:07,7432,11494,63919,424818240,0,0,0
PF206,20220218,20220218,133307500,13:33:08,7432,11494,63919,424818240,0,0,0
PF206,20220218,20220218,133308000,13:33:08,7432,11494,63919,424818240,0,0,0
PF206,20220218,20220218,133308500,13:33:09,7432,11494,63919,424818240,0,0,0
PF206,20220218,20220218,133311000,13:33:13,7426,11495,63919,424855200,1,0,36960
PF206,20220218,20220218,133311500,13:33:14,7426,11495,63919,424855200,0,0,0
PF206,20220218,20220218,133313500,13:33:14,7426,11495,63919,424855200,0,0,0
PF206,20220218,20220218,133314000,13:33:17,7426,11495,63919,424855200,0,0,0
PF206,20220218,20220218,133314500,13:33:17,7426,11495,63919,424855200,0,0,0
PF206,20220218,20220218,133317000,13:33:18,7426,11495,63919,424855200,0,0,0
PF206,20220218,20220218,133318000,13:33:19,7426,11498,63920,424966080,3,1,110880
PF206,20220218,20220218,133319000,13:33:20,7426,11498,63920,424966080,0,0,0
PF206,20220218,20220218,133320000,13:33:21,7426,11498,63920,424966080,0,0,0
PF206,20220218,20220218,133320500,13:33:21,7426,11498,63920,424966080,0,0,0
PF206,20220218,20220218,133321000,13:33:22,7426,11498,63920,424966080,0,0,0
PF206,20220218,20220218,133322000,13:33:22,7426,11498,63920,424966080,0,0,0
PF206,20220218,20220218,133322500,13:33:22,7426,11498,63920,424966080,0,0,0
PF206,20220218,20220218,133323000,13:33:23,7426,11498,63920,424966080,0,0,0
PF206,20220218,20220218,133323500,13:33:24,7426,11498,63920,424966080,0,0,0
PF206,20220218,20220218,133324000,13:33:24,7426,11498,63920,424966080,0,0,0
PF206,20220218,20220218,133324500,13:33:25,7426,11498,63920,424966080,0,0,0
PF206,20220218,20220218,133326000,13:33:28,7426,11498,63920,424966080,0,0,0
PF206,20220218,20220218,133326500,13:33:29,7426,11498,63920,424966080,0,0,0
PF206,20220218,20220218,133327000,13:33:29,7426,11498,63920,424966080,0,0,0
PF206,20220218,20220218,133328500,13:33:30,7426,11498,63920,424966080,0,0,0
PF206,20220218,20220218,133329500,13:33:30,7426,11498,63920,424966080,0,0,0
PF206,20220218,20220218,133330000,13:33:30,7426,11498,63920,424966080,0,0,0
PF206,20220218,20220218,133330500,13:33:32,7426,11498,63920,424966080,0,0,0
PF206,20220218,20220218,133331000,13:33:32,7426,11498,63920,424966080,0,0,0
PF206,20220218,20220218,133331500,13:33:32,7426,11498,63920,424966080,0,0,0
PF206,20220218,20220218,133332000,13:33:32,7426,11498,63920,424966080,0,0,0
PF206,20220218,20220218,133333000,13:33:33,7426,11498,63920,424966080,0,0,0
PF206,20220218,20220218,133333500,13:33:34,7426,11498,63920,424966080,0,0,0
PF206,20220218,20220218,133334000,13:33:34,7426,11498,63920,424966080,0,0,0
PF206,20220218,20220218,133334500,13:33:35,7426,11498,63920,424966080,0,0,0
PF206,20220218,20220218,133335500,13:33:35,7426,11498,63920,424966080,0,0,0
PF206,20220218,20220218,133336500,13:33:36,7426,11498,63920,424966080,0,0,0
PF206,20220218,20220218,133337000,13:33:37,7426,11498,63920,424966080,0,0,0
PF206,20220218,20220218,133337500,13:33:37,7426,11498,63920,424966080,0,0,0
PF206,20220218,20220218,133338000,13:33:38,7426,11498,63920,424966080,0,0,0
PF206,20220218,20220218,133340500,13:33:41,7426,11498,63920,424966080,0,0,0
PF206,20220218,20220218,133341000,13:33:41,7426,11498,63920,424966080,0,0,0
PF206,20220218,20220218,133341500,13:33:42,7426,11498,63920,424966080,0,0,0
PF206,20220218,20220218,133342000,13:33:42,7426,11498,63920,424966080,0,0,0
PF206,20220218,20220218,133343000,13:33:43,7426,11498,63920,424966080,0,0,0
PF206,20220218,20220218,133343500,13:33:44,7426,11498,63920,424966080,0,0,0
PF206,20220218,20220218,133344000,13:33:45,7426,11498,63920,424966080,0,0,0
PF206,20220218,20220218,133345000,13:33:45,7426,11498,63920,424966080,0,0,0
PF206,20220218,20220218,133345500,13:33:47,7426,11498,63920,424966080,0,0,0
PF206,20220218,20220218,133354000,13:33:54,7426,11498,63920,424966080,0,0,0
PF206,20220218,20220218,133354500,13:33:55,7426,11498,63920,424966080,0,0,0
PF206,20220218,20220218,133355000,13:33:56,7426,11498,63920,424966080,0,0,0
PF206,20220218,20220218,133355500,13:33:56,7426,11498,63920,424966080,0,0,0
PF206,20220218,20220218,133356000,13:33:56,7426,11498,63920,424966080,0,0,0
PF206,20220218,20220218,133357000,13:33:58,7424,11499,63921,425003040,1,1,36960
PF206,20220218,20220218,133358500,13:33:59,7424,11499,63921,425003040,0,0,0
PF206,20220218,20220218,133359000,13:33:59,7424,11499,63921,425003040,0,0,0
PF206,20220218,20220218,133359500,13:34:00,7424,11499,63921,425003040,0,0,0
PF206,20220218,20220218,133400000,13:34:00,7424,11499,63921,425003040,0,0,0
PF206,20220218,20220218,133400500,13:34:01,7424,11499,63921,425003040,0,0,0
PF206,20220218,20220218,133401000,13:34:01,7424,11499,63921,425003040,0,0,0
PF206,20220218,20220218,133401500,13:34:02,7428,11506,63921,425261760,7,0,258720
PF206,20220218,20220218,133402000,13:34:10,7428,11506,63921,425261760,0,0,0
PF206,20220218,20220218,133402500,13:34:10,7428,11506,63921,425261760,0,0,0
PF206,20220218,20220218,133403000,13:34:10,7428,11506,63921,425261760,0,0,0
PF206,20220218,20220218,133404500,13:34:11,7428,11506,63921,425261760,0,0,0
PF206,20220218,20220218,133412500,13:34:13,7428,11508,63919,425335680,2,-2,73920
PF206,20220218,20220218,133413000,13:34:13,7428,11508,63919,425335680,0,0,0
PF206,20220218,20220218,133415000,13:34:15,7428,11508,63919,425335680,0,0,0
PF206,20220218,20220218,133415500,13:34:16,7428,11508,63919,425335680,0,0,0
PF206,20220218,20220218,133416000,13:34:16,7428,11508,63919,425335680,0,0,0
PF206,20220218,20220218,133420000,13:34:20,7430,11509,63919,425372640,1,0,36960
PF206,20220218,20220218,133421000,13:34:23,7430,11511,63918,425446560,2,-1,73920
PF206,20220218,20220218,133421500,13:34:23,7430,11511,63918,425446560,0,0,0
PF206,20220218,20220218,133424000,13:34:24,7430,11511,63918,425446560,0,0,0
PF206,20220218,20220218,133424500,13:34:24,7430,11512,63917,425483520,1,-1,36960
PF206,20220218,20220218,133425000,13:34:25,7430,11512,63917,425483520,0,0,0
PF206,20220218,20220218,133425500,13:34:26,7430,11512,63917,425483520,0,0,0
PF206,20220218,20220218,133426500,13:34:26,7428,11514,63918,425557440,2,1,73920
PF206,20220218,20220218,133427000,13:34:27,7428,11515,63918,425594400,1,0,36960
PF206,20220218,20220218,133427500,13:34:28,7428,11515,63918,425594400,0,0,0
PF206,20220218,20220218,133428500,13:34:29,7428,11515,63918,425594400,0,0,0
PF206,20220218,20220218,133429000,13:34:29,7428,11515,63918,425594400,0,0,0
PF206,20220218,20220218,133430500,13:34:30,7428,11515,63918,425594400,0,0,0
PF206,20220218,20220218,133431000,13:34:31,7428,11515,63918,425594400,0,0,0
PF206,20220218,20220218,133431500,13:34:31,7428,11515,63918,425594400,0,0,0
PF206,20220218,20220218,133432000,13:34:32,7428,11515,63918,425594400,0,0,0
PF206,20220218,20220218,133432500,13:34:32,7428,11515,63918,425594400,0,0,0
PF206,20220218,20220218,133438000,13:34:38,7428,11515,63918,425594400,0,0,0
PF206,20220218,20220218,133439500,13:34:40,7428,11515,63918,425594400,0,0,0
PF206,20220218,20220218,133440500,13:34:41,7428,11515,63918,425594400,0,0,0
PF206,20220218,20220218,133441000,13:34:41,7428,11515,63918,425594400,0,0,0
PF206,20220218,20220218,133441500,13:34:43,7428,11515,63918,425594400,0,0,0
PF206,20220218,20220218,133442000,13:34:44,7428,11515,63918,425594400,0,0,0
PF206,20220218,20220218,133442500,13:34:44,7428,11515,63918,425594400,0,0,0
PF206,20220218,20220218,133443000,13:34:45,7428,11515,63918,425594400,0,0,0
PF206,20220218,20220218,133443500,13:34:45,7428,11515,63918,425594400,0,0,0
PF206,20220218,20220218,133444500,13:34:46,7428,11515,63918,425594400,0,0,0
PF206,20220218,20220218,133445000,13:34:46,7428,11515,63918,425594400,0,0,0
PF206,20220218,20220218,133453500,13:34:55,7428,11515,63918,425594400,0,0,0
PF206,20220218,20220218,133456000,13:34:57,7428,11515,63918,425594400,0,0,0
PF206,20220218,20220218,133456500,13:34:57,7428,11515,63918,425594400,0,0,0
PF206,20220218,20220218,133457000,13:34:57,7428,11515,63918,425594400,0,0,0
PF206,20220218,20220218,133458000,13:34:58,7428,11516,63919,425631360,1,1,36960
PF206,20220218,20220218,133459000,13:34:59,7428,11516,63919,425631360,0,0,0
PF206,20220218,20220218,133459500,13:35:00,7428,11516,63919,425631360,0,0,0
PF206,20220218,20220218,133500500,13:35:04,7426,11540,63931,426518400,24,12,887040
PF206,20220218,20220218,133501000,13:35:04,7426,11550,63931,426888000,10,0,369600
PF206,20220218,20220218,133501500,13:35:06,7426,11550,63931,426888000,0,0,0
PF206,20220218,20220218,133502000,13:35:10,7426,11550,63931,426888000,0,0,0
PF206,20220218,20220218,133504500,13:35:10,7426,11550,63931,426888000,0,0,0
PF206,20220218,20220218,133507500,13:35:10,7426,11550,63931,426888000,0,0,0
PF206,20220218,20220218,133512500,13:35:13,7426,11550,63931,426888000,0,0,0
PF206,20220218,20220218,133513000,13:35:13,7426,11550,63931,426888000,0,0,0
PF206,20220218,20220218,133513500,13:35:14,7426,11550,63931,426888000,0,0,0
PF206,20220218,20220218,133518000,13:35:19,7426,11563,63934,427368480,13,3,480480
PF206,20220218,20220218,133518500,13:35:19,7426,11563,63934,427368480,0,0,0
PF206,20220218,20220218,133519000,13:35:19,7426,11563,63934,427368480,0,0,0
PF206,20220218,20220218,133519500,13:35:20,7426,11563,63934,427368480,0,0,0
PF206,20220218,20220218,133522000,13:35:22,7426,11563,63934,427368480,0,0,0
PF206,20220218,20220218,133522500,13:35:23,7426,11563,63934,427368480,0,0,0
PF206,20220218,20220218,133523000,13:35:23,7426,11563,63934,427368480,0,0,0
PF206,20220218,20220218,133524000,13:35:25,7426,11563,63934,427368480,0,0,0
PF206,20220218,20220218,133525000,13:35:25,7426,11563,63934,427368480,0,0,0
PF206,20220218,20220218,133525500,13:35:26,7428,11599,63912,428699040,36,-22,1330560
PF206,20220218,20220218,133526000,13:35:26,7428,11599,63912,428699040,0,0,0
PF206,20220218,20220218,133526500,13:35:27,7428,11599,63912,428699040,0,0,0
PF206,20220218,20220218,133527000,13:35:27,7428,11599,63912,428699040,0,0,0
PF206,20220218,20220218,133527500,13:35:31,7428,11599,63912,428699040,0,0,0
PF206,20220218,20220218,133528000,13:35:32,7428,11599,63912,428699040,0,0,0
PF206,20220218,20220218,133529000,13:35:32,7428,11599,63912,428699040,0,0,0
PF206,20220218,20220218,133531500,13:35:41,7428,11599,63912,428699040,0,0,0
PF206,20220218,20220218,133532000,13:35:42,7428,11599,63912,428699040,0,0,0
PF206,20220218,20220218,133540000,13:35:43,7428,11599,63912,428699040,0,0,0
PF206,20220218,20220218,133542000,13:35:43,7426,11612,63913,429179520,13,1,480480
PF206,20220218,20220218,133542500,13:35:44,7426,11612,63913,429179520,0,0,0
PF206,20220218,20220218,133543500,13:35:44,7426,11612,63913,429179520,0,0,0
PF206,20220218,20220218,133544000,13:35:45,7426,11612,63913,429179520,0,0,0
PF206,20220218,20220218,133545000,13:35:46,7426,11612,63913,429179520,0,0,0
PF206,20220218,20220218,133547000,13:35:47,7426,11612,63913,429179520,0,0,0
PF206,20220218,20220218,133547500,13:35:48,7426,11612,63913,429179520,0,0,0
PF206,20220218,20220218,133549500,13:35:49,7426,11612,63913,429179520,0,0,0
PF206,20220218,20220218,133550000,13:35:50,7426,11612,63913,429179520,0,0,0
PF206,20220218,20220218,133550500,13:35:51,7426,11612,63913,429179520,0,0,0
PF206,20220218,20220218,133551000,13:35:51,7426,11612,63913,429179520,0,0,0
PF206,20220218,20220218,133551500,13:35:52,7426,11612,63913,429179520,0,0,0
PF206,20220218,20220218,133552000,13:35:52,7426,11612,63913,429179520,0,0,0
PF206,20220218,20220218,133552500,13:35:53,7426,11612,63913,429179520,0,0,0
PF206,20220218,20220218,133554500,13:35:56,7426,11612,63913,429179520,0,0,0
PF206,20220218,20220218,133555500,13:35:56,7426,11612,63913,429179520,0,0,0
PF206,20220218,20220218,133601500,13:36:03,7426,11612,63913,429179520,0,0,0
PF206,20220218,20220218,133602500,13:36:03,7426,11612,63913,429179520,0,0,0
PF206,20220218,20220218,133606500,13:36:07,7422,11631,63920,429881760,19,7,702240
PF206,20220218,20220218,133607000,13:36:08,7422,11631,63920,429881760,0,0,0
PF206,20220218,20220218,133607500,13:36:08,7422,11631,63920,429881760,0,0,0
PF206,20220218,20220218,133608000,13:36:08,7422,11631,63920,429881760,0,0,0
PF206,20220218,20220218,133608500,13:36:08,7422,11631,63920,429881760,0,0,0
PF206,20220218,20220218,133609000,13:36:09,7422,11631,63920,429881760,0,0,0
PF206,20220218,20220218,133609500,13:36:10,7422,11631,63920,429881760,0,0,0
PF206,20220218,20220218,133610000,13:36:11,7422,11631,63920,429881760,0,0,0
PF206,20220218,20220218,133611500,13:36:12,7422,11631,63920,429881760,0,0,0
PF206,20220218,20220218,133612000,13:36:12,7422,11631,63920,429881760,0,0,0
PF206,20220218,20220218,133612500,13:36:12,7422,11631,63920,429881760,0,0,0
PF206,20220218,20220218,133613000,13:36:13,7422,11631,63920,429881760,0,0,0
PF206,20220218,20220218,133618000,13:36:19,7422,11631,63920,429881760,0,0,0
PF206,20220218,20220218,133618500,13:36:19,7424,11632,63920,429918720,1,0,36960
PF206,20220218,20220218,133619500,13:36:20,7424,11632,63920,429918720,0,0,0
PF206,20220218,20220218,133620000,13:36:20,7424,11632,63920,429918720,0,0,0
PF206,20220218,20220218,133631000,13:36:31,7422,11637,63920,430103520,5,0,184800
PF206,20220218,20220218,133631500,13:36:31,7422,11637,63920,430103520,0,0,0
PF206,20220218,20220218,133632000,13:36:32,7422,11637,63920,430103520,0,0,0
PF206,20220218,20220218,133633000,13:36:33,7422,11637,63920,430103520,0,0,0
PF206,20220218,20220218,133633500,13:36:33,7422,11637,63920,430103520,0,0,0
PF206,20220218,20220218,133634000,13:36:34,7422,11637,63920,430103520,0,0,0
PF206,20220218,20220218,133634500,13:36:35,7422,11637,63920,430103520,0,0,0
PF206,20220218,20220218,133636000,13:36:36,7422,11637,63920,430103520,0,0,0
PF206,20220218,20220218,133637500,13:36:38,7422,11637,63920,430103520,0,0,0
PF206,20220218,20220218,133639000,13:36:39,7422,11637,63920,430103520,0,0,0
PF206,20220218,20220218,133639500,13:36:40,7422,11637,63920,430103520,0,0,0
PF206,20220218,20220218,133642500,13:36:43,7426,11640,63921,430214400,3,1,110880
PF206,20220218,20220218,133643000,13:36:43,7426,11641,63921,430251360,1,0,36960
PF206,20220218,20220218,133644000,13:36:44,7426,11641,63921,430251360,0,0,0
PF206,20220218,20220218,133645500,13:36:46,7426,11641,63921,430251360,0,0,0
PF206,20220218,20220218,133646000,13:36:46,7426,11641,63921,430251360,0,0,0
PF206,20220218,20220218,133647500,13:36:48,7426,11641,63921,430251360,0,0,0
PF206,20220218,20220218,133649000,13:36:49,7426,11641,63921,430251360,0,0,0
PF206,20220218,20220218,133653500,13:36:54,7426,11641,63921,430251360,0,0,0
PF206,20220218,20220218,133655500,13:36:56,7428,11653,63921,430694880,12,0,443520
PF206,20220218,20220218,133656000,13:36:56,7428,11653,63921,430694880,0,0,0
PF206,20220218,20220218,133657000,13:36:58,7428,11653,63921,430694880,0,0,0
PF206,20220218,20220218,133658500,13:36:59,7428,11653,63921,430694880,0,0,0
PF206,20220218,20220218,133659500,13:37:00,7428,11653,63921,430694880,0,0,0
PF206,20220218,20220218,133700000,13:37:00,7428,11653,63921,430694880,0,0,0
PF206,20220218,20220218,133700500,13:37:00,7428,11654,63921,430731840,1,0,36960
PF206,20220218,20220218,133702500,13:37:03,7428,11654,63921,430731840,0,0,0
PF206,20220218,20220218,133703000,13:37:03,7428,11654,63921,430731840,0,0,0
PF206,20220218,20220218,133705000,13:37:05,7428,11654,63921,430731840,0,0,0
PF206,20220218,20220218,133705500,13:37:08,7428,11655,63921,430768800,1,0,36960
PF206,20220218,20220218,133708000,13:37:08,7428,11660,63921,430953600,5,0,184800
PF206,20220218,20220218,133708500,13:37:08,7428,11663,63921,431064480,3,0,110880
PF206,20220218,20220218,133709500,13:37:11,7428,11664,63922,431101440,1,1,36960
PF206,20220218,20220218,133710500,13:37:11,7428,11664,63922,431101440,0,0,0
PF206,20220218,20220218,133711000,13:37:11,7428,11664,63922,431101440,0,0,0
PF206,20220218,20220218,133711500,13:37:13,7428,11664,63922,431101440,0,0,0
PF206,20220218,20220218,133712000,13:37:13,7426,11671,63922,431360160,7,0,258720
PF206,20220218,20220218,133712500,13:37:13,7426,11671,63922,431360160,0,0,0
PF206,20220218,20220218,133713500,13:37:14,7426,11671,63922,431360160,0,0,0
PF206,20220218,20220218,133714500,13:37:15,7426,11671,63922,431360160,0,0,0
PF206,20220218,20220218,133715000,13:37:15,7426,11671,63922,431360160,0,0,0
PF206,20220218,20220218,133715500,13:37:16,7426,11671,63922,431360160,0,0,0
PF206,20220218,20220218,133716000,13:37:16,7426,11671,63922,431360160,0,0,0
PF206,20220218,20220218,133717500,13:37:18,7426,11671,63922,431360160,0,0,0
PF206,20220218,20220218,133718000,13:37:18,7426,11671,63922,431360160,0,0,0
PF206,20220218,20220218,133719000,13:37:19,7426,11671,63922,431360160,0,0,0
PF206,20220218,20220218,133720000,13:37:21,7426,11671,63922,431360160,0,0,0
PF206,20220218,20220218,133721000,13:37:21,7426,11671,63922,431360160,0,0,0
PF206,20220218,20220218,133721500,13:37:22,7426,11671,63922,431360160,0,0,0
PF206,20220218,20220218,133722000,13:37:22,7426,11671,63922,431360160,0,0,0
PF206,20220218,20220218,133723500,13:37:23,7424,11690,63929,432062400,19,7,702240
PF206,20220218,20220218,133724000,13:37:24,7424,11690,63929,432062400,0,0,0
PF206,20220218,20220218,133724500,13:37:25,7424,11690,63929,432062400,0,0,0
PF206,20220218,20220218,133725000,13:37:25,7424,11690,63929,432062400,0,0,0
PF206,20220218,20220218,133725500,13:37:26,7424,11690,63929,432062400,0,0,0
PF206,20220218,20220218,133726000,13:37:26,7424,11690,63929,432062400,0,0,0
PF206,20220218,20220218,133726500,13:37:27,7424,11690,63929,432062400,0,0,0
PF206,20220218,20220218,133727000,13:37:27,7424,11690,63929,432062400,0,0,0
PF206,20220218,20220218,133727500,13:37:27,7424,11693,63930,432173280,3,1,110880
PF206,20220218,20220218,133728000,13:37:28,7424,11693,63930,432173280,0,0,0
PF206,20220218,20220218,133729000,13:37:29,7424,11693,63930,432173280,0,0,0
PF206,20220218,20220218,133729500,13:37:30,7424,11693,63930,432173280,0,0,0
PF206,20220218,20220218,133730000,13:37:30,7424,11693,63930,432173280,0,0,0
PF206,20220218,20220218,133730500,13:37:31,7424,11693,63930,432173280,0,0,0
PF206,20220218,20220218,133731000,13:37:31,7424,11693,63930,432173280,0,0,0
PF206,20220218,20220218,133732000,13:37:32,7424,11693,63930,432173280,0,0,0
PF206,20220218,20220218,133732500,13:37:33,7426,11717,63954,433060320,24,24,887040
PF206,20220218,20220218,133733000,13:37:33,7426,11717,63954,433060320,0,0,0
PF206,20220218,20220218,133733500,13:37:33,7426,11717,63954,433060320,0,0,0
PF206,20220218,20220218,133734000,13:37:34,7426,11717,63954,433060320,0,0,0
PF206,20220218,20220218,133734500,13:37:34,7426,11717,63954,433060320,0,0,0
PF206,20220218,20220218,133735000,13:37:35,7426,11717,63954,433060320,0,0,0
PF206,20220218,20220218,133735500,13:37:36,7426,11717,63954,433060320,0,0,0
PF206,20220218,20220218,133736000,13:37:36,7426,11717,63954,433060320,0,0,0
PF206,20220218,20220218,133738500,13:37:39,7426,11717,63954,433060320,0,0,0
PF206,20220218,20220218,133739000,13:37:39,7426,11717,63954,433060320,0,0,0
PF206,20220218,20220218,133739500,13:37:39,7426,11717,63954,433060320,0,0,0
PF206,20220218,20220218,133740000,13:37:40,7426,11717,63954,433060320,0,0,0
PF206,20220218,20220218,133740500,13:37:40,7426,11717,63954,433060320,0,0,0
PF206,20220218,20220218,133741000,13:37:41,7426,11717,63954,433060320,0,0,0
PF206,20220218,20220218,133741500,13:37:42,7426,11717,63954,433060320,0,0,0
PF206,20220218,20220218,133742000,13:37:42,7426,11717,63954,433060320,0,0,0
PF206,20220218,20220218,133745500,13:37:45,7426,11717,63954,433060320,0,0,0
PF206,20220218,20220218,133746000,13:37:46,7426,11717,63954,433060320,0,0,0
PF206,20220218,20220218,133751000,13:37:51,7426,11717,63954,433060320,0,0,0
PF206,20220218,20220218,133755000,13:37:55,7430,11718,63954,433097280,1,0,36960
PF206,20220218,20220218,133755500,13:37:55,7430,11720,63954,433171200,2,0,73920
PF206,20220218,20220218,133756000,13:37:56,7430,11721,63953,433208160,1,-1,36960
PF206,20220218,20220218,133756500,13:37:57,7430,11721,63953,433208160,0,0,0
PF206,20220218,20220218,133757000,13:37:57,7430,11721,63953,433208160,0,0,0
PF206,20220218,20220218,133758500,13:37:59,7430,11721,63953,433208160,0,0,0
PF206,20220218,20220218,133759000,13:38:00,7430,11721,63953,433208160,0,0,0
PF206,20220218,20220218,133759500,13:38:00,7430,11721,63953,433208160,0,0,0
PF206,20220218,20220218,133802000,13:38:03,7430,11721,63953,433208160,0,0,0
PF206,20220218,20220218,133802500,13:38:05,7430,11721,63953,433208160,0,0,0
PF206,20220218,20220218,133812500,13:38:14,7430,11721,63953,433208160,0,0,0
PF206,20220218,20220218,133813500,13:38:15,7430,11721,63953,433208160,0,0,0
PF206,20220218,20220218,133817500,13:38:18,7432,11730,63954,433540800,9,1,332640
PF206,20220218,20220218,133818000,13:38:18,7434,11750,63958,434280000,20,4,739200
PF206,20220218,20220218,133818500,13:38:19,7434,11750,63958,434280000,0,0,0
PF206,20220218,20220218,133819000,13:38:19,7434,11750,63958,434280000,0,0,0
PF206,20220218,20220218,133820000,13:38:22,7434,11750,63958,434280000,0,0,0
PF206,20220218,20220218,133820500,13:38:22,7434,11750,63958,434280000,0,0,0
PF206,20220218,20220218,133821000,13:38:22,7434,11750,63958,434280000,0,0,0
PF206,20220218,20220218,133821500,13:38:23,7434,11750,63958,434280000,0,0,0
PF206,20220218,20220218,133822500,13:38:23,7434,11751,63957,434316960,1,-1,36960
PF206,20220218,20220218,133823000,13:38:24,7434,11751,63957,434316960,0,0,0
PF206,20220218,20220218,133824000,13:38:24,7434,11751,63957,434316960,0,0,0
PF206,20220218,20220218,133824500,13:38:41,7436,11765,63959,434834400,14,2,517440
PF206,20220218,20220218,133825000,13:38:41,7436,11765,63959,434834400,0,0,0
PF206,20220218,20220218,133825500,13:38:42,7436,11765,63959,434834400,0,0,0
PF206,20220218,20220218,133840500,13:38:42,7436,11765,63959,434834400,0,0,0
PF206,20220218,20220218,133841000,13:38:43,7436,11765,63959,434834400,0,0,0
PF206,20220218,20220218,133841500,13:38:43,7436,11765,63959,434834400,0,0,0
PF206,20220218,20220218,133842000,13:38:43,7436,11765,63959,434834400,0,0,0
PF206,20220218,20220218,133842500,13:38:43,7436,11765,63959,434834400,0,0,0
PF206,20220218,20220218,133846000,13:38:46,7436,11765,63959,434834400,0,0,0
PF206,20220218,20220218,133848000,13:38:48,7436,11765,63959,434834400,0,0,0
PF206,20220218,20220218,133850000,13:38:50,7436,11765,63959,434834400,0,0,0
PF206,20220218,20220218,133854000,13:38:54,7436,11765,63959,434834400,0,0,0
PF206,20220218,20220218,133856500,13:38:56,7436,11765,63959,434834400,0,0,0
PF206,20220218,20220218,133857000,13:38:57,7436,11765,63959,434834400,0,0,0
PF206,20220218,20220218,133901000,13:39:01,7436,11765,63959,434834400,0,0,0
PF206,20220218,20220218,133907500,13:39:07,7436,11765,63959,434834400,0,0,0
PF206,20220218,20220218,133908500,13:39:08,7436,11765,63959,434834400,0,0,0
PF206,20220218,20220218,133910000,13:39:10,7436,11765,63959,434834400,0,0,0
PF206,20220218,20220218,133913500,13:39:14,7438,11807,63975,436504790,42,16,1670390
PF206,20220218,20220218,133914000,13:39:15,7438,11808,63976,436541760,1,1,36970
PF206,20220218,20220218,133914500,13:39:16,7440,11815,63974,436800550,7,-2,258790
PF206,20220218,20220218,133918000,13:39:19,7440,11815,63974,436800550,0,0,0
PF206,20220218,20220218,133921000,13:39:21,7440,11815,63974,436800550,0,0,0
PF206,20220218,20220218,133928000,13:39:28,7440,11817,63973,436874490,2,-1,73940
PF206,20220218,20220218,133929000,13:39:29,7440,11817,63973,436874490,0,0,0
PF206,20220218,20220218,133931000,13:39:31,7440,11817,63973,436874490,0,0,0
PF206,20220218,20220218,133933500,13:39:33,7440,11817,63973,436874490,0,0,0
PF206,20220218,20220218,133934500,13:39:34,7440,11817,63973,436874490,0,0,0
PF206,20220218,20220218,133936000,13:39:36,7440,11817,63973,436874490,0,0,0
PF206,20220218,20220218,133938000,13:39:38,7440,11817,63973,436874490,0,0,0
PF206,20220218,20220218,133939500,13:39:40,7440,11817,63973,436874490,0,0,0
PF206,20220218,20220218,133940000,13:39:40,7440,11818,63973,436911460,1,0,36970
PF206,20220218,20220218,133941000,13:39:41,7440,11818,63973,436911460,0,0,0
PF206,20220218,20220218,133943500,13:39:43,7440,11818,63973,436911460,0,0,0
PF206,20220218,20220218,133944500,13:39:44,7440,11818,63973,436911460,0,0,0
PF206,20220218,20220218,133945000,13:39:45,7440,11818,63973,436911460,0,0,0
PF206,20220218,20220218,133945500,13:39:46,7440,11818,63973,436911460,0,0,0
PF206,20220218,20220218,133946000,13:39:47,7438,11902,63987,440016940,84,14,3105480
PF206,20220218,20220218,133946500,13:39:47,7438,11908,63993,440238760,6,6,221820
PF206,20220218,20220218,133947000,13:39:47,7438,11915,63997,440497550,7,4,258790
PF206,20220218,20220218,133947500,13:39:47,7438,11915,63997,440497550,0,0,0
PF206,20220218,20220218,133948000,13:39:48,7438,11915,63997,440497550,0,0,0
PF206,20220218,20220218,133948500,13:39:48,7438,11915,63997,440497550,0,0,0
PF206,20220218,20220218,133952500,13:39:53,7438,11915,63997,440497550,0,0,0
PF206,20220218,20220218,133953000,13:39:54,7438,11917,63997,440571490,2,0,73940
PF206,20220218,20220218,133953500,13:39:54,7438,11917,63997,440571490,0,0,0
PF206,20220218,20220218,133954500,13:39:55,7438,11917,63997,440571490,0,0,0
PF206,20220218,20220218,133955000,13:39:55,7438,11917,63997,440571490,0,0,0
PF206,20220218,20220218,133955500,13:39:55,7438,11920,63995,440682400,3,-2,110910
PF206,20220218,20220218,133956000,13:39:56,7438,11920,63995,440682400,0,0,0
PF206,20220218,20220218,133956500,13:39:57,7438,11920,63995,440682400,0,0,0
PF206,20220218,20220218,133957000,13:39:58,7438,11920,63995,440682400,0,0,0
PF206,20220218,20220218,133958000,13:40:13,7440,11926,63996,440904220,6,1,221820
PF206,20220218,20220218,134008500,13:40:13,7440,11926,63996,440904220,0,0,0
PF206,20220218,20220218,134016000,13:40:16,7440,11926,63996,440904220,0,0,0
PF206,20220218,20220218,134017000,13:40:17,7436,11933,63999,441163010,7,3,258790
PF206,20220218,20220218,134017500,13:40:18,7436,11933,63999,441163010,0,0,0
PF206,20220218,20220218,134018000,13:40:19,7436,11933,63999,441163010,0,0,0
PF206,20220218,20220218,134018500,13:40:19,7436,11933,63999,441163010,0,0,0
PF206,20220218,20220218,134019500,13:40:20,7436,11933,63999,441163010,0,0,0
PF206,20220218,20220218,134022000,13:40:22,7436,11933,63999,441163010,0,0,0
PF206,20220218,20220218,134036000,13:40:36,7436,11933,63999,441163010,0,0,0
PF206,20220218,20220218,134036500,13:40:36,7436,11933,63999,441163010,0,0,0
PF206,20220218,20220218,134041000,13:40:42,7436,11933,63999,441163010,0,0,0
PF206,20220218,20220218,134041500,13:40:42,7436,11933,63999,441163010,0,0,0
PF206,20220218,20220218,134042000,13:40:42,7436,11933,63999,441163010,0,0,0
PF206,20220218,20220218,134042500,13:40:43,7436,11933,63999,441163010,0,0,0
PF206,20220218,20220218,134043500,13:40:44,7436,11933,63999,441163010,0,0,0
PF206,20220218,20220218,134050000,13:40:50,7436,11933,63999,441163010,0,0,0
PF206,20220218,20220218,134050500,13:40:50,7436,11933,63999,441163010,0,0,0
PF206,20220218,20220218,134051500,13:40:55,7436,11933,63999,441163010,0,0,0
PF206,20220218,20220218,134052000,13:40:55,7436,11933,63999,441163010,0,0,0
PF206,20220218,20220218,134052500,13:40:55,7436,11933,63999,441163010,0,0,0
PF206,20220218,20220218,134054000,13:40:55,7436,11933,63999,441163010,0,0,0
PF206,20220218,20220218,134055500,13:40:57,7436,11933,63999,441163010,0,0,0
PF206,20220218,20220218,134057000,13:40:58,7436,11933,63999,441163010,0,0,0
PF206,20220218,20220218,134057500,13:40:58,7436,11933,63999,441163010,0,0,0
PF206,20220218,20220218,134058000,13:40:58,7436,11933,63999,441163010,0,0,0
PF206,20220218,20220218,134059000,13:40:59,7436,11933,63999,441163010,0,0,0
PF206,20220218,20220218,134107000,13:41:09,7436,11933,63999,441163010,0,0,0
PF206,20220218,20220218,134108000,13:41:09,7436,11933,63999,441163010,0,0,0
PF206,20220218,20220218,134108500,13:41:10,7436,11933,63999,441163010,0,0,0
PF206,20220218,20220218,134111500,13:41:12,7436,11933,63999,441163010,0,0,0
PF206,20220218,20220218,134112000,13:41:12,7436,11933,63999,441163010,0,0,0
PF206,20220218,20220218,134113000,13:41:13,7436,11933,63999,441163010,0,0,0
PF206,20220218,20220218,134113500,13:41:13,7436,12018,64021,444305460,85,22,3142450
PF206,20220218,20220218,134114500,13:41:16,7436,12018,64021,444305460,0,0,0
PF206,20220218,20220218,134117000,13:41:17,7436,12018,64021,444305460,0,0,0
PF206,20220218,20220218,134119500,13:41:20,7436,12018,64021,444305460,0,0,0
PF206,20220218,20220218,134120000,13:41:22,7436,12018,64021,444305460,0,0,0
PF206,20220218,20220218,134120500,13:41:23,7436,12018,64021,444305460,0,0,0
PF206,20220218,20220218,134121000,13:41:23,7436,12018,64021,444305460,0,0,0
PF206,20220218,20220218,134123000,13:41:24,7436,12018,64021,444305460,0,0,0
PF206,20220218,20220218,134130000,13:41:30,7436,12018,64021,444305460,0,0,0
PF206,20220218,20220218,134142500,13:41:42,7436,12018,64021,444305460,0,0,0
PF206,20220218,20220218,134143000,13:41:44,7436,12018,64021,444305460,0,0,0
PF206,20220218,20220218,134144000,13:41:44,7436,12018,64021,444305460,0,0,0
PF206,20220218,20220218,134145000,13:41:45,7436,12018,64021,444305460,0,0,0
PF206,20220218,20220218,134145500,13:41:45,7436,12018,64021,444305460,0,0,0
PF206,20220218,20220218,134146000,13:41:46,7436,12018,64021,444305460,0,0,0
PF206,20220218,20220218,134147000,13:41:47,7436,12018,64021,444305460,0,0,0
PF206,20220218,20220218,134147500,13:41:48,7436,12018,64021,444305460,0,0,0
PF206,20220218,20220218,134148000,13:41:48,7436,12018,64021,444305460,0,0,0
PF206,20220218,20220218,134148500,13:41:49,7436,12018,64021,444305460,0,0,0
PF206,20220218,20220218,134149000,13:41:49,7436,12018,64021,444305460,0,0,0
PF206,20220218,20220218,134149500,13:41:50,7436,12018,64021,444305460,0,0,0
PF206,20220218,20220218,134151000,13:41:51,7436,12018,64021,444305460,0,0,0
PF206,20220218,20220218,134151500,13:41:52,7436,12018,64021,444305460,0,0,0
PF206,20220218,20220218,134152000,13:41:52,7436,12018,64021,444305460,0,0,0
PF206,20220218,20220218,134152500,13:41:53,7436,12018,64021,444305460,0,0,0
PF206,20220218,20220218,134153000,13:41:54,7436,12018,64021,444305460,0,0,0
PF206,20220218,20220218,134153500,13:41:57,7436,12018,64021,444305460,0,0,0
PF206,20220218,20220218,134154000,13:42:02,7436,12018,64021,444305460,0,0,0
PF206,20220218,20220218,134154500,13:42:02,7436,12018,64021,444305460,0,0,0
PF206,20220218,20220218,134159500,13:42:06,7436,12018,64021,444305460,0,0,0
PF206,20220218,20220218,134210000,13:42:12,7436,12018,64021,444305460,0,0,0
PF206,20220218,20220218,134211000,13:42:12,7436,12018,64021,444305460,0,0,0
PF206,20220218,20220218,134211500,13:42:12,7436,12018,64021,444305460,0,0,0
PF206,20220218,20220218,134212000,13:42:12,7436,12018,64021,444305460,0,0,0
PF206,20220218,20220218,134212500,13:42:13,7436,12018,64021,444305460,0,0,0
PF206,20220218,20220218,134213000,13:42:13,7436,12018,64021,444305460,0,0,0
PF206,20220218,20220218,134213500,13:42:14,7436,12018,64021,444305460,0,0,0
PF206,20220218,20220218,134214000,13:42:14,7436,12018,64021,444305460,0,0,0
PF206,20220218,20220218,134214500,13:42:15,7436,12018,64021,444305460,0,0,0
PF206,20220218,20220218,134215000,13:42:15,7436,12018,64021,444305460,0,0,0
PF206,20220218,20220218,134215500,13:42:16,7436,12018,64021,444305460,0,0,0
PF206,20220218,20220218,134216000,13:42:16,7436,12018,64021,444305460,0,0,0
PF206,20220218,20220218,134218500,13:42:20,7436,12018,64021,444305460,0,0,0
PF206,20220218,20220218,134225500,13:42:26,7436,12018,64021,444305460,0,0,0
PF206,20220218,20220218,134226500,13:42:28,7438,12025,64024,444564250,7,3,258790
PF206,20220218,20220218,134227000,13:42:28,7438,12025,64024,444564250,0,0,0
PF206,20220218,20220218,134228000,13:42:29,7438,12025,64024,444564250,0,0,0
PF206,20220218,20220218,134229500,13:42:29,7438,12025,64024,444564250,0,0,0
PF206,20220218,20220218,134245000,13:42:45,7438,12025,64024,444564250,0,0,0
PF206,20220218,20220218,134257000,13:42:59,7436,12059,64033,445821230,34,9,1256980
PF206,20220218,20220218,134259000,13:42:59,7436,12059,64033,445821230,0,0,0
PF206,20220218,20220218,134259500,13:43:01,7436,12059,64033,445821230,0,0,0
PF206,20220218,20220218,134300000,13:43:01,7436,12059,64033,445821230,0,0,0
PF206,20220218,20220218,134300500,13:43:02,7436,12059,64033,445821230,0,0,0
PF206,20220218,20220218,134301000,13:43:02,7436,12059,64033,445821230,0,0,0
PF206,20220218,20220218,134302000,13:43:02,7436,12059,64033,445821230,0,0,0
PF206,20220218,20220218,134302500,13:43:03,7440,12060,64034,445858200,1,1,36970
PF206,20220218,20220218,134303000,13:43:05,7440,12061,64035,445895170,1,1,36970
PF206,20220218,20220218,134303500,13:43:11,7440,12061,64035,445895170,0,0,0
PF206,20220218,20220218,134305000,13:43:11,7440,12061,64035,445895170,0,0,0
PF206,20220218,20220218,134309000,13:43:12,7440,12061,64035,445895170,0,0,0
PF206,20220218,20220218,134312500,13:43:14,7440,12061,64035,445895170,0,0,0
PF206,20220218,20220218,134318000,13:43:18,7440,12061,64035,445895170,0,0,0
PF206,20220218,20220218,134318500,13:43:18,7440,12061,64035,445895170,0,0,0
PF206,20220218,20220218,134322000,13:43:22,7440,12061,64035,445895170,0,0,0
PF206,20220218,20220218,134323500,13:43:24,7434,12072,64038,446301840,11,3,406670
PF206,20220218,20220218,134324000,13:43:24,7434,12072,64038,446301840,0,0,0
PF206,20220218,20220218,134324500,13:43:25,7434,12072,64038,446301840,0,0,0
PF206,20220218,20220218,134325000,13:43:25,7434,12072,64038,446301840,0,0,0
PF206,20220218,20220218,134326500,13:43:27,7434,12072,64038,446301840,0,0,0
PF206,20220218,20220218,134327000,13:43:27,7434,12072,64038,446301840,0,0,0
PF206,20220218,20220218,134329000,13:43:29,7434,12072,64038,446301840,0,0,0
PF206,20220218,20220218,134329500,13:43:30,7434,12072,64038,446301840,0,0,0
PF206,20220218,20220218,134330000,13:43:30,7434,12072,64038,446301840,0,0,0
PF206,20220218,20220218,134332500,13:43:32,7434,12072,64038,446301840,0,0,0
PF206,20220218,20220218,134333000,13:43:33,7434,12072,64038,446301840,0,0,0
PF206,20220218,20220218,134333500,13:43:34,7434,12072,64038,446301840,0,0,0
PF206,20220218,20220218,134336000,13:43:36,7434,12072,64038,446301840,0,0,0
PF206,20220218,20220218,134339000,13:43:55,7434,12072,64038,446301840,0,0,0
PF206,20220218,20220218,134351500,13:44:00,7434,12072,64038,446301840,0,0,0
PF206,20220218,20220218,134356500,13:44:04,7434,12072,64038,446301840,0,0,0
PF206,20220218,20220218,134402500,13:44:04,7434,12072,64038,446301840,0,0,0
PF206,20220218,20220218,134408500,13:44:09,7434,12072,64038,446301840,0,0,0
PF206,20220218,20220218,134409000,13:44:17,7434,12072,64038,446301840,0,0,0
PF206,20220218,20220218,134414000,13:44:17,7434,12072,64038,446301840,0,0,0
PF206,20220218,20220218,134422500,13:44:23,7434,12072,64038,446301840,0,0,0
PF206,20220218,20220218,134423500,13:44:24,7434,12072,64038,446301840,0,0,0
PF206,20220218,20220218,134424000,13:44:24,7434,12072,64038,446301840,0,0,0
PF206,20220218,20220218,134424500,13:44:25,7438,12247,63966,452771590,175,-72,6469750
PF206,20220218,20220218,134425000,13:44:25,7438,12247,63966,452771590,0,0,0
PF206,20220218,20220218,134426000,13:44:26,7438,12247,63966,452771590,0,0,0
PF206,20220218,20220218,134427000,13:44:27,7438,12247,63966,452771590,0,0,0
PF206,20220218,20220218,134429500,13:44:37,7438,12248,63966,452808560,1,0,36970
PF206,20220218,20220218,134436500,13:44:37,7438,12248,63966,452808560,0,0,0
PF206,20220218,20220218,134442000,13:44:42,7438,12248,63966,452808560,0,0,0
PF206,20220218,20220218,134442500,13:44:43,7438,12248,63966,452808560,0,0,0
PF206,20220218,20220218,134501000,13:45:01,7438,12252,63966,452956440,4,0,147880
PF206,20220218,20220218,134501500,13:45:02,7438,12252,63966,452956440,0,0,0
PF206,20220218,20220218,134502000,13:45:02,7440,12256,63966,453104320,4,0,147880
PF206,20220218,20220218,134502500,13:45:03,7440,12256,63966,453104320,0,0,0
PF206,20220218,20220218,134503000,13:45:03,7440,12257,63967,453141290,1,1,36970
PF206,20220218,20220218,134504500,13:45:08,7440,12257,63967,453141290,0,0,0
PF206,20220218,20220218,134508000,13:45:09,7440,12257,63967,453141290,0,0,0
PF206,20220218,20220218,134508500,13:45:09,7442,12259,63967,453215230,2,0,73940
PF206,20220218,20220218,134509000,13:45:10,7442,12279,63987,453954630,20,20,739400
PF206,20220218,20220218,134509500,13:45:10,7442,12279,63987,453954630,0,0,0
PF206,20220218,20220218,134510000,13:45:10,7442,12279,63987,453954630,0,0,0
PF206,20220218,20220218,134512000,13:45:12,7442,12279,63987,453954630,0,0,0
PF206,20220218,20220218,134516000,13:45:17,7442,12279,63987,453954630,0,0,0
PF206,20220218,20220218,134516500,13:45:17,7442,12279,63987,453954630,0,0,0
PF206,20220218,20220218,134518000,13:45:21,7442,12280,63987,453991600,1,0,36970
PF206,20220218,20220218,134520500,13:45:22,7442,12280,63987,453991600,0,0,0
PF206,20220218,20220218,134521000,13:45:23,7442,12280,63987,453991600,0,0,0
PF206,20220218,20220218,134524500,13:45:26,7442,12280,63987,453991600,0,0,0
PF206,20220218,20220218,134525000,13:45:26,7442,12280,63987,453991600,0,0,0
PF206,20220218,20220218,134525500,13:45:27,7442,12280,63987,453991600,0,0,0
PF206,20220218,20220218,134526000,13:45:27,7442,12280,63987,453991600,0,0,0
PF206,20220218,20220218,134526500,13:45:28,7442,12280,63987,453991600,0,0,0
PF206,20220218,20220218,134527000,13:45:30,7442,12280,63987,453991600,0,0,0
PF206,20220218,20220218,134527500,13:45:30,7442,12280,63987,453991600,0,0,0
PF206,20220218,20220218,134528500,13:45:30,7442,12280,63987,453991600,0,0,0
PF206,20220218,20220218,134530500,13:45:31,7442,12280,63987,453991600,0,0,0
PF206,20220218,20220218,134531000,13:45:31,7442,12280,63987,453991600,0,0,0
PF206,20220218,20220218,134531500,13:45:32,7442,12280,63987,453991600,0,0,0
PF206,20220218,20220218,134532000,13:45:32,7442,12280,63987,453991600,0,0,0
PF206,20220218,20220218,134532500,13:45:33,7442,12280,63987,453991600,0,0,0
PF206,20220218,20220218,134533000,13:45:33,7444,12281,63987,454028570,1,0,36970
PF206,20220218,20220218,134533500,13:45:34,7446,12283,63987,454102510,2,0,73940
PF206,20220218,20220218,134534000,13:45:35,7446,12283,63987,454102510,0,0,0
PF206,20220218,20220218,134535000,13:45:35,7446,12283,63987,454102510,0,0,0
PF206,20220218,20220218,134535500,13:45:36,7446,12283,63987,454102510,0,0,0
PF206,20220218,20220218,134536000,13:45:37,7446,12283,63987,454102510,0,0,0
PF206,20220218,20220218,134536500,13:45:37,7446,12283,63987,454102510,0,0,0
PF206,20220218,20220218,134537000,13:45:37,7446,12283,63987,454102510,0,0,0
PF206,20220218,20220218,134540500,13:45:41,7446,12283,63987,454102510,0,0,0
PF206,20220218,20220218,134544500,13:45:46,7446,12283,63987,454102510,0,0,0
PF206,20220218,20220218,134547500,13:45:47,7446,12283,63987,454102510,0,0,0
PF206,20220218,20220218,134549500,13:45:53,7446,12283,63987,454102510,0,0,0
PF206,20220218,20220218,134602000,13:46:03,7446,12283,63987,454102510,0,0,0
PF206,20220218,20220218,134602500,13:46:04,7446,12283,63987,454102510,0,0,0
PF206,20220218,20220218,134603000,13:46:04,7446,12283,63987,454102510,0,0,0
PF206,20220218,20220218,134603500,13:46:04,7446,12283,63987,454102510,0,0,0
PF206,20220218,20220218,134604000,13:46:04,7446,12283,63987,454102510,0,0,0
PF206,20220218,20220218,134604500,13:46:05,7446,12283,63987,454102510,0,0,0
PF206,20220218,20220218,134605000,13:46:05,7446,12283,63987,454102510,0,0,0
PF206,20220218,20220218,134605500,13:46:06,7446,12283,63987,454102510,0,0,0
PF206,20220218,20220218,134606000,13:46:06,7442,12284,63987,454139480,1,0,36970
PF206,20220218,20220218,134608000,13:46:08,7442,12284,63987,454139480,0,0,0
PF206,20220218,20220218,134609000,13:46:09,7442,12284,63987,454139480,0,0,0
PF206,20220218,20220218,134609500,13:46:10,7442,12285,63987,454176450,1,0,36970
PF206,20220218,20220218,134610000,13:46:11,7442,12285,63987,454176450,0,0,0
PF206,20220218,20220218,134611000,13:46:11,7442,12285,63987,454176450,0,0,0
PF206,20220218,20220218,134614000,13:46:14,7442,12285,63987,454176450,0,0,0
PF206,20220218,20220218,134615500,13:46:17,7442,12285,63987,454176450,0,0,0
PF206,20220218,20220218,134616000,13:46:18,7442,12285,63987,454176450,0,0,0
PF206,20220218,20220218,134616500,13:46:18,7442,12285,63987,454176450,0,0,0
PF206,20220218,20220218,134617500,13:46:18,7442,12285,63987,454176450,0,0,0
PF206,20220218,20220218,134619000,13:46:19,7442,12285,63987,454176450,0,0,0
PF206,20220218,20220218,134619500,13:46:19,7442,12285,63987,454176450,0,0,0
PF206,20220218,20220218,134620000,13:46:20,7442,12285,63987,454176450,0,0,0
PF206,20220218,20220218,134630000,13:46:31,7442,12285,63987,454176450,0,0,0
PF206,20220218,20220218,134631500,13:46:32,7440,12374,64006,457590520,89,19,3414070
PF206,20220218,20220218,134632000,13:46:32,7440,12374,64006,457590520,0,0,0
PF206,20220218,20220218,134632500,13:46:33,7440,12374,64006,457590520,0,0,0
PF206,20220218,20220218,134633000,13:46:33,7440,12374,64006,457590520,0,0,0
PF206,20220218,20220218,134634500,13:46:35,7440,12374,64006,457590520,0,0,0
PF206,20220218,20220218,134635000,13:46:35,7440,12374,64006,457590520,0,0,0
PF206,20220218,20220218,134636000,13:46:37,7440,12374,64006,457590520,0,0,0
PF206,20220218,20220218,134636500,13:46:37,7440,12374,64006,457590520,0,0,0
PF206,20220218,20220218,134637500,13:46:38,7440,12374,64006,457590520,0,0,0
PF206,20220218,20220218,134638000,13:46:38,7440,12374,64006,457590520,0,0,0
PF206,20220218,20220218,134639500,13:46:40,7436,12420,63997,459291600,46,-9,1701080
PF206,20220218,20220218,134640000,13:46:42,7438,12423,63996,459402540,3,-1,110940
PF206,20220218,20220218,134640500,13:46:42,7438,12426,63993,459513480,3,-3,110940
PF206,20220218,20220218,134641000,13:46:42,7438,12429,63991,459624420,3,-2,110940
PF206,20220218,20220218,134641500,13:46:43,7438,12431,63993,459698380,2,2,73960
PF206,20220218,20220218,134642500,13:46:43,7440,12456,63998,460622880,25,5,924500
PF206,20220218,20220218,134643000,13:46:43,7440,12456,63998,460622880,0,0,0
PF206,20220218,20220218,134643500,13:46:44,7440,12456,63998,460622880,0,0,0
PF206,20220218,20220218,134644000,13:46:47,7440,12456,63998,460622880,0,0,0
PF206,20220218,20220218,134644500,13:46:47,7440,12456,63998,460622880,0,0,0
PF206,20220218,20220218,134645000,13:46:47,7440,12456,63998,460622880,0,0,0
PF206,20220218,20220218,134645500,13:46:47,7440,12456,63998,460622880,0,0,0
PF206,20220218,20220218,134651000,13:46:51,7440,12456,63998,460622880,0,0,0
PF206,20220218,20220218,134651500,13:46:51,7440,12456,63998,460622880,0,0,0
PF206,20220218,20220218,134652000,13:46:52,7440,12456,63998,460622880,0,0,0
PF206,20220218,20220218,134652500,13:46:53,7440,12456,63998,460622880,0,0,0
PF206,20220218,20220218,134654500,13:46:55,7440,12456,63998,460622880,0,0,0
PF206,20220218,20220218,134655500,13:46:55,7440,12456,63998,460622880,0,0,0
PF206,20220218,20220218,134657500,13:46:57,7440,12456,63998,460622880,0,0,0
PF206,20220218,20220218,134658500,13:46:59,7440,12456,63998,460622880,0,0,0
PF206,20220218,20220218,134700000,13:47:00,7440,12456,63998,460622880,0,0,0
PF206,20220218,20220218,134703000,13:47:03,7440,12456,63998,460622880,0,0,0
PF206,20220218,20220218,134703500,13:47:04,7440,12457,63999,460659860,1,1,36980
PF206,20220218,20220218,134704000,13:47:04,7440,12457,63999,460659860,0,0,0
PF206,20220218,20220218,134706000,13:47:10,7440,12457,63999,460659860,0,0,0
PF206,20220218,20220218,134706500,13:47:10,7440,12457,63999,460659860,0,0,0
PF206,20220218,20220218,134710500,13:47:12,7436,12547,64042,463988060,90,43,3328200
PF206,20220218,20220218,134711000,13:47:16,7436,12547,64042,463988060,0,0,0
PF206,20220218,20220218,134716500,13:47:16,7432,12605,64067,466132900,58,25,2144840
PF206,20220218,20220218,134717000,13:47:17,7432,12605,64067,466132900,0,0,0
PF206,20220218,20220218,134717500,13:47:19,7432,12605,64067,466132900,0,0,0
PF206,20220218,20220218,134718000,13:47:19,7432,12605,64067,466132900,0,0,0
PF206,20220218,20220218,134719000,13:47:19,7432,12605,64067,466132900,0,0,0
PF206,20220218,20220218,134719500,13:47:19,7432,12605,64067,466132900,0,0,0
PF206,20220218,20220218,134720000,13:47:20,7432,12605,64067,466132900,0,0,0
PF206,20220218,20220218,134720500,13:47:21,7432,12605,64067,466132900,0,0,0
PF206,20220218,20220218,134728500,13:47:28,7432,12605,64067,466132900,0,0,0
PF206,20220218,20220218,134729000,13:47:29,7432,12608,64067,466243840,3,0,110940
PF206,20220218,20220218,134729500,13:47:29,7434,12609,64066,466280820,1,-1,36980
PF206,20220218,20220218,134732500,13:47:34,7434,12610,64065,466317800,1,-1,36980
PF206,20220218,20220218,134734500,13:47:36,7434,12610,64065,466317800,0,0,0
PF206,20220218,20220218,134736500,13:47:37,7434,12610,64065,466317800,0,0,0
PF206,20220218,20220218,134738000,13:47:38,7434,12610,64065,466317800,0,0,0
PF206,20220218,20220218,134738500,13:47:39,7434,12610,64065,466317800,0,0,0
PF206,20220218,20220218,134740000,13:47:40,7434,12610,64065,466317800,0,0,0
PF206,20220218,20220218,134740500,13:47:40,7434,12619,64061,466650620,9,-4,332820
PF206,20220218,20220218,134741000,13:47:41,7434,12619,64061,466650620,0,0,0
PF206,20220218,20220218,134741500,13:47:42,7434,12619,64061,466650620,0,0,0
PF206,20220218,20220218,134742000,13:47:42,7434,12619,64061,466650620,0,0,0
PF206,20220218,20220218,134744500,13:47:45,7434,12619,64061,466650620,0,0,0
PF206,20220218,20220218,134745000,13:47:45,7434,12619,64061,466650620,0,0,0
PF206,20220218,20220218,134745500,13:47:46,7434,12619,64061,466650620,0,0,0
PF206,20220218,20220218,134746000,13:47:47,7434,12619,64061,466650620,0,0,0
PF206,20220218,20220218,134746500,13:47:47,7434,12619,64061,466650620,0,0,0
PF206,20220218,20220218,134748000,13:47:48,7434,12619,64061,466650620,0,0,0
PF206,20220218,20220218,134749000,13:47:50,7434,12619,64061,466650620,0,0,0
PF206,20220218,20220218,134749500,13:47:50,7436,12624,64063,466835520,5,2,184900
PF206,20220218,20220218,134750500,13:47:50,7436,12625,64064,466872500,1,1,36980
PF206,20220218,20220218,134752000,13:47:52,7436,12625,64064,466872500,0,0,0
PF206,20220218,20220218,134755000,13:47:55,7436,12625,64064,466872500,0,0,0
PF206,20220218,20220218,134756000,13:47:56,7436,12625,64064,466872500,0,0,0
PF206,20220218,20220218,134758500,13:47:58,7436,12625,64064,466872500,0,0,0
PF206,20220218,20220218,134807000,13:48:07,7436,12625,64064,466872500,0,0,0
PF206,20220218,20220218,134808000,13:48:08,7436,12625,64064,466872500,0,0,0
PF206,20220218,20220218,134811500,13:48:11,7436,12625,64064,466872500,0,0,0
PF206,20220218,20220218,134816500,13:48:16,7436,12625,64064,466872500,0,0,0
PF206,20220218,20220218,134817000,13:48:18,7436,12625,64064,466872500,0,0,0
PF206,20220218,20220218,134817500,13:48:19,7438,12710,64054,470015800,85,-10,3143300
PF206,20220218,20220218,134818000,13:48:19,7440,12737,64054,471014260,27,0,998460
PF206,20220218,20220218,134819000,13:48:20,7440,12737,64054,471014260,0,0,0
PF206,20220218,20220218,134822000,13:48:23,7440,12737,64054,471014260,0,0,0
PF206,20220218,20220218,134824000,13:48:24,7436,12833,64096,474564340,96,42,3550080
PF206,20220218,20220218,134824500,13:48:24,7436,12833,64096,474564340,0,0,0
PF206,20220218,20220218,134825000,13:48:25,7436,12833,64096,474564340,0,0,0
PF206,20220218,20220218,134825500,13:48:27,7436,12833,64096,474564340,0,0,0
PF206,20220218,20220218,134826000,13:48:27,7436,12833,64096,474564340,0,0,0
PF206,20220218,20220218,134827500,13:48:28,7436,12835,64098,474638300,2,2,73960
PF206,20220218,20220218,134845500,13:48:45,7436,12835,64098,474638300,0,0,0
PF206,20220218,20220218,134846000,13:48:46,7436,12840,64102,474823200,5,4,184900
PF206,20220218,20220218,134854500,13:48:56,7436,12840,64102,474823200,0,0,0
PF206,20220218,20220218,134855000,13:48:56,7436,12840,64102,474823200,0,0,0
PF206,20220218,20220218,134856000,13:48:57,7436,12840,64102,474823200,0,0,0
PF206,20220218,20220218,134856500,13:48:57,7436,12840,64102,474823200,0,0,0
PF206,20220218,20220218,134857500,13:48:57,7436,12840,64102,474823200,0,0,0
PF206,20220218,20220218,134858500,13:48:59,7436,12840,64102,474823200,0,0,0
PF206,20220218,20220218,134859000,13:48:59,7436,12840,64102,474823200,0,0,0
PF206,20220218,20220218,134859500,13:49:00,7436,12840,64102,474823200,0,0,0
PF206,20220218,20220218,134900000,13:49:00,7436,12840,64102,474823200,0,0,0
PF206,20220218,20220218,134900500,13:49:01,7436,12840,64102,474823200,0,0,0
PF206,20220218,20220218,134902500,13:49:03,7436,12840,64102,474823200,0,0,0
PF206,20220218,20220218,134903000,13:49:03,7436,12840,64102,474823200,0,0,0
PF206,20220218,20220218,134904000,13:49:04,7436,12840,64102,474823200,0,0,0
PF206,20220218,20220218,134904500,13:49:04,7436,12840,64102,474823200,0,0,0
PF206,20220218,20220218,134905000,13:49:05,7436,12840,64102,474823200,0,0,0
PF206,20220218,20220218,134905500,13:49:05,7436,12840,64102,474823200,0,0,0
PF206,20220218,20220218,134906000,13:49:06,7436,12840,64102,474823200,0,0,0
PF206,20220218,20220218,134907000,13:49:07,7436,12840,64102,474823200,0,0,0
PF206,20220218,20220218,134907500,13:49:07,7436,12840,64102,474823200,0,0,0
PF206,20220218,20220218,134908000,13:49:08,7436,12840,64102,474823200,0,0,0
PF206,20220218,20220218,134910000,13:49:10,7436,12840,64102,474823200,0,0,0
PF206,20220218,20220218,134910500,13:49:10,7436,12840,64102,474823200,0,0,0
PF206,20220218,20220218,134911500,13:49:12,7436,12840,64102,474823200,0,0,0
PF206,20220218,20220218,134914500,13:49:14,7436,12840,64102,474823200,0,0,0
PF206,20220218,20220218,134915000,13:49:15,7436,12840,64102,474823200,0,0,0
PF206,20220218,20220218,134915500,13:49:16,7436,12840,64102,474823200,0,0,0
PF206,20220218,20220218,134916000,13:49:16,7436,12840,64102,474823200,0,0,0
PF206,20220218,20220218,134917000,13:49:17,7436,12840,64102,474823200,0,0,0
PF206,20220218,20220218,134917500,13:49:17,7436,12840,64102,474823200,0,0,0
PF206,20220218,20220218,134918000,13:49:18,7436,12840,64102,474823200,0,0,0
PF206,20220218,20220218,134918500,13:49:19,7436,12840,64102,474823200,0,0,0
PF206,20220218,20220218,134922500,13:49:23,7436,12840,64102,474823200,0,0,0
PF206,20220218,20220218,134923000,13:49:24,7436,12840,64102,474823200,0,0,0
PF206,20220218,20220218,134925500,13:49:26,7436,12840,64102,474823200,0,0,0
PF206,20220218,20220218,134929000,13:49:29,7436,12840,64102,474823200,0,0,0
PF206,20220218,20220218,134930500,13:49:31,7436,12840,64102,474823200,0,0,0
PF206,20220218,20220218,134931000,13:49:31,7436,12840,64102,474823200,0,0,0
PF206,20220218,20220218,134932500,13:49:32,7436,12840,64102,474823200,0,0,0
PF206,20220218,20220218,134934500,13:49:35,7436,12840,64102,474823200,0,0,0
PF206,20220218,20220218,134936500,13:49:37,7436,12840,64102,474823200,0,0,0
PF206,20220218,20220218,134937000,13:49:37,7436,12840,64102,474823200,0,0,0
PF206,20220218,20220218,134938500,13:49:38,7436,12840,64102,474823200,0,0,0
PF206,20220218,20220218,134944500,13:49:45,7436,12840,64102,474823200,0,0,0
PF206,20220218,20220218,134946500,13:49:46,7436,12840,64102,474823200,0,0,0
PF206,20220218,20220218,134949000,13:49:49,7436,12840,64102,474823200,0,0,0
PF206,20220218,20220218,134950500,13:49:51,7436,12840,64102,474823200,0,0,0
PF206,20220218,20220218,134951000,13:49:51,7436,12840,64102,474823200,0,0,0
PF206,20220218,20220218,134951500,13:49:52,7436,12840,64102,474823200,0,0,0
PF206,20220218,20220218,134958000,13:49:58,7436,12840,64102,474823200,0,0,0
PF206,20220218,20220218,134958500,13:49:59,7436,12840,64102,474823200,0,0,0
PF206,20220218,20220218,135002500,13:50:03,7436,12840,64102,474823200,0,0,0
PF206,20220218,20220218,135003000,13:50:03,7436,12840,64102,474823200,0,0,0
PF206,20220218,20220218,135003500,13:50:03,7436,12840,64102,474823200,0,0,0
PF206,20220218,20220218,135004000,13:50:04,7436,12840,64102,474823200,0,0,0
PF206,20220218,20220218,135004500,13:50:05,7436,12840,64102,474823200,0,0,0
PF206,20220218,20220218,135005000,13:50:05,7440,12925,64093,477966500,85,-9,3143300
PF206,20220218,20220218,135005500,13:50:06,7440,12925,64093,477966500,0,0,0
PF206,20220218,20220218,135006000,13:50:06,7440,12925,64093,477966500,0,0,0
PF206,20220218,20220218,135006500,13:50:07,7440,12925,64093,477966500,0,0,0
PF206,20220218,20220218,135007000,13:50:07,7440,12925,64093,477966500,0,0,0
PF206,20220218,20220218,135007500,13:50:09,7440,12925,64093,477966500,0,0,0
PF206,20220218,20220218,135008000,13:50:25,7440,12925,64093,477966500,0,0,0
PF206,20220218,20220218,135009000,13:50:26,7440,12925,64093,477966500,0,0,0
PF206,20220218,20220218,135009500,13:50:26,7440,12925,64093,477966500,0,0,0
PF206,20220218,20220218,135025500,13:50:26,7440,12925,64093,477966500,0,0,0
PF206,20220218,20220218,135026000,13:50:29,7440,12925,64093,477966500,0,0,0
PF206,20220218,20220218,135026500,13:50:31,7440,12925,64093,477966500,0,0,0
PF206,20220218,20220218,135027000,13:50:35,7440,12925,64093,477966500,0,0,0
PF206,20220218,20220218,135029500,13:50:35,7440,12925,64093,477966500,0,0,0
PF206,20220218,20220218,135030000,13:50:37,7440,12925,64093,477966500,0,0,0
PF206,20220218,20220218,135033000,13:50:37,7440,12925,64093,477966500,0,0,0
PF206,20220218,20220218,135037000,13:50:38,7440,12925,64093,477966500,0,0,0
PF206,20220218,20220218,135039000,13:50:39,7440,12925,64093,477966500,0,0,0
PF206,20220218,20220218,135041000,13:50:41,7440,12925,64093,477966500,0,0,0
PF206,20220218,20220218,135045500,13:50:46,7440,12925,64093,477966500,0,0,0
PF206,20220218,20220218,135046000,13:50:47,7440,12925,64093,477966500,0,0,0
PF206,20220218,20220218,135046500,13:50:47,7440,12925,64093,477966500,0,0,0
PF206,20220218,20220218,135047000,13:50:47,7440,12925,64093,477966500,0,0,0
PF206,20220218,20220218,135047500,13:50:48,7440,12925,64093,477966500,0,0,0
PF206,20220218,20220218,135048000,13:50:48,7440,12925,64093,477966500,0,0,0
PF206,20220218,20220218,135054500,13:50:54,7440,12925,64093,477966500,0,0,0
PF206,20220218,20220218,135055000,13:50:55,7440,12925,64093,477966500,0,0,0
PF206,20220218,20220218,135057000,13:50:57,7440,12925,64093,477966500,0,0,0
PF206,20220218,20220218,135102000,13:51:02,7440,12925,64093,477966500,0,0,0
PF206,20220218,20220218,135102500,13:51:02,7440,12925,64093,477966500,0,0,0
PF206,20220218,20220218,135113500,13:51:21,7440,12925,64093,477966500,0,0,0
PF206,20220218,20220218,135124000,13:51:24,7440,12925,64093,477966500,0,0,0
PF206,20220218,20220218,135124500,13:51:24,7440,12925,64093,477966500,0,0,0
PF206,20220218,20220218,135125000,13:51:25,7448,13012,64089,481313880,87,-4,3347380
PF206,20220218,20220218,135125500,13:51:26,7448,13012,64089,481313880,0,0,0
PF206,20220218,20220218,135126000,13:51:27,7448,13012,64089,481313880,0,0,0
PF206,20220218,20220218,135126500,13:51:27,7448,13012,64089,481313880,0,0,0
PF206,20220218,20220218,135127500,13:51:27,7448,13012,64089,481313880,0,0,0
PF206,20220218,20220218,135128000,13:51:28,7448,13012,64089,481313880,0,0,0
PF206,20220218,20220218,135128500,13:51:29,7448,13012,64089,481313880,0,0,0
PF206,20220218,20220218,135129000,13:51:29,7448,13012,64089,481313880,0,0,0
PF206,20220218,20220218,135130000,13:51:30,7448,13012,64089,481313880,0,0,0
PF206,20220218,20220218,135130500,13:51:31,7448,13012,64089,481313880,0,0,0
PF206,20220218,20220218,135131500,13:51:31,7448,13012,64089,481313880,0,0,0
PF206,20220218,20220218,135132000,13:51:32,7448,13012,64089,481313880,0,0,0
PF206,20220218,20220218,135132500,13:51:33,7448,13012,64089,481313880,0,0,0
PF206,20220218,20220218,135134000,13:51:34,7448,13012,64089,481313880,0,0,0
PF206,20220218,20220218,135137500,13:51:38,7448,13012,64089,481313880,0,0,0
PF206,20220218,20220218,135146000,13:51:46,7448,13012,64089,481313880,0,0,0
PF206,20220218,20220218,135147500,13:51:48,7448,13012,64089,481313880,0,0,0
PF206,20220218,20220218,135148500,13:51:49,7448,13012,64089,481313880,0,0,0
PF206,20220218,20220218,135150000,13:51:50,7448,13012,64089,481313880,0,0,0
PF206,20220218,20220218,135152000,13:51:52,7448,13012,64089,481313880,0,0,0
PF206,20220218,20220218,135152500,13:51:52,7448,13012,64089,481313880,0,0,0
PF206,20220218,20220218,135154000,13:51:54,7448,13012,64089,481313880,0,0,0
PF206,20220218,20220218,135156000,13:51:56,7448,13012,64089,481313880,0,0,0
PF206,20220218,20220218,135159500,13:51:59,7448,13012,64089,481313880,0,0,0
PF206,20220218,20220218,135201000,13:52:01,7448,13012,64089,481313880,0,0,0
PF206,20220218,20220218,135201500,13:52:03,7448,13012,64089,481313880,0,0,0
PF206,20220218,20220218,135202000,13:52:03,7444,13040,64102,482349600,28,13,1035720
PF206,20220218,20220218,135202500,13:52:03,7444,13040,64102,482349600,0,0,0
PF206,20220218,20220218,135203000,13:52:04,7444,13040,64102,482349600,0,0,0
PF206,20220218,20220218,135203500,13:52:04,7446,13049,64107,482682510,9,5,332910
PF206,20220218,20220218,135209500,13:52:11,7446,13049,64107,482682510,0,0,0
PF206,20220218,20220218,135210500,13:52:12,7446,13049,64107,482682510,0,0,0
PF206,20220218,20220218,135211500,13:52:12,7446,13049,64107,482682510,0,0,0
PF206,20220218,20220218,135212000,13:52:12,7446,13049,64107,482682510,0,0,0
PF206,20220218,20220218,135214000,13:52:14,7446,13049,64107,482682510,0,0,0
PF206,20220218,20220218,135220500,13:52:24,7442,13154,64144,486566460,105,37,3883950
PF206,20220218,20220218,135221000,13:52:24,7442,13154,64144,486566460,0,0,0
PF206,20220218,20220218,135223500,13:52:24,7442,13154,64144,486566460,0,0,0
PF206,20220218,20220218,135224000,13:52:24,7442,13154,64144,486566460,0,0,0
PF206,20220218,20220218,135229000,13:52:29,7442,13154,64144,486566460,0,0,0
PF206,20220218,20220218,135230000,13:52:31,7442,13154,64144,486566460,0,0,0
PF206,20220218,20220218,135232000,13:52:33,7442,13156,64142,486640440,2,-2,73980
PF206,20220218,20220218,135233500,13:52:33,7442,13156,64142,486640440,0,0,0
PF206,20220218,20220218,135234500,13:52:35,7442,13156,64142,486640440,0,0,0
PF206,20220218,20220218,135245000,13:52:47,7442,13157,64141,486677430,1,-1,36990
PF206,20220218,20220218,135245500,13:52:48,7442,13163,64147,486899370,6,6,221940
PF206,20220218,20220218,135246000,13:52:48,7442,13163,64147,486899370,0,0,0
PF206,20220218,20220218,135247000,13:52:48,7442,13163,64147,486899370,0,0,0
PF206,20220218,20220218,135256000,13:52:56,7442,13167,64150,487047330,4,3,147960
PF206,20220218,20220218,135256500,13:52:57,7442,13167,64150,487047330,0,0,0
PF206,20220218,20220218,135257500,13:52:57,7442,13167,64150,487047330,0,0,0
PF206,20220218,20220218,135259000,13:53:00,7444,13171,64148,487195290,4,-2,147960
PF206,20220218,20220218,135259500,13:53:00,7444,13171,64148,487195290,0,0,0
PF206,20220218,20220218,135300000,13:53:00,7444,13171,64148,487195290,0,0,0
PF206,20220218,20220218,135301500,13:53:02,7444,13171,64148,487195290,0,0,0
PF206,20220218,20220218,135302000,13:53:02,7444,13171,64148,487195290,0,0,0
PF206,20220218,20220218,135302500,13:53:03,7444,13171,64148,487195290,0,0,0
PF206,20220218,20220218,135303000,13:53:04,7444,13171,64148,487195290,0,0,0
PF206,20220218,20220218,135303500,13:53:05,7444,13171,64148,487195290,0,0,0
PF206,20220218,20220218,135305000,13:53:06,7444,13171,64148,487195290,0,0,0
PF206,20220218,20220218,135308500,13:53:09,7444,13171,64148,487195290,0,0,0
PF206,20220218,20220218,135309500,13:53:09,7444,13171,64148,487195290,0,0,0
PF206,20220218,20220218,135311000,13:53:11,7444,13171,64148,487195290,0,0,0
PF206,20220218,20220218,135312000,13:53:12,7444,13171,64148,487195290,0,0,0
PF206,20220218,20220218,135312500,13:53:13,7444,13171,64148,487195290,0,0,0
PF206,20220218,20220218,135313000,13:53:13,7444,13171,64148,487195290,0,0,0
PF206,20220218,20220218,135313500,13:53:13,7444,13171,64148,487195290,0,0,0
PF206,20220218,20220218,135314000,13:53:14,7444,13171,64148,487195290,0,0,0
PF206,20220218,20220218,135314500,13:53:15,7444,13171,64148,487195290,0,0,0
PF206,20220218,20220218,135315500,13:53:15,7444,13171,64148,487195290,0,0,0
PF206,20220218,20220218,135316000,13:53:16,7444,13171,64148,487195290,0,0,0
PF206,20220218,20220218,135316500,13:53:20,7444,13171,64148,487195290,0,0,0
PF206,20220218,20220218,135319000,13:53:20,7444,13171,64148,487195290,0,0,0
PF206,20220218,20220218,135321500,13:53:22,7444,13171,64148,487195290,0,0,0
PF206,20220218,20220218,135322000,13:53:22,7444,13171,64148,487195290,0,0,0
PF206,20220218,20220218,135322500,13:53:23,7444,13171,64148,487195290,0,0,0
PF206,20220218,20220218,135323000,13:53:23,7444,13171,64148,487195290,0,0,0
PF206,20220218,20220218,135323500,13:53:23,7444,13171,64148,487195290,0,0,0
PF206,20220218,20220218,135324000,13:53:26,7444,13171,64148,487195290,0,0,0
PF206,20220218,20220218,135324500,13:53:26,7444,13171,64148,487195290,0,0,0
PF206,20220218,20220218,135325000,13:53:26,7444,13171,64148,487195290,0,0,0
PF206,20220218,20220218,135325500,13:53:26,7444,13171,64148,487195290,0,0,0
PF206,20220218,20220218,135326000,13:53:26,7444,13171,64148,487195290,0,0,0
PF206,20220218,20220218,135326500,13:53:26,7444,13171,64148,487195290,0,0,0
PF206,20220218,20220218,135327500,13:53:28,7438,13192,64154,487972080,21,6,776790
PF206,20220218,20220218,135330000,13:53:30,7438,13192,64154,487972080,0,0,0
PF206,20220218,20220218,135330500,13:53:31,7438,13192,64154,487972080,0,0,0
PF206,20220218,20220218,135331000,13:53:31,7436,13224,64161,489155760,32,7,1183680
PF206,20220218,20220218,135331500,13:53:32,7436,13224,64161,489155760,0,0,0
PF206,20220218,20220218,135332500,13:53:32,7436,13224,64161,489155760,0,0,0
PF206,20220218,20220218,135333000,13:53:33,7436,13224,64161,489155760,0,0,0
PF206,20220218,20220218,135334000,13:53:35,7436,13224,64161,489155760,0,0,0
PF206,20220218,20220218,135334500,13:53:35,7436,13224,64161,489155760,0,0,0
PF206,20220218,20220218,135335000,13:53:36,7436,13224,64161,489155760,0,0,0
PF206,20220218,20220218,135335500,13:53:36,7436,13224,64161,489155760,0,0,0
PF206,20220218,20220218,135336500,13:53:44,7436,13224,64161,489155760,0,0,0
PF206,20220218,20220218,135337000,13:53:45,7436,13224,64161,489155760,0,0,0
PF206,20220218,20220218,135344000,13:53:45,7436,13224,64161,489155760,0,0,0
PF206,20220218,20220218,135346500,13:53:47,7436,13224,64161,489155760,0,0,0
PF206,20220218,20220218,135349500,13:53:50,7436,13224,64161,489155760,0,0,0
PF206,20220218,20220218,135350000,13:53:50,7436,13224,64161,489155760,0,0,0
