PF204,20220218,20220218,112003000,11:20:05,7304,18690,42001,680502900,18690,-1582,680502900
PF204,20220218,20220218,112003500,11:20:09,7304,18690,42001,680502900,0,0,0
PF204,20220218,20220218,112005000,11:20:10,7304,18690,42001,680502900,0,0,0
PF204,20220218,20220218,112005500,11:20:10,7304,18690,42001,680502900,0,0,0
PF204,20220218,20220218,112011000,11:20:11,7304,18690,42001,680502900,0,0,0
PF204,20220218,20220218,112011500,11:20:12,7304,18690,42001,680502900,0,0,0
PF204,20220218,20220218,112012000,11:20:12,7304,18690,42001,680502900,0,0,0
PF204,20220218,20220218,112016500,11:20:16,7304,18694,41997,680648540,4,-4,145640
PF204,20220218,20220218,112017000,11:20:17,7304,18694,41997,680648540,0,0,0
PF204,20220218,20220218,112017500,11:20:17,7304,18694,41997,680648540,0,0,0
PF204,20220218,20220218,112018000,11:20:18,7304,18694,41997,680648540,0,0,0
PF204,20220218,20220218,112018500,11:20:18,7304,18694,41997,680648540,0,0,0
PF204,20220218,20220218,112019000,11:20:19,7304,18694,41997,680648540,0,0,0
PF204,20220218,20220218,112019500,11:20:20,7304,18694,41997,680648540,0,0,0
PF204,20220218,20220218,112020000,11:20:20,7304,18694,41997,680648540,0,0,0
PF204,20220218,20220218,112020500,11:20:21,7304,18694,41997,680648540,0,0,0
PF204,20220218,20220218,112030500,11:20:31,7304,18694,41997,680648540,0,0,0
PF204,20220218,20220218,112031000,11:20:32,7304,18694,41997,680648540,0,0,0
PF204,20220218,20220218,112031500,11:20:32,7304,18694,41997,680648540,0,0,0
PF204,20220218,20220218,112032000,11:20:32,7304,18694,41997,680648540,0,0,0
PF204,20220218,20220218,112032500,11:20:32,7304,18694,41997,680648540,0,0,0
PF204,20220218,20220218,112033000,11:20:33,7302,18696,41995,680721360,2,-2,72820
PF204,20220218,20220218,112033500,11:20:33,7302,18696,41995,680721360,0,0,0
PF204,20220218,20220218,112034000,11:20:34,7302,18696,41995,680721360,0,0,0
PF204,20220218,20220218,112035500,11:20:35,7302,18696,41995,680721360,0,0,0
PF204,20220218,20220218,112036000,11:20:36,7302,18696,41995,680721360,0,0,0
PF204,20220218,20220218,112036500,11:20:37,7302,18696,41995,680721360,0,0,0
PF204,20220218,20220218,112038500,11:20:39,7302,18696,41995,680721360,0,0,0
PF204,20220218,20220218,112039000,11:20:39,7302,18696,41995,680721360,0,0,0
PF204,20220218,20220218,112042000,11:20:42,7302,18696,41995,680721360,0,0,0
PF204,20220218,20220218,112042500,11:20:42,7302,18696,41995,680721360,0,0,0
PF204,20220218,20220218,112044500,11:20:45,7302,18696,41995,680721360,0,0,0
PF204,20220218,20220218,112045000,11:20:45,7302,18696,41995,680721360,0,0,0
PF204,20220218,20220218,112045500,11:20:46,7302,18696,41995,680721360,0,0,0
PF204,20220218,20220218,112046000,11:20:46,7302,18696,41995,680721360,0,0,0
PF204,20220218,20220218,112046500,11:20:46,7302,18696,41995,680721360,0,0,0
PF204,20220218,20220218,112051500,11:20:52,7302,18696,41995,680721360,0,0,0
PF204,20220218,20220218,112052000,11:20:53,7302,18696,41995,680721360,0,0,0
PF204,20220218,20220218,112052500,11:20:53,7302,18696,41995,680721360,0,0,0
PF204,20220218,20220218,112053000,11:20:53,7302,18696,41995,680721360,0,0,0
PF204,20220218,20220218,112054000,11:20:54,7302,18696,41995,680721360,0,0,0
PF204,20220218,20220218,112056500,11:20:57,7302,18696,41995,680721360,0,0,0
PF204,20220218,20220218,112102500,11:21:03,7302,18696,41995,680721360,0,0,0
PF204,20220218,20220218,112103000,11:21:03,7302,18696,41995,680721360,0,0,0
PF204,20220218,20220218,112103500,11:21:04,7302,18696,41995,680721360,0,0,0
PF204,20220218,20220218,112104000,11:21:04,7302,18696,41995,680721360,0,0,0
PF204,20220218,20220218,112106000,11:21:07,7302,18696,41995,680721360,0,0,0
PF204,20220218,20220218,112106500,11:21:08,7302,18696,41995,680721360,0,0,0
PF204,20220218,20220218,112109000,11:21:10,7302,18696,41995,680721360,0,0,0
PF204,20220218,20220218,112114500,11:21:14,7302,18696,41995,680721360,0,0,0
PF204,20220218,20220218,112115000,11:21:15,7302,18696,41995,680721360,0,0,0
PF204,20220218,20220218,112116500,11:21:17,7302,18696,41995,680721360,0,0,0
PF204,20220218,20220218,112117000,11:21:17,7302,18696,41995,680721360,0,0,0
PF204,20220218,20220218,112117500,11:21:18,7302,18696,41995,680721360,0,0,0
PF204,20220218,20220218,112118000,11:21:18,7302,18696,41995,680721360,0,0,0
PF204,20220218,20220218,112120500,11:21:22,7302,18696,41995,680721360,0,0,0
PF204,20220218,20220218,112121000,11:21:22,7302,18696,41995,680721360,0,0,0
PF204,20220218,20220218,112121500,11:21:22,7302,18696,41995,680721360,0,0,0
PF204,20220218,20220218,112122000,11:21:22,7302,18696,41995,680721360,0,0,0
PF204,20220218,20220218,112123500,11:21:23,7302,18696,41995,680721360,0,0,0
PF204,20220218,20220218,112126000,11:23:33,7302,18696,41995,680721360,0,0,0
PF204,20220218,20220218,112332500,11:23:33,7302,18696,41995,680721360,0,0,0
PF204,20220218,20220218,112333000,11:23:33,7302,18696,41995,680721360,0,0,0
PF204,20220218,20220218,112334000,11:23:34,7302,18696,41995,680721360,0,0,0
PF204,20220218,20220218,112334500,11:23:34,7302,18696,41995,680721360,0,0,0
PF204,20220218,20220218,112335000,11:23:35,7302,18696,41995,680721360,0,0,0
PF204,20220218,20220218,112335500,11:23:35,7302,18696,41995,680721360,0,0,0
PF204,20220218,20220218,112336000,11:23:37,7302,18696,41995,680721360,0,0,0
PF204,20220218,20220218,112337000,11:23:38,7302,18696,41995,680721360,0,0,0
PF204,20220218,20220218,112337500,11:23:38,7302,18696,41995,680721360,0,0,0
PF204,20220218,20220218,112338000,11:23:38,7302,18696,41995,680721360,0,0,0
PF204,20220218,20220218,112339000,11:23:39,7302,18696,41995,680721360,0,0,0
PF204,20220218,20220218,112339500,11:23:39,7302,18696,41995,680721360,0,0,0
PF204,20220218,20220218,112340000,11:23:40,7302,18696,41995,680721360,0,0,0
PF204,20220218,20220218,112341000,11:23:41,7302,18696,41995,680721360,0,0,0
PF204,20220218,20220218,112341500,11:23:42,7302,18696,41995,680721360,0,0,0
PF204,20220218,20220218,112342000,11:23:42,7302,18696,41995,680721360,0,0,0
PF204,20220218,20220218,112342500,11:23:43,7302,18696,41995,680721360,0,0,0
PF204,20220218,20220218,112343000,11:23:43,7302,18696,41995,680721360,0,0,0
PF204,20220218,20220218,112343500,11:23:43,7302,18696,41995,680721360,0,0,0
PF204,20220218,20220218,112347500,11:23:48,7302,18696,41995,680721360,0,0,0
PF204,20220218,20220218,112349000,11:23:49,7306,18813,42009,684981330,117,14,4259970
PF204,20220218,20220218,112349500,11:23:50,7306,18813,42009,684981330,0,0,0
PF204,20220218,20220218,112350000,11:23:50,7306,18813,42009,684981330,0,0,0
PF204,20220218,20220218,112350500,11:23:50,7306,18813,42009,684981330,0,0,0
PF204,20220218,20220218,112354500,11:23:55,7306,18813,42009,684981330,0,0,0
PF204,20220218,20220218,112356500,11:23:56,7306,18813,42009,684981330,0,0,0
PF204,20220218,20220218,112401500,11:24:01,7306,18813,42009,684981330,0,0,0
PF204,20220218,20220218,112402000,11:24:02,7306,18813,42009,684981330,0,0,0
PF204,20220218,20220218,112404000,11:24:04,7306,18813,42009,684981330,0,0,0
PF204,20220218,20220218,112411500,11:24:12,7306,18813,42009,684981330,0,0,0
PF204,20220218,20220218,112412500,11:24:13,7306,18813,42009,684981330,0,0,0
PF204,20220218,20220218,112413000,11:24:13,7306,18813,42009,684981330,0,0,0
PF204,20220218,20220218,112418500,11:24:19,7306,18813,42009,684981330,0,0,0
PF204,20220218,20220218,112419000,11:24:19,7306,18813,42009,684981330,0,0,0
PF204,20220218,20220218,112420000,11:24:20,7306,18813,42009,684981330,0,0,0
PF204,20220218,20220218,112420500,11:24:20,7306,18813,42009,684981330,0,0,0
PF204,20220218,20220218,112422000,11:24:22,7306,18813,42009,684981330,0,0,0
PF204,20220218,20220218,112422500,11:24:23,7306,18813,42009,684981330,0,0,0
PF204,20220218,20220218,112423000,11:24:23,7306,18813,42009,684981330,0,0,0
PF204,20220218,20220218,112426500,11:24:26,7306,18813,42009,684981330,0,0,0
PF204,20220218,20220218,112427000,11:24:27,7306,18813,42009,684981330,0,0,0
PF204,20220218,20220218,112427500,11:24:28,7306,18813,42009,684981330,0,0,0
PF204,20220218,20220218,112429500,11:24:30,7306,18813,42009,684981330,0,0,0
PF204,20220218,20220218,112430000,11:24:30,7306,18813,42009,684981330,0,0,0
PF204,20220218,20220218,112430500,11:24:30,7306,18813,42009,684981330,0,0,0
PF204,20220218,20220218,112433000,11:24:33,7306,18813,42009,684981330,0,0,0
PF204,20220218,20220218,112437000,11:24:37,7306,18813,42009,684981330,0,0,0
PF204,20220218,20220218,112455000,11:24:55,7306,18813,42009,684981330,0,0,0
PF204,20220218,20220218,112455500,11:24:56,7306,18813,42009,684981330,0,0,0
PF204,20220218,20220218,112457500,11:24:57,7306,18813,42009,684981330,0,0,0
PF204,20220218,20220218,112502000,11:25:05,7306,18813,42009,684981330,0,0,0
PF204,20220218,20220218,112504500,11:25:06,7306,18813,42009,684981330,0,0,0
PF204,20220218,20220218,112505500,11:25:06,7306,18813,42009,684981330,0,0,0
PF204,20220218,20220218,112508500,11:25:09,7306,18813,42009,684981330,0,0,0
PF204,20220218,20220218,112509000,11:25:09,7306,18813,42009,684981330,0,0,0
PF204,20220218,20220218,112510500,11:25:10,7306,18813,42009,684981330,0,0,0
PF204,20220218,20220218,112511000,11:25:11,7306,18813,42009,684981330,0,0,0
PF204,20220218,20220218,112521000,11:25:22,7306,18813,42009,684981330,0,0,0
PF204,20220218,20220218,112521500,11:25:22,7306,18813,42009,684981330,0,0,0
PF204,20220218,20220218,112522500,11:25:22,7306,18813,42009,684981330,0,0,0
PF204,20220218,20220218,112523000,11:25:23,7306,18813,42009,684981330,0,0,0
PF204,20220218,20220218,112523500,11:25:24,7306,18813,42009,684981330,0,0,0
PF204,20220218,20220218,112525000,11:25:25,7306,18813,42009,684981330,0,0,0
PF204,20220218,20220218,112525500,11:25:26,7306,18813,42009,684981330,0,0,0
PF204,20220218,20220218,112526500,11:25:27,7306,18813,42009,684981330,0,0,0
PF204,20220218,20220218,112528000,11:25:28,7306,18813,42009,684981330,0,0,0
PF204,20220218,20220218,112528500,11:25:28,7306,18813,42009,684981330,0,0,0
PF204,20220218,20220218,112530500,11:25:31,7306,18813,42009,684981330,0,0,0
PF204,20220218,20220218,112531000,11:25:31,7306,18813,42009,684981330,0,0,0
PF204,20220218,20220218,112533500,11:25:33,7306,18813,42009,684981330,0,0,0
PF204,20220218,20220218,112535000,11:25:37,7306,18813,42009,684981330,0,0,0
PF204,20220218,20220218,112538500,11:25:39,7306,18813,42009,684981330,0,0,0
PF204,20220218,20220218,112539000,11:25:39,7306,18813,42009,684981330,0,0,0
PF204,20220218,20220218,112541500,11:25:41,7306,18813,42009,684981330,0,0,0
PF204,20220218,20220218,112542000,11:25:42,7306,18813,42009,684981330,0,0,0
PF204,20220218,20220218,112542500,11:25:43,7306,18813,42009,684981330,0,0,0
PF204,20220218,20220218,112543000,11:25:43,7306,18813,42009,684981330,0,0,0
PF204,20220218,20220218,112543500,11:25:43,7306,18813,42009,684981330,0,0,0
PF204,20220218,20220218,112545000,11:25:45,7306,18813,42009,684981330,0,0,0
PF204,20220218,20220218,112549000,11:25:49,7306,18813,42009,684981330,0,0,0
PF204,20220218,20220218,112553000,11:25:53,7306,18813,42009,684981330,0,0,0
PF204,20220218,20220218,112553500,11:25:54,7306,18813,42009,684981330,0,0,0
PF204,20220218,20220218,112554000,11:25:54,7306,18813,42009,684981330,0,0,0
PF204,20220218,20220218,112559000,11:26:00,7306,18813,42009,684981330,0,0,0
PF204,20220218,20220218,112559500,11:26:00,7306,18813,42009,684981330,0,0,0
PF204,20220218,20220218,112600500,11:26:01,7306,18813,42009,684981330,0,0,0
PF204,20220218,20220218,112601000,11:26:01,7306,18813,42009,684981330,0,0,0
PF204,20220218,20220218,112605000,11:26:05,7306,18813,42009,684981330,0,0,0
PF204,20220218,20220218,112605500,11:26:06,7308,18863,42001,686801830,50,-8,1820500
PF204,20220218,20220218,112606000,11:26:06,7308,18863,42001,686801830,0,0,0
PF204,20220218,20220218,112606500,11:26:09,7308,18863,42001,686801830,0,0,0
PF204,20220218,20220218,112607000,11:26:09,7308,18863,42001,686801830,0,0,0
PF204,20220218,20220218,112607500,11:26:09,7308,18863,42001,686801830,0,0,0
PF204,20220218,20220218,112608000,11:26:09,7308,18863,42001,686801830,0,0,0
PF204,20220218,20220218,112610500,11:26:11,7308,18863,42001,686801830,0,0,0
PF204,20220218,20220218,112620500,11:26:20,7308,18863,42001,686801830,0,0,0
PF204,20220218,20220218,112621000,11:26:21,7308,18863,42001,686801830,0,0,0
PF204,20220218,20220218,112624000,11:26:24,7308,18863,42001,686801830,0,0,0
PF204,20220218,20220218,112624500,11:26:24,7308,18863,42001,686801830,0,0,0
PF204,20220218,20220218,112625000,11:26:25,7308,18863,42001,686801830,0,0,0
PF204,20220218,20220218,112625500,11:26:25,7308,18863,42001,686801830,0,0,0
PF204,20220218,20220218,112626000,11:26:26,7308,18863,42001,686801830,0,0,0
PF204,20220218,20220218,112628000,11:26:28,7308,18863,42001,686801830,0,0,0
PF204,20220218,20220218,112628500,11:26:28,7308,18863,42001,686801830,0,0,0
PF204,20220218,20220218,112629500,11:26:30,7308,18863,42001,686801830,0,0,0
PF204,20220218,20220218,112630500,11:26:31,7308,18863,42001,686801830,0,0,0
PF204,20220218,20220218,112631000,11:26:31,7308,18863,42001,686801830,0,0,0
PF204,20220218,20220218,112631500,11:26:32,7308,18863,42001,686801830,0,0,0
PF204,20220218,20220218,112632500,11:26:32,7308,18863,42001,686801830,0,0,0
PF204,20220218,20220218,112633000,11:26:33,7308,18863,42001,686801830,0,0,0
PF204,20220218,20220218,112634000,11:26:35,7308,18863,42001,686801830,0,0,0
PF204,20220218,20220218,112637500,11:27:10,7308,18863,42001,686801830,0,0,0
PF204,20220218,20220218,112638000,11:27:10,7308,18863,42001,686801830,0,0,0
PF204,20220218,20220218,112651000,11:27:10,7308,18863,42001,686801830,0,0,0
PF204,20220218,20220218,112707000,11:27:12,7308,18863,42001,686801830,0,0,0
PF204,20220218,20220218,112717500,11:27:17,7308,18863,42001,686801830,0,0,0
PF204,20220218,20220218,112726000,11:27:27,7308,18863,42001,686801830,0,0,0
PF204,20220218,20220218,112728000,11:27:28,7308,18863,42001,686801830,0,0,0
PF204,20220218,20220218,112732000,11:27:36,7308,18863,42001,686801830,0,0,0
PF204,20220218,20220218,112735500,11:27:36,7308,18863,42001,686801830,0,0,0
PF204,20220218,20220218,112736000,11:27:37,7308,18863,42001,686801830,0,0,0
PF204,20220218,20220218,112737500,11:27:38,7308,18863,42001,686801830,0,0,0
PF204,20220218,20220218,112738500,11:27:39,7308,18863,42001,686801830,0,0,0
PF204,20220218,20220218,112739000,11:27:39,7308,18863,42001,686801830,0,0,0
PF204,20220218,20220218,112740500,11:27:40,7308,18863,42001,686801830,0,0,0
PF204,20220218,20220218,112745000,11:27:46,7308,18863,42001,686801830,0,0,0
PF204,20220218,20220218,112753500,11:27:54,7308,18863,42001,686801830,0,0,0
PF204,20220218,20220218,112754500,11:27:55,7308,18863,42001,686801830,0,0,0
PF204,20220218,20220218,112755500,11:27:55,7308,18863,42001,686801830,0,0,0
PF204,20220218,20220218,112756000,11:27:56,7308,18863,42001,686801830,0,0,0
PF204,20220218,20220218,112757000,11:27:57,7308,18863,42001,686801830,0,0,0
PF204,20220218,20220218,112759000,11:27:59,7308,18863,42001,686801830,0,0,0
PF204,20220218,20220218,112759500,11:27:59,7308,18863,42001,686801830,0,0,0
PF204,20220218,20220218,112800000,11:28:01,7308,18863,42001,686801830,0,0,0
PF204,20220218,20220218,112801000,11:28:01,7308,18863,42001,686801830,0,0,0
PF204,20220218,20220218,112802500,11:28:03,7308,18863,42001,686801830,0,0,0
PF204,20220218,20220218,112806500,11:28:10,7308,18863,42001,686801830,0,0,0
PF204,20220218,20220218,112809500,11:28:11,7308,18863,42001,686801830,0,0,0
PF204,20220218,20220218,112810500,11:28:12,7308,18864,42001,686838240,1,0,36410
PF204,20220218,20220218,112811000,11:28:12,7308,18864,42001,686838240,0,0,0
PF204,20220218,20220218,112811500,11:28:12,7308,18864,42001,686838240,0,0,0
PF204,20220218,20220218,112813000,11:28:13,7308,18864,42001,686838240,0,0,0
PF204,20220218,20220218,112817500,11:28:17,7308,18864,42001,686838240,0,0,0
PF204,20220218,20220218,112818000,11:28:18,7308,18865,42000,686874650,1,-1,36410
PF204,20220218,20220218,112819500,11:28:20,7308,18865,42000,686874650,0,0,0
PF204,20220218,20220218,112829500,11:28:29,7308,18865,42000,686874650,0,0,0
PF204,20220218,20220218,112830000,11:28:30,7308,18865,42000,686874650,0,0,0
PF204,20220218,20220218,112830500,11:28:31,7308,18865,42000,686874650,0,0,0
PF204,20220218,20220218,112831000,11:28:31,7308,18865,42000,686874650,0,0,0
PF204,20220218,20220218,112833000,11:28:33,7308,18865,42000,686874650,0,0,0
PF204,20220218,20220218,112834500,11:28:34,7308,18865,42000,686874650,0,0,0
PF204,20220218,20220218,112835000,11:28:35,7308,18865,42000,686874650,0,0,0
PF204,20220218,20220218,112839500,11:28:40,7308,18865,42000,686874650,0,0,0
PF204,20220218,20220218,112840000,11:28:40,7308,18865,42000,686874650,0,0,0
PF204,20220218,20220218,112841000,11:28:41,7308,18865,42000,686874650,0,0,0
PF204,20220218,20220218,112841500,11:28:42,7308,18865,42000,686874650,0,0,0
PF204,20220218,20220218,112842000,11:28:42,7308,18865,42000,686874650,0,0,0
PF204,20220218,20220218,112842500,11:28:42,7308,18865,42000,686874650,0,0,0
PF204,20220218,20220218,112843000,11:28:43,7310,18866,42000,686911060,1,0,36410
PF204,20220218,20220218,112844000,11:28:44,7310,18866,42000,686911060,0,0,0
PF204,20220218,20220218,112844500,11:28:45,7310,18866,42000,686911060,0,0,0
PF204,20220218,20220218,112846500,11:28:46,7310,18866,42000,686911060,0,0,0
PF204,20220218,20220218,112847000,11:28:47,7312,18880,42001,687420800,14,1,509740
PF204,20220218,20220218,112847500,11:28:48,7312,18880,42001,687420800,0,0,0
PF204,20220218,20220218,112848500,11:28:48,7312,18880,42001,687420800,0,0,0
PF204,20220218,20220218,112849000,11:28:49,7312,18880,42001,687420800,0,0,0
PF204,20220218,20220218,112850000,11:28:50,7312,18880,42001,687420800,0,0,0
PF204,20220218,20220218,112850500,11:28:51,7312,18880,42001,687420800,0,0,0
PF204,20220218,20220218,112851000,11:28:51,7312,18880,42001,687420800,0,0,0
PF204,20220218,20220218,112851500,11:28:51,7312,18880,42001,687420800,0,0,0
PF204,20220218,20220218,112852000,11:28:53,7312,18880,42001,687420800,0,0,0
PF204,20220218,20220218,112852500,11:28:54,7312,18880,42001,687420800,0,0,0
PF204,20220218,20220218,112853000,11:28:54,7312,18880,42001,687420800,0,0,0
PF204,20220218,20220218,112853500,11:28:54,7312,18880,42001,687420800,0,0,0
PF204,20220218,20220218,112854000,11:28:54,7312,18880,42001,687420800,0,0,0
PF204,20220218,20220218,112854500,11:28:54,7312,18880,42001,687420800,0,0,0
PF204,20220218,20220218,112855000,11:28:55,7312,18880,42001,687420800,0,0,0
PF204,20220218,20220218,112855500,11:28:56,7312,18880,42001,687420800,0,0,0
PF204,20220218,20220218,112857000,11:28:57,7312,18880,42001,687420800,0,0,0
PF204,20220218,20220218,112858000,11:28:58,7312,18880,42001,687420800,0,0,0
PF204,20220218,20220218,112901500,11:29:02,7318,18900,42001,688149000,20,0,728200
PF204,20220218,20220218,112902000,11:29:02,7316,18950,42007,689969500,50,6,1820500
PF204,20220218,20220218,112902500,11:29:03,7316,18950,42007,689969500,0,0,0
PF204,20220218,20220218,112903500,11:29:04,7316,18950,42007,689969500,0,0,0
PF204,20220218,20220218,112904000,11:29:04,7316,18950,42007,689969500,0,0,0
PF204,20220218,20220218,112904500,11:29:04,7316,18951,42007,690005910,1,0,36410
PF204,20220218,20220218,112905000,11:29:05,7316,18952,42007,690042320,1,0,36410
PF204,20220218,20220218,112905500,11:29:06,7316,18952,42007,690042320,0,0,0
PF204,20220218,20220218,112907000,11:29:07,7316,18952,42007,690042320,0,0,0
PF204,20220218,20220218,112911500,11:29:12,7316,18952,42007,690042320,0,0,0
PF204,20220218,20220218,112912000,11:29:12,7316,18952,42007,690042320,0,0,0
PF204,20220218,20220218,112917000,11:29:20,7316,18955,42007,690151550,3,0,109230
PF204,20220218,20220218,112917500,11:29:21,7316,18955,42007,690151550,0,0,0
PF204,20220218,20220218,112918000,11:29:21,7316,18956,42007,690187960,1,0,36410
PF204,20220218,20220218,112924000,11:29:24,7316,18956,42007,690187960,0,0,0
PF204,20220218,20220218,112924500,11:29:24,7316,18956,42007,690187960,0,0,0
PF204,20220218,20220218,112925000,11:29:25,7316,18956,42007,690187960,0,0,0
PF204,20220218,20220218,112927500,11:29:28,7316,18956,42007,690187960,0,0,0
PF204,20220218,20220218,112928000,11:29:28,7316,18956,42007,690187960,0,0,0
PF204,20220218,20220218,112931500,11:29:32,7316,18956,42007,690187960,0,0,0
PF204,20220218,20220218,112932000,11:29:36,7316,18956,42007,690187960,0,0,0
PF204,20220218,20220218,112936500,11:29:38,7316,18956,42007,690187960,0,0,0
PF204,20220218,20220218,112937500,11:29:38,7316,18956,42007,690187960,0,0,0
PF204,20220218,20220218,112939500,11:29:40,7316,18956,42007,690187960,0,0,0
PF204,20220218,20220218,112940000,11:29:40,7316,18956,42007,690187960,0,0,0
PF204,20220218,20220218,112940500,11:29:40,7316,18956,42007,690187960,0,0,0
PF204,20220218,20220218,112941000,11:29:41,7316,18956,42007,690187960,0,0,0
PF204,20220218,20220218,112941500,11:29:42,7316,18956,42007,690187960,0,0,0
PF204,20220218,20220218,112942000,11:29:43,7316,18956,42007,690187960,0,0,0
PF204,20220218,20220218,112944500,11:29:45,7316,18956,42007,690187960,0,0,0
PF204,20220218,20220218,112946500,11:29:47,7316,18956,42007,690187960,0,0,0
PF204,20220218,20220218,112947000,11:29:47,7316,18956,42007,690187960,0,0,0
PF204,20220218,20220218,112947500,11:29:48,7316,18956,42007,690187960,0,0,0
PF204,20220218,20220218,112948000,11:29:49,7316,18956,42007,690187960,0,0,0
PF204,20220218,20220218,112948500,11:29:49,7316,18956,42007,690187960,0,0,0
PF204,20220218,20220218,112949500,11:29:50,7316,18956,42007,690187960,0,0,0
PF204,20220218,20220218,112950000,11:29:51,7316,18956,42007,690187960,0,0,0
PF204,20220218,20220218,112950500,11:29:51,7318,18961,42006,690370010,5,-1,182050
PF204,20220218,20220218,112957500,11:30:02,7318,18961,42006,690370010,0,0,0
PF204,20220218,20220218,133001500,13:30:02,7318,18961,42006,690370010,0,0,0
PF204,20220218,20220218,133002000,13:30:08,7318,18961,42006,690370010,0,0,0
PF204,20220218,20220218,133002500,13:30:10,7318,18961,42006,690370010,0,0,0
PF204,20220218,20220218,133008000,13:30:10,7318,18961,42006,690370010,0,0,0
PF204,20220218,20220218,133009500,13:30:10,7318,18961,42006,690370010,0,0,0
PF204,20220218,20220218,133010000,13:30:11,7318,18961,42006,690370010,0,0,0
PF204,20220218,20220218,133010500,13:30:12,7318,18961,42006,690370010,0,0,0
PF204,20220218,20220218,133011000,13:30:13,7318,18961,42006,690370010,0,0,0
PF204,20220218,20220218,133012500,13:30:13,7318,18961,42006,690370010,0,0,0
PF204,20220218,20220218,133013000,13:30:14,7318,18961,42006,690370010,0,0,0
PF204,20220218,20220218,133013500,13:30:14,7318,18961,42006,690370010,0,0,0
PF204,20220218,20220218,133014000,13:30:16,7318,18961,42006,690370010,0,0,0
PF204,20220218,20220218,133014500,13:30:16,7318,18961,42006,690370010,0,0,0
PF204,20220218,20220218,133016000,13:30:18,7318,18961,42006,690370010,0,0,0
PF204,20220218,20220218,133017000,13:30:18,7318,18961,42006,690370010,0,0,0
PF204,20220218,20220218,133017500,13:30:18,7318,18961,42006,690370010,0,0,0
PF204,20220218,20220218,133018000,13:30:19,7318,18961,42006,690370010,0,0,0
PF204,20220218,20220218,133018500,13:30:20,7318,18961,42006,690370010,0,0,0
PF204,20220218,20220218,133019500,13:30:21,7318,18961,42006,690370010,0,0,0
PF204,20220218,20220218,133020500,13:30:21,7318,18961,42006,690370010,0,0,0
PF204,20220218,20220218,133021500,13:30:22,7318,18961,42006,690370010,0,0,0
PF204,20220218,20220218,133022000,13:30:38,7318,18961,42006,690370010,0,0,0
PF204,20220218,20220218,133022500,13:30:38,7318,18961,42006,690370010,0,0,0
PF204,20220218,20220218,133023000,13:30:40,7318,18961,42006,690370010,0,0,0
PF204,20220218,20220218,133036500,13:30:40,7318,18961,42006,690370010,0,0,0
PF204,20220218,20220218,133040000,13:30:42,7318,18961,42006,690370010,0,0,0
PF204,20220218,20220218,133043000,13:30:44,7312,18977,41991,690952570,16,-15,582560
PF204,20220218,20220218,133043500,13:30:45,7312,18977,41991,690952570,0,0,0
PF204,20220218,20220218,133044500,13:30:46,7312,18977,41991,690952570,0,0,0
PF204,20220218,20220218,133045500,13:30:47,7312,18977,41991,690952570,0,0,0
PF204,20220218,20220218,133047500,13:30:48,7312,18977,41991,690952570,0,0,0
PF204,20220218,20220218,133048000,13:30:49,7312,18977,41991,690952570,0,0,0
PF204,20220218,20220218,133049000,13:30:50,7312,18977,41991,690952570,0,0,0
PF204,20220218,20220218,133049500,13:30:50,7316,18978,41991,690988980,1,0,36410
PF204,20220218,20220218,133050000,13:30:51,7316,18979,41991,691025390,1,0,36410
PF204,20220218,20220218,133050500,13:30:51,7316,18979,41991,691025390,0,0,0
PF204,20220218,20220218,133052000,13:30:53,7316,18979,41991,691025390,0,0,0
PF204,20220218,20220218,133052500,13:30:53,7316,18979,41991,691025390,0,0,0
PF204,20220218,20220218,133053500,13:30:54,7316,18979,41991,691025390,0,0,0
PF204,20220218,20220218,133055500,13:30:56,7316,18979,41991,691025390,0,0,0
PF204,20220218,20220218,133056000,13:30:57,7316,18979,41991,691025390,0,0,0
PF204,20220218,20220218,133056500,13:30:57,7316,18979,41991,691025390,0,0,0
PF204,20220218,20220218,133057000,13:30:58,7316,18979,41991,691025390,0,0,0
PF204,20220218,20220218,133057500,13:30:58,7316,18979,41991,691025390,0,0,0
PF204,20220218,20220218,133058000,13:30:58,7316,18979,41991,691025390,0,0,0
PF204,20220218,20220218,133058500,13:30:59,7316,18979,41991,691025390,0,0,0
PF204,20220218,20220218,133059000,13:30:59,7316,18979,41991,691025390,0,0,0
PF204,20220218,20220218,133059500,13:30:59,7316,18979,41991,691025390,0,0,0
PF204,20220218,20220218,133101000,13:31:01,7316,18979,41991,691025390,0,0,0
PF204,20220218,20220218,133101500,13:31:01,7316,18979,41991,691025390,0,0,0
PF204,20220218,20220218,133102000,13:31:02,7316,18979,41991,691025390,0,0,0
PF204,20220218,20220218,133103500,13:31:05,7316,18979,41991,691025390,0,0,0
PF204,20220218,20220218,133104000,13:31:06,7318,18981,41993,691098210,2,2,72820
PF204,20220218,20220218,133104500,13:31:07,7318,18981,41993,691098210,0,0,0
PF204,20220218,20220218,133108500,13:31:09,7318,18981,41993,691098210,0,0,0
PF204,20220218,20220218,133109000,13:31:09,7318,18981,41993,691098210,0,0,0
PF204,20220218,20220218,133111500,13:31:12,7318,18982,41994,691134620,1,1,36410
PF204,20220218,20220218,133112000,13:31:13,7318,18982,41994,691134620,0,0,0
PF204,20220218,20220218,133112500,13:31:13,7318,18982,41994,691134620,0,0,0
PF204,20220218,20220218,133113000,13:31:14,7318,18982,41994,691134620,0,0,0
PF204,20220218,20220218,133113500,13:31:15,7318,18982,41994,691134620,0,0,0
PF204,20220218,20220218,133114000,13:31:15,7318,18982,41994,691134620,0,0,0
PF204,20220218,20220218,133114500,13:31:15,7318,18982,41994,691134620,0,0,0
PF204,20220218,20220218,133116000,13:31:16,7320,18986,41995,691280260,4,1,145640
PF204,20220218,20220218,133116500,13:31:17,7320,18986,41995,691280260,0,0,0
PF204,20220218,20220218,133117000,13:31:18,7320,18986,41995,691280260,0,0,0
PF204,20220218,20220218,133117500,13:31:18,7320,18986,41995,691280260,0,0,0
PF204,20220218,20220218,133118000,13:31:19,7324,18989,41994,691389490,3,-1,109230
PF204,20220218,20220218,133118500,13:31:19,7324,18991,41993,691462310,2,-1,72820
PF204,20220218,20220218,133119000,13:31:19,7324,18991,41993,691462310,0,0,0
PF204,20220218,20220218,133120500,13:31:21,7322,18992,41993,691498720,1,0,36410
PF204,20220218,20220218,133156000,13:31:56,7322,18992,41993,691498720,0,0,0
PF204,20220218,20220218,133158500,13:31:58,7322,19002,41984,691862820,10,-9,364100
PF204,20220218,20220218,133159500,13:32:00,7322,19002,41984,691862820,0,0,0
PF204,20220218,20220218,133200000,13:32:01,7324,19006,41985,692008460,4,1,145640
PF204,20220218,20220218,133200500,13:32:01,7324,19006,41985,692008460,0,0,0
PF204,20220218,20220218,133201000,13:32:01,7324,19006,41985,692008460,0,0,0
PF204,20220218,20220218,133201500,13:32:01,7324,19006,41985,692008460,0,0,0
PF204,20220218,20220218,133202000,13:32:03,7324,19006,41985,692008460,0,0,0
PF204,20220218,20220218,133202500,13:32:04,7324,19006,41985,692008460,0,0,0
PF204,20220218,20220218,133203000,13:32:05,7324,19006,41985,692008460,0,0,0
PF204,20220218,20220218,133203500,13:32:05,7324,19006,41985,692008460,0,0,0
PF204,20220218,20220218,133213000,13:32:15,7326,19010,41985,692154100,4,0,145640
PF204,20220218,20220218,133214000,13:32:15,7326,19010,41985,692154100,0,0,0
PF204,20220218,20220218,133214500,13:32:16,7326,19010,41985,692154100,0,0,0
PF204,20220218,20220218,133215500,13:32:16,7326,19010,41985,692154100,0,0,0
PF204,20220218,20220218,133216500,13:32:17,7326,19010,41985,692154100,0,0,0
PF204,20220218,20220218,133217000,13:32:18,7326,19010,41985,692154100,0,0,0
PF204,20220218,20220218,133218000,13:32:18,7326,19010,41985,692154100,0,0,0
PF204,20220218,20220218,133218500,13:32:19,7326,19010,41985,692154100,0,0,0
PF204,20220218,20220218,133222000,13:32:22,7332,19013,41988,692263330,3,3,109230
PF204,20220218,20220218,133222500,13:32:24,7332,19013,41988,692263330,0,0,0
PF204,20220218,20220218,133223000,13:32:24,7332,19013,41988,692263330,0,0,0
PF204,20220218,20220218,133223500,13:32:24,7332,19013,41988,692263330,0,0,0
PF204,20220218,20220218,133224500,13:32:25,7332,19013,41988,692263330,0,0,0
PF204,20220218,20220218,133225000,13:32:25,7332,19013,41988,692263330,0,0,0
PF204,20220218,20220218,133225500,13:32:26,7332,19013,41988,692263330,0,0,0
PF204,20220218,20220218,133226000,13:32:27,7332,19013,41988,692263330,0,0,0
PF204,20220218,20220218,133226500,13:32:27,7332,19013,41988,692263330,0,0,0
PF204,20220218,20220218,133227000,13:32:27,7332,19013,41988,692263330,0,0,0
PF204,20220218,20220218,133227500,13:32:32,7332,19013,41988,692263330,0,0,0
PF204,20220218,20220218,133232000,13:32:34,7332,19013,41988,692263330,0,0,0
PF204,20220218,20220218,133235000,13:32:36,7332,19013,41988,692263330,0,0,0
PF204,20220218,20220218,133235500,13:32:36,7332,19013,41988,692263330,0,0,0
PF204,20220218,20220218,133236000,13:32:37,7338,19023,41982,692627430,10,-6,364100
PF204,20220218,20220218,133236500,13:32:37,7336,19024,41982,692663840,1,0,36410
PF204,20220218,20220218,133237000,13:32:37,7336,19024,41982,692663840,0,0,0
PF204,20220218,20220218,133237500,13:32:38,7336,19024,41982,692663840,0,0,0
PF204,20220218,20220218,133238500,13:32:39,7336,19024,41982,692663840,0,0,0
PF204,20220218,20220218,133239000,13:32:39,7336,19024,41982,692663840,0,0,0
PF204,20220218,20220218,133239500,13:32:40,7334,19025,41981,692700250,1,-1,36410
PF204,20220218,20220218,133240000,13:32:40,7334,19025,41981,692700250,0,0,0
PF204,20220218,20220218,133240500,13:32:41,7334,19025,41981,692700250,0,0,0
PF204,20220218,20220218,133241500,13:32:42,7334,19025,41981,692700250,0,0,0
PF204,20220218,20220218,133242500,13:32:42,7334,19025,41981,692700250,0,0,0
PF204,20220218,20220218,133243000,13:32:43,7334,19025,41981,692700250,0,0,0
PF204,20220218,20220218,133244500,13:32:45,7334,19025,41981,692700250,0,0,0
PF204,20220218,20220218,133245000,13:32:45,7332,19033,41973,692991530,8,-8,291280
PF204,20220218,20220218,133245500,13:32:45,7332,19033,41973,692991530,0,0,0
PF204,20220218,20220218,133246000,13:32:47,7332,19033,41973,692991530,0,0,0
PF204,20220218,20220218,133246500,13:32:47,7332,19033,41973,692991530,0,0,0
PF204,20220218,20220218,133247000,13:32:47,7332,19033,41973,692991530,0,0,0
PF204,20220218,20220218,133247500,13:32:48,7332,19033,41973,692991530,0,0,0
PF204,20220218,20220218,133248000,13:32:48,7332,19033,41973,692991530,0,0,0
PF204,20220218,20220218,133249500,13:32:50,7332,19033,41973,692991530,0,0,0
PF204,20220218,20220218,133251500,13:32:53,7332,19033,41973,692991530,0,0,0
PF204,20220218,20220218,133252500,13:32:53,7332,19033,41973,692991530,0,0,0
PF204,20220218,20220218,133253500,13:32:54,7332,19033,41973,692991530,0,0,0
PF204,20220218,20220218,133254000,13:32:54,7332,19033,41973,692991530,0,0,0
PF204,20220218,20220218,133254500,13:32:55,7332,19034,41973,693027940,1,0,36410
PF204,20220218,20220218,133255000,13:32:55,7332,19034,41973,693027940,0,0,0
PF204,20220218,20220218,133257500,13:33:00,7332,19034,41973,693027940,0,0,0
PF204,20220218,20220218,133259500,13:33:00,7332,19034,41973,693027940,0,0,0
PF204,20220218,20220218,133300000,13:33:01,7332,19034,41973,693027940,0,0,0
PF204,20220218,20220218,133300500,13:33:02,7334,19040,41979,693246400,6,6,218460
PF204,20220218,20220218,133301000,13:33:02,7334,19043,41979,693355630,3,0,109230
PF204,20220218,20220218,133301500,13:33:02,7334,19043,41979,693355630,0,0,0
PF204,20220218,20220218,133302000,13:33:03,7334,19043,41979,693355630,0,0,0
PF204,20220218,20220218,133302500,13:33:03,7334,19043,41979,693355630,0,0,0
PF204,20220218,20220218,133303000,13:33:04,7334,19043,41979,693355630,0,0,0
PF204,20220218,20220218,133304000,13:33:04,7334,19043,41979,693355630,0,0,0
PF204,20220218,20220218,133304500,13:33:05,7334,19043,41979,693355630,0,0,0
PF204,20220218,20220218,133306000,13:33:06,7334,19043,41979,693355630,0,0,0
PF204,20220218,20220218,133306500,13:33:06,7334,19043,41979,693355630,0,0,0
PF204,20220218,20220218,133307000,13:33:07,7334,19043,41979,693355630,0,0,0
PF204,20220218,20220218,133311000,13:33:13,7334,19043,41979,693355630,0,0,0
PF204,20220218,20220218,133312000,13:33:14,7334,19043,41979,693355630,0,0,0
PF204,20220218,20220218,133313500,13:33:14,7334,19043,41979,693355630,0,0,0
PF204,20220218,20220218,133314500,13:33:17,7334,19043,41979,693355630,0,0,0
PF204,20220218,20220218,133315000,13:33:18,7334,19043,41979,693355630,0,0,0
PF204,20220218,20220218,133317000,13:33:18,7334,19043,41979,693355630,0,0,0
PF204,20220218,20220218,133318000,13:33:19,7334,19043,41979,693355630,0,0,0
PF204,20220218,20220218,133318500,13:33:19,7334,19043,41979,693355630,0,0,0
PF204,20220218,20220218,133319000,13:33:20,7334,19043,41979,693355630,0,0,0
PF204,20220218,20220218,133319500,13:33:21,7334,19043,41979,693355630,0,0,0
PF204,20220218,20220218,133323000,13:33:23,7334,19043,41979,693355630,0,0,0
PF204,20220218,20220218,133323500,13:33:24,7334,19043,41979,693355630,0,0,0
PF204,20220218,20220218,133324000,13:33:24,7334,19043,41979,693355630,0,0,0
PF204,20220218,20220218,133329500,13:33:30,7334,19043,41979,693355630,0,0,0
PF204,20220218,20220218,133330000,13:33:30,7334,19043,41979,693355630,0,0,0
PF204,20220218,20220218,133330500,13:33:32,7334,19043,41979,693355630,0,0,0
PF204,20220218,20220218,133334000,13:33:34,7334,19043,41979,693355630,0,0,0
PF204,20220218,20220218,133334500,13:33:35,7334,19043,41979,693355630,0,0,0
PF204,20220218,20220218,133336500,13:33:36,7334,19043,41979,693355630,0,0,0
PF204,20220218,20220218,133337000,13:33:37,7334,19043,41979,693355630,0,0,0
PF204,20220218,20220218,133337500,13:33:37,7334,19043,41979,693355630,0,0,0
PF204,20220218,20220218,133338000,13:33:38,7334,19043,41979,693355630,0,0,0
PF204,20220218,20220218,133340000,13:33:40,7334,19043,41979,693355630,0,0,0
PF204,20220218,20220218,133340500,13:33:41,7334,19043,41979,693355630,0,0,0
PF204,20220218,20220218,133341500,13:33:42,7334,19043,41979,693355630,0,0,0
PF204,20220218,20220218,133342000,13:33:42,7334,19043,41979,693355630,0,0,0
PF204,20220218,20220218,133343000,13:33:43,7334,19043,41979,693355630,0,0,0
PF204,20220218,20220218,133344000,13:33:45,7334,19043,41979,693355630,0,0,0
PF204,20220218,20220218,133354500,13:33:55,7334,19043,41979,693355630,0,0,0
PF204,20220218,20220218,133355000,13:33:56,7334,19043,41979,693355630,0,0,0
PF204,20220218,20220218,133359000,13:33:59,7334,19043,41979,693355630,0,0,0
PF204,20220218,20220218,133400000,13:34:00,7334,19043,41979,693355630,0,0,0
PF204,20220218,20220218,133400500,13:34:01,7334,19043,41979,693355630,0,0,0
PF204,20220218,20220218,133401000,13:34:01,7334,19043,41979,693355630,0,0,0
PF204,20220218,20220218,133401500,13:34:02,7334,19043,41979,693355630,0,0,0
PF204,20220218,20220218,133402000,13:34:10,7334,19043,41979,693355630,0,0,0
PF204,20220218,20220218,133402500,13:34:10,7334,19043,41979,693355630,0,0,0
PF204,20220218,20220218,133411500,13:34:12,7334,19043,41979,693355630,0,0,0
PF204,20220218,20220218,133412500,13:34:13,7334,19043,41979,693355630,0,0,0
PF204,20220218,20220218,133414500,13:34:15,7334,19043,41979,693355630,0,0,0
PF204,20220218,20220218,133415000,13:34:15,7334,19043,41979,693355630,0,0,0
PF204,20220218,20220218,133415500,13:34:16,7332,19087,41999,694957670,44,20,1602040
PF204,20220218,20220218,133417000,13:34:17,7332,19087,41999,694957670,0,0,0
PF204,20220218,20220218,133418500,13:34:19,7332,19088,41998,694994080,1,-1,36410
PF204,20220218,20220218,133424500,13:34:24,7332,19110,41977,695795100,22,-21,801020
PF204,20220218,20220218,133425000,13:34:25,7332,19110,41977,695795100,0,0,0
PF204,20220218,20220218,133425500,13:34:26,7332,19110,41977,695795100,0,0,0
PF204,20220218,20220218,133426000,13:34:26,7332,19110,41977,695795100,0,0,0
PF204,20220218,20220218,133426500,13:34:26,7332,19110,41977,695795100,0,0,0
PF204,20220218,20220218,133427000,13:34:27,7332,19110,41977,695795100,0,0,0
PF204,20220218,20220218,133431000,13:34:31,7332,19110,41977,695795100,0,0,0
PF204,20220218,20220218,133432500,13:34:32,7332,19110,41977,695795100,0,0,0
PF204,20220218,20220218,133440500,13:34:41,7332,19110,41977,695795100,0,0,0
PF204,20220218,20220218,133441000,13:34:41,7332,19110,41977,695795100,0,0,0
PF204,20220218,20220218,133442000,13:34:44,7330,19113,41976,695904330,3,-1,109230
PF204,20220218,20220218,133442500,13:34:44,7330,19113,41976,695904330,0,0,0
PF204,20220218,20220218,133443000,13:34:45,7330,19113,41976,695904330,0,0,0
PF204,20220218,20220218,133443500,13:34:45,7330,19113,41976,695904330,0,0,0
PF204,20220218,20220218,133444500,13:34:46,7332,19114,41977,695940740,1,1,36410
PF204,20220218,20220218,133445000,13:34:46,7332,19114,41977,695940740,0,0,0
PF204,20220218,20220218,133453500,13:34:55,7332,19114,41977,695940740,0,0,0
PF204,20220218,20220218,133456000,13:34:57,7332,19114,41977,695940740,0,0,0
PF204,20220218,20220218,133456500,13:34:57,7332,19114,41977,695940740,0,0,0
PF204,20220218,20220218,133457000,13:34:57,7332,19114,41977,695940740,0,0,0
PF204,20220218,20220218,133500500,13:35:04,7328,19202,41961,699144820,88,-16,3204080
PF204,20220218,20220218,133501000,13:35:04,7326,19203,41962,699181230,1,1,36410
PF204,20220218,20220218,133501500,13:35:06,7328,19210,41962,699436100,7,0,254870
PF204,20220218,20220218,133502000,13:35:10,7328,19233,41956,700273530,23,-6,837430
PF204,20220218,20220218,133504500,13:35:10,7328,19233,41956,700273530,0,0,0
PF204,20220218,20220218,133507500,13:35:10,7328,19233,41956,700273530,0,0,0
PF204,20220218,20220218,133510500,13:35:11,7328,19233,41956,700273530,0,0,0
PF204,20220218,20220218,133511000,13:35:11,7328,19233,41956,700273530,0,0,0
PF204,20220218,20220218,133511500,13:35:12,7328,19233,41956,700273530,0,0,0
PF204,20220218,20220218,133512000,13:35:13,7328,19233,41956,700273530,0,0,0
PF204,20220218,20220218,133513000,13:35:13,7328,19233,41956,700273530,0,0,0
PF204,20220218,20220218,133514000,13:35:14,7328,19233,41956,700273530,0,0,0
PF204,20220218,20220218,133514500,13:35:15,7328,19233,41956,700273530,0,0,0
PF204,20220218,20220218,133515500,13:35:16,7328,19233,41956,700273530,0,0,0
PF204,20220218,20220218,133516000,13:35:16,7328,19233,41956,700273530,0,0,0
PF204,20220218,20220218,133516500,13:35:17,7328,19233,41956,700273530,0,0,0
PF204,20220218,20220218,133517000,13:35:17,7328,19233,41956,700273530,0,0,0
PF204,20220218,20220218,133517500,13:35:18,7328,19233,41956,700273530,0,0,0
PF204,20220218,20220218,133518000,13:35:19,7328,19233,41956,700273530,0,0,0
PF204,20220218,20220218,133519000,13:35:19,7328,19233,41956,700273530,0,0,0
PF204,20220218,20220218,133519500,13:35:20,7328,19233,41956,700273530,0,0,0
PF204,20220218,20220218,133520500,13:35:21,7328,19233,41956,700273530,0,0,0
PF204,20220218,20220218,133522000,13:35:22,7328,19233,41956,700273530,0,0,0
PF204,20220218,20220218,133522500,13:35:23,7328,19233,41956,700273530,0,0,0
PF204,20220218,20220218,133523000,13:35:23,7328,19235,41955,700346350,2,-1,72820
PF204,20220218,20220218,133525000,13:35:25,7328,19235,41955,700346350,0,0,0
PF204,20220218,20220218,133525500,13:35:26,7330,19246,41955,700746860,11,0,400510
PF204,20220218,20220218,133526000,13:35:26,7330,19246,41955,700746860,0,0,0
PF204,20220218,20220218,133526500,13:35:27,7330,19246,41955,700746860,0,0,0
PF204,20220218,20220218,133527000,13:35:27,7330,19246,41955,700746860,0,0,0
PF204,20220218,20220218,133527500,13:35:31,7330,19246,41955,700746860,0,0,0
PF204,20220218,20220218,133528000,13:35:32,7328,19249,41953,700856090,3,-2,109230
PF204,20220218,20220218,133531000,13:35:32,7330,19255,41953,701074550,6,0,218460
PF204,20220218,20220218,133531500,13:35:41,7330,19255,41953,701074550,0,0,0
PF204,20220218,20220218,133532000,13:35:42,7330,19255,41953,701074550,0,0,0
PF204,20220218,20220218,133540000,13:35:43,7330,19255,41953,701074550,0,0,0
PF204,20220218,20220218,133542000,13:35:43,7330,19255,41953,701074550,0,0,0
PF204,20220218,20220218,133542500,13:35:44,7330,19255,41953,701074550,0,0,0
PF204,20220218,20220218,133543500,13:35:44,7330,19255,41953,701074550,0,0,0
PF204,20220218,20220218,133544000,13:35:45,7330,19255,41953,701074550,0,0,0
PF204,20220218,20220218,133545000,13:35:46,7330,19255,41953,701074550,0,0,0
PF204,20220218,20220218,133545500,13:35:46,7330,19255,41953,701074550,0,0,0
PF204,20220218,20220218,133547000,13:35:47,7330,19255,41953,701074550,0,0,0
PF204,20220218,20220218,133549500,13:35:49,7330,19255,41953,701074550,0,0,0
PF204,20220218,20220218,133550000,13:35:50,7330,19255,41953,701074550,0,0,0
PF204,20220218,20220218,133550500,13:35:51,7330,19255,41953,701074550,0,0,0
PF204,20220218,20220218,133551000,13:35:51,7330,19255,41953,701074550,0,0,0
PF204,20220218,20220218,133551500,13:35:52,7330,19255,41953,701074550,0,0,0
PF204,20220218,20220218,133552000,13:35:52,7330,19255,41953,701074550,0,0,0
PF204,20220218,20220218,133552500,13:35:53,7330,19255,41953,701074550,0,0,0
PF204,20220218,20220218,133555000,13:35:56,7330,19255,41953,701074550,0,0,0
PF204,20220218,20220218,133602500,13:36:03,7326,19263,41951,701365830,8,-2,291280
PF204,20220218,20220218,133603000,13:36:05,7326,19263,41951,701365830,0,0,0
PF204,20220218,20220218,133604000,13:36:06,7326,19263,41951,701365830,0,0,0
PF204,20220218,20220218,133606500,13:36:07,7326,19263,41951,701365830,0,0,0
PF204,20220218,20220218,133607000,13:36:08,7324,19267,41951,701511470,4,0,145640
PF204,20220218,20220218,133607500,13:36:08,7324,19267,41951,701511470,0,0,0
PF204,20220218,20220218,133608500,13:36:08,7324,19267,41951,701511470,0,0,0
PF204,20220218,20220218,133610000,13:36:11,7324,19267,41951,701511470,0,0,0
PF204,20220218,20220218,133611500,13:36:12,7326,19268,41951,701547880,1,0,36410
PF204,20220218,20220218,133612000,13:36:12,7326,19268,41951,701547880,0,0,0
PF204,20220218,20220218,133613500,13:36:14,7326,19268,41951,701547880,0,0,0
PF204,20220218,20220218,133614500,13:36:14,7326,19268,41951,701547880,0,0,0
PF204,20220218,20220218,133615000,13:36:15,7326,19268,41951,701547880,0,0,0
PF204,20220218,20220218,133616000,13:36:16,7326,19268,41951,701547880,0,0,0
PF204,20220218,20220218,133616500,13:36:17,7326,19268,41951,701547880,0,0,0
PF204,20220218,20220218,133617500,13:36:19,7326,19268,41951,701547880,0,0,0
PF204,20220218,20220218,133618000,13:36:19,7326,19268,41951,701547880,0,0,0
PF204,20220218,20220218,133618500,13:36:19,7326,19268,41951,701547880,0,0,0
PF204,20220218,20220218,133619500,13:36:20,7326,19268,41951,701547880,0,0,0
PF204,20220218,20220218,133620000,13:36:20,7326,19268,41951,701547880,0,0,0
PF204,20220218,20220218,133621000,13:36:21,7326,19268,41951,701547880,0,0,0
PF204,20220218,20220218,133622500,13:36:22,7326,19268,41951,701547880,0,0,0
PF204,20220218,20220218,133623000,13:36:23,7326,19268,41951,701547880,0,0,0
PF204,20220218,20220218,133624000,13:36:24,7326,19268,41951,701547880,0,0,0
PF204,20220218,20220218,133625500,13:36:26,7326,19268,41951,701547880,0,0,0
PF204,20220218,20220218,133626000,13:36:26,7326,19268,41951,701547880,0,0,0
PF204,20220218,20220218,133630000,13:36:30,7326,19268,41951,701547880,0,0,0
PF204,20220218,20220218,133630500,13:36:31,7326,19268,41951,701547880,0,0,0
PF204,20220218,20220218,133631000,13:36:31,7326,19268,41951,701547880,0,0,0
PF204,20220218,20220218,133632500,13:36:32,7326,19268,41951,701547880,0,0,0
PF204,20220218,20220218,133633000,13:36:33,7326,19268,41951,701547880,0,0,0
PF204,20220218,20220218,133634000,13:36:34,7326,19268,41951,701547880,0,0,0
PF204,20220218,20220218,133635500,13:36:36,7326,19268,41951,701547880,0,0,0
PF204,20220218,20220218,133636000,13:36:36,7326,19268,41951,701547880,0,0,0
PF204,20220218,20220218,133636500,13:36:36,7326,19268,41951,701547880,0,0,0
PF204,20220218,20220218,133637500,13:36:38,7326,19268,41951,701547880,0,0,0
PF204,20220218,20220218,133638000,13:36:39,7326,19268,41951,701547880,0,0,0
PF204,20220218,20220218,133638500,13:36:39,7328,19328,41941,703732480,60,-10,2184600
PF204,20220218,20220218,133639000,13:36:39,7328,19329,41940,703768890,1,-1,36410
PF204,20220218,20220218,133639500,13:36:40,7328,19329,41940,703768890,0,0,0
PF204,20220218,20220218,133640000,13:36:40,7328,19329,41940,703768890,0,0,0
PF204,20220218,20220218,133640500,13:36:40,7328,19329,41940,703768890,0,0,0
PF204,20220218,20220218,133641500,13:36:41,7328,19331,41938,703841710,2,-2,72820
PF204,20220218,20220218,133645000,13:36:45,7328,19331,41938,703841710,0,0,0
PF204,20220218,20220218,133645500,13:36:46,7328,19338,41933,704096580,7,-5,254870
PF204,20220218,20220218,133646000,13:36:46,7328,19339,41933,704132990,1,0,36410
PF204,20220218,20220218,133646500,13:36:46,7328,19339,41933,704132990,0,0,0
PF204,20220218,20220218,133647000,13:36:47,7328,19339,41933,704132990,0,0,0
PF204,20220218,20220218,133647500,13:36:48,7328,19339,41933,704132990,0,0,0
PF204,20220218,20220218,133648000,13:36:48,7328,19339,41933,704132990,0,0,0
PF204,20220218,20220218,133648500,13:36:49,7328,19339,41933,704132990,0,0,0
PF204,20220218,20220218,133649000,13:36:49,7328,19339,41933,704132990,0,0,0
PF204,20220218,20220218,133649500,13:36:49,7328,19339,41933,704132990,0,0,0
PF204,20220218,20220218,133651000,13:36:51,7328,19339,41933,704132990,0,0,0
PF204,20220218,20220218,133651500,13:36:51,7328,19339,41933,704132990,0,0,0
PF204,20220218,20220218,133652500,13:36:53,7328,19339,41933,704132990,0,0,0
PF204,20220218,20220218,133655500,13:36:56,7328,19339,41933,704132990,0,0,0
PF204,20220218,20220218,133656000,13:36:56,7328,19339,41933,704132990,0,0,0
PF204,20220218,20220218,133657000,13:36:58,7328,19339,41933,704132990,0,0,0
PF204,20220218,20220218,133657500,13:36:58,7328,19339,41933,704132990,0,0,0
PF204,20220218,20220218,133658000,13:36:58,7328,19339,41933,704132990,0,0,0
PF204,20220218,20220218,133658500,13:36:59,7328,19339,41933,704132990,0,0,0
PF204,20220218,20220218,133659500,13:37:00,7328,19339,41933,704132990,0,0,0
PF204,20220218,20220218,133700000,13:37:00,7328,19339,41933,704132990,0,0,0
PF204,20220218,20220218,133700500,13:37:00,7328,19339,41933,704132990,0,0,0
PF204,20220218,20220218,133701000,13:37:01,7328,19339,41933,704132990,0,0,0
PF204,20220218,20220218,133702000,13:37:02,7328,19339,41933,704132990,0,0,0
PF204,20220218,20220218,133702500,13:37:03,7328,19339,41933,704132990,0,0,0
PF204,20220218,20220218,133703000,13:37:03,7328,19339,41933,704132990,0,0,0
PF204,20220218,20220218,133703500,13:37:03,7328,19339,41933,704132990,0,0,0
PF204,20220218,20220218,133705000,13:37:05,7328,19339,41933,704132990,0,0,0
PF204,20220218,20220218,133705500,13:37:08,7328,19339,41933,704132990,0,0,0
PF204,20220218,20220218,133708500,13:37:08,7328,19339,41933,704132990,0,0,0
PF204,20220218,20220218,133709500,13:37:11,7328,19339,41933,704132990,0,0,0
PF204,20220218,20220218,133710500,13:37:11,7328,19339,41933,704132990,0,0,0
PF204,20220218,20220218,133711000,13:37:11,7328,19339,41933,704132990,0,0,0
PF204,20220218,20220218,133711500,13:37:13,7330,19341,41933,704205810,2,0,72820
PF204,20220218,20220218,133712000,13:37:13,7330,19341,41933,704205810,0,0,0
PF204,20220218,20220218,133712500,13:37:13,7330,19341,41933,704205810,0,0,0
PF204,20220218,20220218,133713000,13:37:13,7330,19341,41933,704205810,0,0,0
PF204,20220218,20220218,133713500,13:37:14,7330,19341,41933,704205810,0,0,0
PF204,20220218,20220218,133715000,13:37:15,7330,19341,41933,704205810,0,0,0
PF204,20220218,20220218,133715500,13:37:16,7330,19341,41933,704205810,0,0,0
PF204,20220218,20220218,133716000,13:37:16,7330,19341,41933,704205810,0,0,0
PF204,20220218,20220218,133717500,13:37:18,7328,19372,41936,705334520,31,3,1128710
PF204,20220218,20220218,133718000,13:37:18,7328,19374,41934,705407340,2,-2,72820
PF204,20220218,20220218,133718500,13:37:19,7328,19374,41934,705407340,0,0,0
PF204,20220218,20220218,133719000,13:37:19,7328,19374,41934,705407340,0,0,0
PF204,20220218,20220218,133719500,13:37:20,7328,19374,41934,705407340,0,0,0
PF204,20220218,20220218,133720000,13:37:21,7328,19374,41934,705407340,0,0,0
PF204,20220218,20220218,133720500,13:37:21,7328,19374,41934,705407340,0,0,0
PF204,20220218,20220218,133721000,13:37:21,7328,19374,41934,705407340,0,0,0
PF204,20220218,20220218,133721500,13:37:22,7328,19374,41934,705407340,0,0,0
PF204,20220218,20220218,133722500,13:37:23,7328,19374,41934,705407340,0,0,0
PF204,20220218,20220218,133723500,13:37:23,7328,19374,41934,705407340,0,0,0
PF204,20220218,20220218,133724000,13:37:24,7328,19374,41934,705407340,0,0,0
PF204,20220218,20220218,133724500,13:37:25,7328,19374,41934,705407340,0,0,0
PF204,20220218,20220218,133725000,13:37:25,7328,19374,41934,705407340,0,0,0
PF204,20220218,20220218,133725500,13:37:26,7328,19374,41934,705407340,0,0,0
PF204,20220218,20220218,133726000,13:37:26,7328,19374,41934,705407340,0,0,0
PF204,20220218,20220218,133726500,13:37:27,7328,19374,41934,705407340,0,0,0
PF204,20220218,20220218,133727000,13:37:27,7328,19374,41934,705407340,0,0,0
PF204,20220218,20220218,133727500,13:37:27,7328,19374,41934,705407340,0,0,0
PF204,20220218,20220218,133729000,13:37:29,7328,19374,41934,705407340,0,0,0
PF204,20220218,20220218,133729500,13:37:30,7328,19374,41934,705407340,0,0,0
PF204,20220218,20220218,133730000,13:37:30,7328,19374,41934,705407340,0,0,0
PF204,20220218,20220218,133730500,13:37:31,7328,19374,41934,705407340,0,0,0
PF204,20220218,20220218,133731000,13:37:31,7328,19374,41934,705407340,0,0,0
PF204,20220218,20220218,133731500,13:37:31,7328,19374,41934,705407340,0,0,0
PF204,20220218,20220218,133732000,13:37:32,7326,19377,41934,705516570,3,0,109230
PF204,20220218,20220218,133732500,13:37:33,7328,19468,41960,708829880,91,26,3313310
PF204,20220218,20220218,133733500,13:37:33,7328,19468,41960,708829880,0,0,0
PF204,20220218,20220218,133734000,13:37:34,7328,19468,41960,708829880,0,0,0
PF204,20220218,20220218,133734500,13:37:34,7328,19468,41960,708829880,0,0,0
PF204,20220218,20220218,133735500,13:37:36,7328,19468,41960,708829880,0,0,0
PF204,20220218,20220218,133736000,13:37:36,7328,19468,41960,708829880,0,0,0
PF204,20220218,20220218,133737500,13:37:37,7328,19468,41960,708829880,0,0,0
PF204,20220218,20220218,133738000,13:37:38,7328,19468,41960,708829880,0,0,0
PF204,20220218,20220218,133738500,13:37:39,7328,19468,41960,708829880,0,0,0
PF204,20220218,20220218,133739000,13:37:39,7328,19468,41960,708829880,0,0,0
PF204,20220218,20220218,133740000,13:37:40,7328,19468,41960,708829880,0,0,0
PF204,20220218,20220218,133740500,13:37:40,7328,19468,41960,708829880,0,0,0
PF204,20220218,20220218,133741500,13:37:42,7328,19468,41960,708829880,0,0,0
PF204,20220218,20220218,133742000,13:37:42,7328,19468,41960,708829880,0,0,0
PF204,20220218,20220218,133742500,13:37:43,7328,19468,41960,708829880,0,0,0
PF204,20220218,20220218,133745500,13:37:45,7328,19468,41960,708829880,0,0,0
PF204,20220218,20220218,133747000,13:37:47,7328,19468,41960,708829880,0,0,0
PF204,20220218,20220218,133750500,13:37:51,7328,19468,41960,708829880,0,0,0
PF204,20220218,20220218,133752500,13:37:54,7328,19468,41960,708829880,0,0,0
PF204,20220218,20220218,133753000,13:37:54,7328,19468,41960,708829880,0,0,0
PF204,20220218,20220218,133753500,13:37:54,7328,19468,41960,708829880,0,0,0
PF204,20220218,20220218,133754000,13:37:55,7328,19468,41960,708829880,0,0,0
PF204,20220218,20220218,133754500,13:37:55,7328,19468,41960,708829880,0,0,0
PF204,20220218,20220218,133755000,13:37:55,7332,19494,41954,709971480,26,-6,1141600
PF204,20220218,20220218,133755500,13:37:55,7330,19504,41955,710335680,10,1,364200
PF204,20220218,20220218,133756000,13:37:56,7330,19508,41955,710481360,4,0,145680
PF204,20220218,20220218,133758000,13:37:58,7330,19508,41955,710481360,0,0,0
PF204,20220218,20220218,133800000,13:38:02,7330,19509,41954,710517780,1,-1,36420
PF204,20220218,20220218,133800500,13:38:02,7330,19512,41951,710627040,3,-3,109260
PF204,20220218,20220218,133802000,13:38:03,7330,19512,41951,710627040,0,0,0
PF204,20220218,20220218,133802500,13:38:05,7330,19512,41951,710627040,0,0,0
PF204,20220218,20220218,133803000,13:38:06,7330,19512,41951,710627040,0,0,0
PF204,20220218,20220218,133808000,13:38:09,7330,19512,41951,710627040,0,0,0
PF204,20220218,20220218,133817500,13:38:18,7334,19531,41951,711319020,19,0,691980
PF204,20220218,20220218,133818000,13:38:18,7334,19531,41951,711319020,0,0,0
PF204,20220218,20220218,133818500,13:38:19,7334,19531,41951,711319020,0,0,0
PF204,20220218,20220218,133819000,13:38:19,7334,19531,41951,711319020,0,0,0
PF204,20220218,20220218,133819500,13:38:19,7334,19531,41951,711319020,0,0,0
PF204,20220218,20220218,133820000,13:38:22,7334,19531,41951,711319020,0,0,0
PF204,20220218,20220218,133820500,13:38:22,7334,19531,41951,711319020,0,0,0
PF204,20220218,20220218,133822500,13:38:23,7334,19531,41951,711319020,0,0,0
PF204,20220218,20220218,133823000,13:38:24,7336,19533,41951,711391860,2,0,72840
PF204,20220218,20220218,133824000,13:38:24,7336,19533,41951,711391860,0,0,0
PF204,20220218,20220218,133824500,13:38:41,7336,19533,41951,711391860,0,0,0
PF204,20220218,20220218,133825000,13:38:41,7336,19533,41951,711391860,0,0,0
PF204,20220218,20220218,133825500,13:38:42,7338,19535,41951,711464700,2,0,72840
PF204,20220218,20220218,133840500,13:38:42,7338,19535,41951,711464700,0,0,0
PF204,20220218,20220218,133841000,13:38:43,7338,19535,41951,711464700,0,0,0
PF204,20220218,20220218,133841500,13:38:43,7338,19535,41951,711464700,0,0,0
PF204,20220218,20220218,133842500,13:38:43,7338,19535,41951,711464700,0,0,0
PF204,20220218,20220218,133850000,13:38:50,7338,19535,41951,711464700,0,0,0
PF204,20220218,20220218,133854000,13:38:54,7338,19535,41951,711464700,0,0,0
PF204,20220218,20220218,133856500,13:38:56,7338,19535,41951,711464700,0,0,0
PF204,20220218,20220218,133857000,13:38:57,7338,19535,41951,711464700,0,0,0
PF204,20220218,20220218,133901000,13:39:01,7338,19535,41951,711464700,0,0,0
PF204,20220218,20220218,133902500,13:39:02,7338,19535,41951,711464700,0,0,0
PF204,20220218,20220218,133906000,13:39:06,7338,19535,41951,711464700,0,0,0
PF204,20220218,20220218,133907500,13:39:07,7338,19535,41951,711464700,0,0,0
PF204,20220218,20220218,133908500,13:39:08,7338,19535,41951,711464700,0,0,0
PF204,20220218,20220218,133910000,13:39:10,7338,19535,41951,711464700,0,0,0
PF204,20220218,20220218,133911500,13:39:11,7338,19535,41951,711464700,0,0,0
PF204,20220218,20220218,133913500,13:39:14,7338,19535,41951,711464700,0,0,0
PF204,20220218,20220218,133914000,13:39:15,7340,19536,41951,711501120,1,0,36420
PF204,20220218,20220218,133914500,13:39:18,7340,19536,41951,711501120,0,0,0
PF204,20220218,20220218,133916500,13:39:19,7340,19536,41951,711501120,0,0,0
PF204,20220218,20220218,133921000,13:39:21,7340,19536,41951,711501120,0,0,0
PF204,20220218,20220218,133922500,13:39:23,7340,19536,41951,711501120,0,0,0
PF204,20220218,20220218,133924000,13:39:24,7340,19536,41951,711501120,0,0,0
PF204,20220218,20220218,133925000,13:39:25,7340,19536,41951,711501120,0,0,0
PF204,20220218,20220218,133929000,13:39:29,7340,19536,41951,711501120,0,0,0
PF204,20220218,20220218,133931000,13:39:31,7340,19536,41951,711501120,0,0,0
PF204,20220218,20220218,133934500,13:39:34,7340,19536,41951,711501120,0,0,0
PF204,20220218,20220218,133936000,13:39:36,7340,19536,41951,711501120,0,0,0
PF204,20220218,20220218,133938000,13:39:38,7340,19536,41951,711501120,0,0,0
PF204,20220218,20220218,133938500,13:39:38,7340,19536,41951,711501120,0,0,0
PF204,20220218,20220218,133939500,13:39:40,7340,19536,41951,711501120,0,0,0
PF204,20220218,20220218,133940000,13:39:41,7340,19536,41951,711501120,0,0,0
PF204,20220218,20220218,133941000,13:39:41,7340,19536,41951,711501120,0,0,0
PF204,20220218,20220218,133943500,13:39:43,7340,19536,41951,711501120,0,0,0
PF204,20220218,20220218,133944500,13:39:44,7340,19536,41951,711501120,0,0,0
PF204,20220218,20220218,133945000,13:39:45,7340,19536,41951,711501120,0,0,0
PF204,20220218,20220218,133945500,13:39:46,7340,19536,41951,711501120,0,0,0
PF204,20220218,20220218,133946000,13:39:47,7342,19622,41958,714633240,86,7,3132120
PF204,20220218,20220218,133946500,13:39:47,7340,19627,41954,714815340,5,-4,182100
PF204,20220218,20220218,133947000,13:39:47,7342,19663,41921,716126460,36,-33,1311120
PF204,20220218,20220218,133947500,13:39:47,7342,19663,41921,716126460,0,0,0
PF204,20220218,20220218,133948500,13:39:48,7342,19663,41921,716126460,0,0,0
PF204,20220218,20220218,133949500,13:39:50,7342,19663,41921,716126460,0,0,0
PF204,20220218,20220218,133950000,13:39:50,7342,19663,41921,716126460,0,0,0
PF204,20220218,20220218,133952500,13:39:53,7342,19663,41921,716126460,0,0,0
PF204,20220218,20220218,133953000,13:39:54,7342,19663,41921,716126460,0,0,0
PF204,20220218,20220218,133954500,13:39:55,7342,19663,41921,716126460,0,0,0
PF204,20220218,20220218,133955000,13:39:55,7342,19665,41921,716199300,2,0,72840
PF204,20220218,20220218,133955500,13:39:55,7342,19665,41921,716199300,0,0,0
PF204,20220218,20220218,133956000,13:39:56,7342,19665,41921,716199300,0,0,0
PF204,20220218,20220218,133956500,13:39:57,7342,19665,41921,716199300,0,0,0
PF204,20220218,20220218,133957000,13:39:58,7342,19665,41921,716199300,0,0,0
PF204,20220218,20220218,134011500,13:40:13,7340,19743,41947,719040060,78,26,2840760
PF204,20220218,20220218,134014500,13:40:16,7340,19746,41947,719149320,3,0,109260
PF204,20220218,20220218,134022000,13:40:22,7340,19747,41947,719185740,1,0,36420
PF204,20220218,20220218,134022500,13:40:23,7340,19748,41947,719222160,1,0,36420
PF204,20220218,20220218,134025500,13:40:26,7340,19748,41947,719222160,0,0,0
PF204,20220218,20220218,134035500,13:40:36,7340,19748,41947,719222160,0,0,0
PF204,20220218,20220218,134036000,13:40:36,7338,19752,41947,719367840,4,0,145680
PF204,20220218,20220218,134036500,13:40:36,7338,19752,41947,719367840,0,0,0
PF204,20220218,20220218,134041000,13:40:42,7338,19752,41947,719367840,0,0,0
PF204,20220218,20220218,134041500,13:40:42,7338,19752,41947,719367840,0,0,0
PF204,20220218,20220218,134042000,13:40:42,7338,19752,41947,719367840,0,0,0
PF204,20220218,20220218,134043000,13:40:44,7340,19753,41947,719404260,1,0,36420
PF204,20220218,20220218,134044000,13:40:44,7340,19754,41947,719440680,1,0,36420
PF204,20220218,20220218,134045000,13:40:45,7340,19755,41947,719477100,1,0,36420
PF204,20220218,20220218,134048000,13:40:48,7340,19758,41947,719586360,3,0,109260
PF204,20220218,20220218,134049500,13:40:49,7340,19758,41947,719586360,0,0,0
PF204,20220218,20220218,134050500,13:40:50,7338,19766,41955,719877720,8,8,291360
PF204,20220218,20220218,134051500,13:40:55,7338,19766,41955,719877720,0,0,0
PF204,20220218,20220218,134053500,13:40:55,7338,19766,41955,719877720,0,0,0
PF204,20220218,20220218,134055500,13:40:57,7338,19766,41955,719877720,0,0,0
PF204,20220218,20220218,134057000,13:40:58,7338,19766,41955,719877720,0,0,0
PF204,20220218,20220218,134057500,13:40:58,7338,19766,41955,719877720,0,0,0
PF204,20220218,20220218,134058000,13:40:58,7338,19766,41955,719877720,0,0,0
PF204,20220218,20220218,134107000,13:41:09,7338,19766,41955,719877720,0,0,0
PF204,20220218,20220218,134108000,13:41:09,7338,19776,41946,720241920,10,-9,364200
PF204,20220218,20220218,134109000,13:41:10,7338,19776,41946,720241920,0,0,0
PF204,20220218,20220218,134109500,13:41:10,7338,19776,41946,720241920,0,0,0
PF204,20220218,20220218,134111000,13:41:11,7338,19776,41946,720241920,0,0,0
PF204,20220218,20220218,134111500,13:41:12,7338,19776,41946,720241920,0,0,0
PF204,20220218,20220218,134112000,13:41:12,7338,19776,41946,720241920,0,0,0
PF204,20220218,20220218,134113000,13:41:13,7338,19776,41946,720241920,0,0,0
PF204,20220218,20220218,134113500,13:41:13,7338,19776,41946,720241920,0,0,0
PF204,20220218,20220218,134115500,13:41:16,7340,19777,41946,720278340,1,0,36420
PF204,20220218,20220218,134117000,13:41:17,7340,19777,41946,720278340,0,0,0
PF204,20220218,20220218,134117500,13:41:18,7340,19778,41946,720314760,1,0,36420
PF204,20220218,20220218,134118000,13:41:19,7340,19780,41946,720387600,2,0,72840
PF204,20220218,20220218,134120000,13:41:22,7340,19780,41946,720387600,0,0,0
PF204,20220218,20220218,134120500,13:41:23,7340,19780,41946,720387600,0,0,0
PF204,20220218,20220218,134121000,13:41:23,7340,19785,41946,720569700,5,0,182100
PF204,20220218,20220218,134121500,13:41:24,7340,19785,41946,720569700,0,0,0
PF204,20220218,20220218,134123000,13:41:24,7340,19785,41946,720569700,0,0,0
PF204,20220218,20220218,134123500,13:41:24,7340,19785,41946,720569700,0,0,0
PF204,20220218,20220218,134127500,13:41:27,7340,19785,41946,720569700,0,0,0
PF204,20220218,20220218,134130000,13:41:30,7340,19785,41946,720569700,0,0,0
PF204,20220218,20220218,134142500,13:41:42,7342,19788,41945,720678960,3,-1,109260
PF204,20220218,20220218,134143000,13:41:44,7342,19789,41944,720715380,1,-1,36420
PF204,20220218,20220218,134143500,13:41:44,7342,19789,41944,720715380,0,0,0
PF204,20220218,20220218,134144000,13:41:44,7342,19789,41944,720715380,0,0,0
PF204,20220218,20220218,134145500,13:41:45,7342,19789,41944,720715380,0,0,0
PF204,20220218,20220218,134146000,13:41:46,7342,19789,41944,720715380,0,0,0
PF204,20220218,20220218,134147000,13:41:47,7342,19792,41941,720824640,3,-3,109260
PF204,20220218,20220218,134147500,13:41:48,7342,19792,41941,720824640,0,0,0
PF204,20220218,20220218,134148000,13:41:48,7342,19792,41941,720824640,0,0,0
PF204,20220218,20220218,134148500,13:41:49,7342,19792,41941,720824640,0,0,0
PF204,20220218,20220218,134152000,13:41:52,7342,19792,41941,720824640,0,0,0
PF204,20220218,20220218,134152500,13:41:53,7342,19792,41941,720824640,0,0,0
PF204,20220218,20220218,134153000,13:41:54,7342,19792,41941,720824640,0,0,0
PF204,20220218,20220218,134153500,13:42:01,7340,19798,41947,721043160,6,6,218520
PF204,20220218,20220218,134154000,13:42:02,7340,19798,41947,721043160,0,0,0
PF204,20220218,20220218,134154500,13:42:04,7340,19798,41947,721043160,0,0,0
PF204,20220218,20220218,134201000,13:42:06,7340,19798,41947,721043160,0,0,0
PF204,20220218,20220218,134210000,13:42:12,7344,19886,41946,724248120,88,-1,3204960
PF204,20220218,20220218,134212000,13:42:12,7346,19901,41946,724794420,15,0,546300
PF204,20220218,20220218,134213000,13:42:13,7344,19903,41944,724867260,2,-2,72840
PF204,20220218,20220218,134213500,13:42:14,7344,19904,41944,724903680,1,0,36420
PF204,20220218,20220218,134214000,13:42:14,7344,19905,41944,724940100,1,0,36420
PF204,20220218,20220218,134214500,13:42:15,7344,19905,41944,724940100,0,0,0
PF204,20220218,20220218,134215000,13:42:15,7342,19924,41931,725632080,19,-13,691980
PF204,20220218,20220218,134215500,13:42:16,7342,19936,41920,726069120,12,-11,437040
PF204,20220218,20220218,134216000,13:42:16,7342,19936,41920,726069120,0,0,0
PF204,20220218,20220218,134216500,13:42:17,7342,19936,41920,726069120,0,0,0
PF204,20220218,20220218,134217000,13:42:19,7342,19936,41920,726069120,0,0,0
PF204,20220218,20220218,134222000,13:42:22,7344,19937,41920,726105540,1,0,36420
PF204,20220218,20220218,134224500,13:42:25,7340,19944,41918,726360480,7,-2,254940
PF204,20220218,20220218,134225000,13:42:25,7340,19944,41918,726360480,0,0,0
PF204,20220218,20220218,134225500,13:42:26,7340,19944,41918,726360480,0,0,0
PF204,20220218,20220218,134226000,13:42:27,7340,19944,41918,726360480,0,0,0
PF204,20220218,20220218,134226500,13:42:28,7340,19944,41918,726360480,0,0,0
PF204,20220218,20220218,134227000,13:42:28,7340,19944,41918,726360480,0,0,0
PF204,20220218,20220218,134227500,13:42:29,7340,19944,41918,726360480,0,0,0
PF204,20220218,20220218,134229000,13:42:29,7340,19944,41918,726360480,0,0,0
PF204,20220218,20220218,134229500,13:42:29,7340,19944,41918,726360480,0,0,0
PF204,20220218,20220218,134239500,13:42:39,7340,19944,41918,726360480,0,0,0
PF204,20220218,20220218,134241000,13:42:41,7340,19944,41918,726360480,0,0,0
PF204,20220218,20220218,134245000,13:42:45,7340,19944,41918,726360480,0,0,0
PF204,20220218,20220218,134249000,13:42:49,7340,19944,41918,726360480,0,0,0
PF204,20220218,20220218,134256500,13:42:57,7340,19944,41918,726360480,0,0,0
PF204,20220218,20220218,134257000,13:42:59,7338,19946,41916,726433320,2,-2,72840
PF204,20220218,20220218,134259000,13:42:59,7338,19946,41916,726433320,0,0,0
PF204,20220218,20220218,134301000,13:43:02,7338,19946,41916,726433320,0,0,0
PF204,20220218,20220218,134302000,13:43:02,7338,19946,41916,726433320,0,0,0
PF204,20220218,20220218,134303000,13:43:05,7338,19946,41916,726433320,0,0,0
PF204,20220218,20220218,134309000,13:43:12,7338,19946,41916,726433320,0,0,0
PF204,20220218,20220218,134311000,13:43:14,7338,19946,41916,726433320,0,0,0
PF204,20220218,20220218,134312500,13:43:14,7338,19946,41916,726433320,0,0,0
PF204,20220218,20220218,134314000,13:43:14,7338,19946,41916,726433320,0,0,0
PF204,20220218,20220218,134317500,13:43:17,7338,19946,41916,726433320,0,0,0
PF204,20220218,20220218,134318500,13:43:18,7338,19946,41916,726433320,0,0,0
PF204,20220218,20220218,134321500,13:43:21,7338,19946,41916,726433320,0,0,0
PF204,20220218,20220218,134322000,13:43:22,7338,19946,41916,726433320,0,0,0
PF204,20220218,20220218,134323000,13:43:23,7338,19946,41916,726433320,0,0,0
PF204,20220218,20220218,134323500,13:43:24,7338,19946,41916,726433320,0,0,0
PF204,20220218,20220218,134324000,13:43:24,7338,19946,41916,726433320,0,0,0
PF204,20220218,20220218,134324500,13:43:25,7338,19946,41916,726433320,0,0,0
PF204,20220218,20220218,134327000,13:43:27,7338,19946,41916,726433320,0,0,0
PF204,20220218,20220218,134329000,13:43:29,7338,19946,41916,726433320,0,0,0
PF204,20220218,20220218,134330000,13:43:30,7338,19946,41916,726433320,0,0,0
PF204,20220218,20220218,134332500,13:43:32,7338,19946,41916,726433320,0,0,0
PF204,20220218,20220218,134333000,13:43:33,7338,19946,41916,726433320,0,0,0
PF204,20220218,20220218,134336000,13:43:36,7338,19946,41916,726433320,0,0,0
PF204,20220218,20220218,134339000,13:43:55,7338,19946,41916,726433320,0,0,0
PF204,20220218,20220218,134352500,13:44:00,7338,19946,41916,726433320,0,0,0
PF204,20220218,20220218,134356500,13:44:04,7338,19946,41916,726433320,0,0,0
PF204,20220218,20220218,134403000,13:44:04,7338,19946,41916,726433320,0,0,0
PF204,20220218,20220218,134404000,13:44:04,7338,19946,41916,726433320,0,0,0
PF204,20220218,20220218,134405000,13:44:05,7338,19946,41916,726433320,0,0,0
PF204,20220218,20220218,134406500,13:44:06,7338,19946,41916,726433320,0,0,0
PF204,20220218,20220218,134408000,13:44:08,7338,19946,41916,726433320,0,0,0
PF204,20220218,20220218,134408500,13:44:09,7338,19946,41916,726433320,0,0,0
PF204,20220218,20220218,134409000,13:44:17,7338,19946,41916,726433320,0,0,0
PF204,20220218,20220218,134409500,13:44:17,7338,19946,41916,726433320,0,0,0
PF204,20220218,20220218,134410500,13:44:17,7338,19946,41916,726433320,0,0,0
PF204,20220218,20220218,134417000,13:44:17,7338,19946,41916,726433320,0,0,0
PF204,20220218,20220218,134417500,13:44:18,7338,19946,41916,726433320,0,0,0
PF204,20220218,20220218,134418500,13:44:19,7338,19946,41916,726433320,0,0,0
PF204,20220218,20220218,134423000,13:44:23,7340,19956,41915,726797520,10,-1,364200
PF204,20220218,20220218,134423500,13:44:24,7340,19956,41915,726797520,0,0,0
PF204,20220218,20220218,134424000,13:44:24,7340,19956,41915,726797520,0,0,0
PF204,20220218,20220218,134424500,13:44:25,7340,19956,41915,726797520,0,0,0
PF204,20220218,20220218,134425000,13:44:25,7340,19956,41915,726797520,0,0,0
PF204,20220218,20220218,134425500,13:44:25,7340,19956,41915,726797520,0,0,0
PF204,20220218,20220218,134426000,13:44:26,7340,19956,41915,726797520,0,0,0
PF204,20220218,20220218,134426500,13:44:26,7340,19956,41915,726797520,0,0,0
PF204,20220218,20220218,134427000,13:44:27,7340,19956,41915,726797520,0,0,0
PF204,20220218,20220218,134428000,13:44:29,7340,19956,41915,726797520,0,0,0
PF204,20220218,20220218,134428500,13:44:29,7340,19958,41917,726870360,2,2,72840
PF204,20220218,20220218,134429000,13:44:29,7340,19958,41917,726870360,0,0,0
PF204,20220218,20220218,134429500,13:44:37,7340,19958,41917,726870360,0,0,0
PF204,20220218,20220218,134430500,13:44:37,7340,19958,41917,726870360,0,0,0
PF204,20220218,20220218,134437000,13:44:37,7340,19958,41917,726870360,0,0,0
PF204,20220218,20220218,134437500,13:44:38,7340,19958,41917,726870360,0,0,0
PF204,20220218,20220218,134440000,13:44:40,7340,19958,41917,726870360,0,0,0
PF204,20220218,20220218,134440500,13:44:40,7340,19958,41917,726870360,0,0,0
PF204,20220218,20220218,134441000,13:44:41,7340,19958,41917,726870360,0,0,0
PF204,20220218,20220218,134441500,13:44:42,7340,19958,41917,726870360,0,0,0
PF204,20220218,20220218,134442000,13:44:42,7340,19958,41917,726870360,0,0,0
PF204,20220218,20220218,134442500,13:44:43,7340,19958,41917,726870360,0,0,0
PF204,20220218,20220218,134443000,13:44:43,7340,19958,41917,726870360,0,0,0
PF204,20220218,20220218,134444500,13:44:45,7340,19958,41917,726870360,0,0,0
PF204,20220218,20220218,134445500,13:44:46,7340,19958,41917,726870360,0,0,0
PF204,20220218,20220218,134447500,13:44:47,7340,19958,41917,726870360,0,0,0
PF204,20220218,20220218,134448000,13:44:48,7340,19958,41917,726870360,0,0,0
PF204,20220218,20220218,134448500,13:44:48,7340,19958,41917,726870360,0,0,0
PF204,20220218,20220218,134449000,13:44:50,7340,19958,41917,726870360,0,0,0
PF204,20220218,20220218,134449500,13:44:50,7340,19958,41917,726870360,0,0,0
PF204,20220218,20220218,134450000,13:44:50,7340,19958,41917,726870360,0,0,0
PF204,20220218,20220218,134450500,13:44:50,7340,19958,41917,726870360,0,0,0
PF204,20220218,20220218,134451000,13:44:51,7340,19958,41917,726870360,0,0,0
PF204,20220218,20220218,134451500,13:44:52,7340,19958,41917,726870360,0,0,0
PF204,20220218,20220218,134452500,13:44:53,7340,19958,41917,726870360,0,0,0
PF204,20220218,20220218,134453000,13:44:53,7340,19958,41917,726870360,0,0,0
PF204,20220218,20220218,134453500,13:44:54,7340,19958,41917,726870360,0,0,0
PF204,20220218,20220218,134454500,13:44:55,7340,19958,41917,726870360,0,0,0
PF204,20220218,20220218,134455000,13:44:55,7340,19958,41917,726870360,0,0,0
PF204,20220218,20220218,134455500,13:44:56,7340,19958,41917,726870360,0,0,0
PF204,20220218,20220218,134456000,13:44:56,7340,19958,41917,726870360,0,0,0
PF204,20220218,20220218,134456500,13:44:56,7340,19958,41917,726870360,0,0,0
PF204,20220218,20220218,134457000,13:44:57,7340,19958,41917,726870360,0,0,0
PF204,20220218,20220218,134457500,13:44:57,7340,19958,41917,726870360,0,0,0
PF204,20220218,20220218,134459500,13:44:59,7340,19958,41917,726870360,0,0,0
PF204,20220218,20220218,134500000,13:45:00,7340,19958,41917,726870360,0,0,0
PF204,20220218,20220218,134500500,13:45:01,7340,19958,41917,726870360,0,0,0
PF204,20220218,20220218,134501000,13:45:01,7340,19958,41917,726870360,0,0,0
PF204,20220218,20220218,134501500,13:45:02,7344,19970,41916,727307400,12,-1,437040
PF204,20220218,20220218,134502000,13:45:02,7344,19970,41916,727307400,0,0,0
PF204,20220218,20220218,134502500,13:45:03,7344,19970,41916,727307400,0,0,0
PF204,20220218,20220218,134503000,13:45:03,7344,19970,41916,727307400,0,0,0
PF204,20220218,20220218,134503500,13:45:04,7344,19970,41916,727307400,0,0,0
PF204,20220218,20220218,134504000,13:45:08,7344,19970,41916,727307400,0,0,0
PF204,20220218,20220218,134504500,13:45:08,7346,19981,41926,727708020,11,10,400620
PF204,20220218,20220218,134508000,13:45:09,7346,19981,41926,727708020,0,0,0
PF204,20220218,20220218,134508500,13:45:09,7346,19981,41926,727708020,0,0,0
PF204,20220218,20220218,134509000,13:45:10,7346,19981,41926,727708020,0,0,0
PF204,20220218,20220218,134509500,13:45:10,7346,19981,41926,727708020,0,0,0
PF204,20220218,20220218,134510000,13:45:10,7346,19981,41926,727708020,0,0,0
PF204,20220218,20220218,134510500,13:45:11,7346,19981,41926,727708020,0,0,0
PF204,20220218,20220218,134511000,13:45:11,7346,19981,41926,727708020,0,0,0
PF204,20220218,20220218,134511500,13:45:11,7346,19981,41926,727708020,0,0,0
PF204,20220218,20220218,134512000,13:45:12,7346,19981,41926,727708020,0,0,0
PF204,20220218,20220218,134512500,13:45:13,7346,19981,41926,727708020,0,0,0
PF204,20220218,20220218,134514000,13:45:15,7346,19981,41926,727708020,0,0,0
PF204,20220218,20220218,134514500,13:45:16,7346,19981,41926,727708020,0,0,0
PF204,20220218,20220218,134515000,13:45:17,7346,19981,41926,727708020,0,0,0
PF204,20220218,20220218,134516000,13:45:17,7346,19981,41926,727708020,0,0,0
PF204,20220218,20220218,134516500,13:45:17,7348,19985,41925,727853700,4,-1,145680
PF204,20220218,20220218,134517000,13:45:20,7348,19985,41925,727853700,0,0,0
PF204,20220218,20220218,134517500,13:45:20,7348,19985,41925,727853700,0,0,0
PF204,20220218,20220218,134518000,13:45:21,7348,19985,41925,727853700,0,0,0
PF204,20220218,20220218,134520500,13:45:22,7348,19985,41925,727853700,0,0,0
PF204,20220218,20220218,134521000,13:45:23,7348,19985,41925,727853700,0,0,0
PF204,20220218,20220218,134523000,13:45:24,7348,19985,41925,727853700,0,0,0
PF204,20220218,20220218,134523500,13:45:24,7348,19985,41925,727853700,0,0,0
PF204,20220218,20220218,134524500,13:45:26,7348,19985,41925,727853700,0,0,0
PF204,20220218,20220218,134525000,13:45:26,7348,19985,41925,727853700,0,0,0
PF204,20220218,20220218,134525500,13:45:27,7350,19986,41925,727890120,1,0,36420
PF204,20220218,20220218,134526000,13:45:27,7350,19989,41923,727999380,3,-2,109260
PF204,20220218,20220218,134526500,13:45:28,7350,19989,41923,727999380,0,0,0
PF204,20220218,20220218,134527000,13:45:30,7350,19989,41923,727999380,0,0,0
PF204,20220218,20220218,134527500,13:45:30,7350,19989,41923,727999380,0,0,0
PF204,20220218,20220218,134529500,13:45:30,7350,19989,41923,727999380,0,0,0
PF204,20220218,20220218,134530500,13:45:31,7350,19989,41923,727999380,0,0,0
PF204,20220218,20220218,134531000,13:45:31,7350,19989,41923,727999380,0,0,0
PF204,20220218,20220218,134531500,13:45:32,7350,19989,41923,727999380,0,0,0
PF204,20220218,20220218,134532000,13:45:32,7350,19990,41924,728035800,1,1,36420
PF204,20220218,20220218,134532500,13:45:33,7350,19990,41924,728035800,0,0,0
PF204,20220218,20220218,134533000,13:45:33,7350,19990,41924,728035800,0,0,0
PF204,20220218,20220218,134533500,13:45:34,7350,19990,41924,728035800,0,0,0
PF204,20220218,20220218,134534000,13:45:35,7350,19990,41924,728035800,0,0,0
PF204,20220218,20220218,134534500,13:45:35,7350,19990,41924,728035800,0,0,0
PF204,20220218,20220218,134535000,13:45:35,7350,19990,41924,728035800,0,0,0
PF204,20220218,20220218,134535500,13:45:36,7350,19990,41924,728035800,0,0,0
PF204,20220218,20220218,134536000,13:45:37,7348,20021,41925,729164820,31,1,1129020
PF204,20220218,20220218,134536500,13:45:37,7348,20047,41899,730111740,26,-26,946920
PF204,20220218,20220218,134537000,13:45:37,7348,20047,41899,730111740,0,0,0
PF204,20220218,20220218,134537500,13:45:38,7348,20047,41899,730111740,0,0,0
PF204,20220218,20220218,134538000,13:45:38,7348,20047,41899,730111740,0,0,0
PF204,20220218,20220218,134538500,13:45:39,7348,20047,41899,730111740,0,0,0
PF204,20220218,20220218,134539000,13:45:40,7348,20047,41899,730111740,0,0,0
PF204,20220218,20220218,134539500,13:45:40,7348,20047,41899,730111740,0,0,0
PF204,20220218,20220218,134540000,13:45:40,7348,20047,41899,730111740,0,0,0
PF204,20220218,20220218,134540500,13:45:41,7348,20047,41899,730111740,0,0,0
PF204,20220218,20220218,134541000,13:45:41,7348,20047,41899,730111740,0,0,0
PF204,20220218,20220218,134541500,13:45:45,7348,20047,41899,730111740,0,0,0
PF204,20220218,20220218,134542500,13:45:46,7348,20047,41899,730111740,0,0,0
PF204,20220218,20220218,134545000,13:45:46,7348,20047,41899,730111740,0,0,0
PF204,20220218,20220218,134546000,13:45:47,7348,20047,41899,730111740,0,0,0
PF204,20220218,20220218,134546500,13:45:47,7348,20047,41899,730111740,0,0,0
PF204,20220218,20220218,134548000,13:45:48,7348,20047,41899,730111740,0,0,0
PF204,20220218,20220218,134548500,13:45:49,7348,20047,41899,730111740,0,0,0
PF204,20220218,20220218,134549000,13:45:49,7348,20047,41899,730111740,0,0,0
PF204,20220218,20220218,134549500,13:45:53,7348,20047,41899,730111740,0,0,0
PF204,20220218,20220218,134550500,13:45:54,7348,20047,41899,730111740,0,0,0
PF204,20220218,20220218,134552000,13:45:54,7348,20047,41899,730111740,0,0,0
PF204,20220218,20220218,134554000,13:45:55,7348,20047,41899,730111740,0,0,0
PF204,20220218,20220218,134555000,13:45:56,7348,20047,41899,730111740,0,0,0
PF204,20220218,20220218,134556000,13:46:00,7348,20047,41899,730111740,0,0,0
PF204,20220218,20220218,134559000,13:46:01,7348,20047,41899,730111740,0,0,0
PF204,20220218,20220218,134600500,13:46:01,7348,20047,41899,730111740,0,0,0
PF204,20220218,20220218,134601500,13:46:02,7348,20049,41897,730184580,2,-2,72840
PF204,20220218,20220218,134602000,13:46:03,7348,20049,41897,730184580,0,0,0
PF204,20220218,20220218,134602500,13:46:04,7348,20049,41897,730184580,0,0,0
PF204,20220218,20220218,134603000,13:46:04,7348,20049,41897,730184580,0,0,0
PF204,20220218,20220218,134603500,13:46:04,7348,20049,41897,730184580,0,0,0
PF204,20220218,20220218,134604000,13:46:04,7348,20049,41897,730184580,0,0,0
PF204,20220218,20220218,134604500,13:46:05,7348,20049,41897,730184580,0,0,0
PF204,20220218,20220218,134605000,13:46:05,7348,20049,41897,730184580,0,0,0
PF204,20220218,20220218,134605500,13:46:06,7348,20049,41897,730184580,0,0,0
PF204,20220218,20220218,134607000,13:46:07,7346,20051,41897,730257420,2,0,72840
PF204,20220218,20220218,134607500,13:46:08,7346,20051,41897,730257420,0,0,0
PF204,20220218,20220218,134608000,13:46:08,7346,20051,41897,730257420,0,0,0
PF204,20220218,20220218,134609000,13:46:09,7346,20051,41897,730257420,0,0,0
PF204,20220218,20220218,134610000,13:46:11,7346,20051,41897,730257420,0,0,0
PF204,20220218,20220218,134611000,13:46:11,7346,20051,41897,730257420,0,0,0
PF204,20220218,20220218,134614000,13:46:14,7346,20051,41897,730257420,0,0,0
PF204,20220218,20220218,134615500,13:46:17,7346,20051,41897,730257420,0,0,0
PF204,20220218,20220218,134616000,13:46:18,7346,20051,41897,730257420,0,0,0
PF204,20220218,20220218,134616500,13:46:18,7346,20051,41897,730257420,0,0,0
PF204,20220218,20220218,134617500,13:46:18,7346,20051,41897,730257420,0,0,0
PF204,20220218,20220218,134619000,13:46:19,7346,20051,41897,730257420,0,0,0
PF204,20220218,20220218,134619500,13:46:19,7348,20053,41895,730330260,2,-2,72840
PF204,20220218,20220218,134620500,13:46:21,7348,20053,41895,730330260,0,0,0
PF204,20220218,20220218,134621000,13:46:21,7348,20053,41895,730330260,0,0,0
PF204,20220218,20220218,134621500,13:46:21,7348,20053,41895,730330260,0,0,0
PF204,20220218,20220218,134622000,13:46:30,7348,20053,41895,730330260,0,0,0
PF204,20220218,20220218,134622500,13:46:30,7348,20053,41895,730330260,0,0,0
PF204,20220218,20220218,134629500,13:46:31,7348,20053,41895,730330260,0,0,0
PF204,20220218,20220218,134630500,13:46:31,7348,20053,41895,730330260,0,0,0
PF204,20220218,20220218,134631500,13:46:32,7348,20053,41895,730330260,0,0,0
PF204,20220218,20220218,134632000,13:46:32,7344,20073,41886,731058660,20,-9,728400
PF204,20220218,20220218,134632500,13:46:33,7344,20073,41886,731058660,0,0,0
PF204,20220218,20220218,134634500,13:46:35,7344,20073,41886,731058660,0,0,0
PF204,20220218,20220218,134635000,13:46:35,7344,20073,41886,731058660,0,0,0
PF204,20220218,20220218,134635500,13:46:36,7344,20073,41886,731058660,0,0,0
PF204,20220218,20220218,134636500,13:46:37,7344,20073,41886,731058660,0,0,0
PF204,20220218,20220218,134638000,13:46:38,7344,20073,41886,731058660,0,0,0
PF204,20220218,20220218,134639500,13:46:40,7344,20073,41886,731058660,0,0,0
PF204,20220218,20220218,134640000,13:46:42,7344,20073,41886,731058660,0,0,0
PF204,20220218,20220218,134640500,13:46:42,7344,20073,41886,731058660,0,0,0
PF204,20220218,20220218,134641000,13:46:42,7344,20073,41886,731058660,0,0,0
PF204,20220218,20220218,134641500,13:46:43,7344,20073,41886,731058660,0,0,0
PF204,20220218,20220218,134642500,13:46:43,7344,20075,41884,731131500,2,-2,72840
PF204,20220218,20220218,134643000,13:46:43,7344,20075,41884,731131500,0,0,0
PF204,20220218,20220218,134643500,13:46:44,7344,20075,41884,731131500,0,0,0
PF204,20220218,20220218,134644000,13:46:47,7344,20075,41884,731131500,0,0,0
PF204,20220218,20220218,134644500,13:46:47,7344,20075,41884,731131500,0,0,0
PF204,20220218,20220218,134645000,13:46:47,7344,20075,41884,731131500,0,0,0
PF204,20220218,20220218,134647500,13:46:47,7344,20075,41884,731131500,0,0,0
PF204,20220218,20220218,134648500,13:46:48,7344,20075,41884,731131500,0,0,0
PF204,20220218,20220218,134649500,13:46:50,7344,20075,41884,731131500,0,0,0
PF204,20220218,20220218,134650000,13:46:50,7344,20075,41884,731131500,0,0,0
PF204,20220218,20220218,134650500,13:46:51,7344,20075,41884,731131500,0,0,0
PF204,20220218,20220218,134652000,13:46:52,7344,20075,41884,731131500,0,0,0
PF204,20220218,20220218,134652500,13:46:53,7344,20075,41884,731131500,0,0,0
PF204,20220218,20220218,134654500,13:46:55,7344,20075,41884,731131500,0,0,0
PF204,20220218,20220218,134655000,13:46:55,7344,20075,41884,731131500,0,0,0
PF204,20220218,20220218,134657500,13:46:57,7344,20075,41884,731131500,0,0,0
PF204,20220218,20220218,134658500,13:46:59,7344,20075,41884,731131500,0,0,0
PF204,20220218,20220218,134700500,13:47:00,7342,20076,41885,731167920,1,1,36420
PF204,20220218,20220218,134702500,13:47:03,7342,20076,41885,731167920,0,0,0
PF204,20220218,20220218,134703000,13:47:03,7342,20076,41885,731167920,0,0,0
PF204,20220218,20220218,134703500,13:47:04,7342,20076,41885,731167920,0,0,0
PF204,20220218,20220218,134704000,13:47:04,7342,20076,41885,731167920,0,0,0
PF204,20220218,20220218,134706000,13:47:10,7342,20076,41885,731167920,0,0,0
PF204,20220218,20220218,134706500,13:47:10,7342,20076,41885,731167920,0,0,0
PF204,20220218,20220218,134707000,13:47:10,7342,20076,41885,731167920,0,0,0
PF204,20220218,20220218,134707500,13:47:11,7342,20076,41885,731167920,0,0,0
PF204,20220218,20220218,134710500,13:47:12,7340,20136,41897,733353120,60,12,2185200
PF204,20220218,20220218,134711000,13:47:16,7340,20139,41894,733462380,3,-3,109260
PF204,20220218,20220218,134716500,13:47:16,7336,20187,41895,735412410,48,1,1950030
PF204,20220218,20220218,134717000,13:47:17,7336,20190,41892,735521700,3,-3,109290
PF204,20220218,20220218,134717500,13:47:19,7336,20190,41892,735521700,0,0,0
PF204,20220218,20220218,134718000,13:47:19,7336,20190,41892,735521700,0,0,0
PF204,20220218,20220218,134718500,13:47:19,7336,20190,41892,735521700,0,0,0
PF204,20220218,20220218,134719000,13:47:19,7336,20190,41892,735521700,0,0,0
PF204,20220218,20220218,134719500,13:47:19,7336,20190,41892,735521700,0,0,0
PF204,20220218,20220218,134720000,13:47:20,7336,20190,41892,735521700,0,0,0
PF204,20220218,20220218,134720500,13:47:21,7336,20190,41892,735521700,0,0,0
PF204,20220218,20220218,134721000,13:47:21,7336,20190,41892,735521700,0,0,0
PF204,20220218,20220218,134721500,13:47:22,7336,20190,41892,735521700,0,0,0
PF204,20220218,20220218,134723500,13:47:27,7336,20190,41892,735521700,0,0,0
PF204,20220218,20220218,134726000,13:47:27,7336,20190,41892,735521700,0,0,0
PF204,20220218,20220218,134727500,13:47:28,7336,20190,41892,735521700,0,0,0
PF204,20220218,20220218,134728000,13:47:28,7336,20190,41892,735521700,0,0,0
PF204,20220218,20220218,134728500,13:47:28,7336,20201,41881,735922430,11,-11,400730
PF204,20220218,20220218,134729000,13:47:29,7338,20202,41880,735958860,1,-1,36430
PF204,20220218,20220218,134729500,13:47:29,7338,20202,41880,735958860,0,0,0
PF204,20220218,20220218,134730000,13:47:30,7338,20202,41880,735958860,0,0,0
PF204,20220218,20220218,134731500,13:47:31,7338,20202,41880,735958860,0,0,0
PF204,20220218,20220218,134732500,13:47:34,7338,20202,41880,735958860,0,0,0
PF204,20220218,20220218,134734500,13:47:36,7338,20202,41880,735958860,0,0,0
PF204,20220218,20220218,134736500,13:47:37,7338,20202,41880,735958860,0,0,0
PF204,20220218,20220218,134738000,13:47:38,7338,20202,41880,735958860,0,0,0
PF204,20220218,20220218,134738500,13:47:39,7338,20202,41880,735958860,0,0,0
PF204,20220218,20220218,134739500,13:47:40,7338,20202,41880,735958860,0,0,0
PF204,20220218,20220218,134740000,13:47:40,7338,20202,41880,735958860,0,0,0
PF204,20220218,20220218,134740500,13:47:40,7340,20320,41908,740257600,118,28,4298740
PF204,20220218,20220218,134741000,13:47:41,7340,20321,41907,740294030,1,-1,36430
PF204,20220218,20220218,134743000,13:47:43,7340,20321,41907,740294030,0,0,0
PF204,20220218,20220218,134744500,13:47:45,7340,20341,41887,741022630,20,-20,728600
PF204,20220218,20220218,134745000,13:47:45,7340,20343,41885,741095490,2,-2,72860
PF204,20220218,20220218,134745500,13:47:46,7340,20343,41885,741095490,0,0,0
PF204,20220218,20220218,134746000,13:47:47,7340,20344,41885,741131920,1,0,36430
PF204,20220218,20220218,134746500,13:47:47,7340,20344,41885,741131920,0,0,0
PF204,20220218,20220218,134748000,13:47:48,7340,20344,41885,741131920,0,0,0
PF204,20220218,20220218,134749000,13:47:50,7340,20344,41885,741131920,0,0,0
PF204,20220218,20220218,134749500,13:47:50,7340,20344,41885,741131920,0,0,0
PF204,20220218,20220218,134752000,13:47:52,7340,20344,41885,741131920,0,0,0
PF204,20220218,20220218,134755000,13:47:55,7340,20344,41885,741131920,0,0,0
PF204,20220218,20220218,134756000,13:47:56,7340,20344,41885,741131920,0,0,0
PF204,20220218,20220218,134808000,13:48:08,7340,20344,41885,741131920,0,0,0
PF204,20220218,20220218,134811500,13:48:11,7340,20344,41885,741131920,0,0,0
PF204,20220218,20220218,134816500,13:48:16,7340,20344,41885,741131920,0,0,0
PF204,20220218,20220218,134817000,13:48:18,7340,20344,41885,741131920,0,0,0
PF204,20220218,20220218,134817500,13:48:19,7344,20417,41867,743791310,73,-18,2659390
PF204,20220218,20220218,134818000,13:48:19,7344,20469,41855,745685670,52,-12,1894360
PF204,20220218,20220218,134819000,13:48:20,7344,20469,41855,745685670,0,0,0
PF204,20220218,20220218,134819500,13:48:20,7342,20547,41831,748527210,78,-24,2841540
PF204,20220218,20220218,134822500,13:48:23,7342,20548,41832,748563640,1,1,36430
PF204,20220218,20220218,134824000,13:48:24,7342,20555,41834,748818650,7,2,255010
PF204,20220218,20220218,134824500,13:48:24,7342,20555,41834,748818650,0,0,0
PF204,20220218,20220218,134825000,13:48:25,7342,20555,41834,748818650,0,0,0
PF204,20220218,20220218,134825500,13:48:27,7342,20555,41834,748818650,0,0,0
PF204,20220218,20220218,134834500,13:48:36,7342,20555,41834,748818650,0,0,0
PF204,20220218,20220218,134854500,13:48:56,7342,20555,41834,748818650,0,0,0
PF204,20220218,20220218,134859000,13:48:59,7342,20555,41834,748818650,0,0,0
PF204,20220218,20220218,134859500,13:49:00,7342,20555,41834,748818650,0,0,0
PF204,20220218,20220218,134902500,13:49:03,7342,20556,41834,748855080,1,0,36430
PF204,20220218,20220218,134903000,13:49:03,7342,20556,41834,748855080,0,0,0
PF204,20220218,20220218,134903500,13:49:04,7342,20556,41834,748855080,0,0,0
PF204,20220218,20220218,134904500,13:49:04,7342,20556,41834,748855080,0,0,0
PF204,20220218,20220218,134905500,13:49:05,7342,20556,41834,748855080,0,0,0
PF204,20220218,20220218,134906500,13:49:06,7342,20556,41834,748855080,0,0,0
PF204,20220218,20220218,134907000,13:49:07,7342,20585,41844,749911550,29,10,1056470
PF204,20220218,20220218,134907500,13:49:07,7342,20585,41844,749911550,0,0,0
PF204,20220218,20220218,134908000,13:49:08,7342,20585,41844,749911550,0,0,0
PF204,20220218,20220218,134908500,13:49:08,7342,20585,41844,749911550,0,0,0
PF204,20220218,20220218,134909500,13:49:10,7342,20585,41844,749911550,0,0,0
PF204,20220218,20220218,134910000,13:49:10,7342,20585,41844,749911550,0,0,0
PF204,20220218,20220218,134910500,13:49:10,7342,20585,41844,749911550,0,0,0
PF204,20220218,20220218,134911500,13:49:12,7342,20585,41844,749911550,0,0,0
PF204,20220218,20220218,134914500,13:49:14,7342,20585,41844,749911550,0,0,0
PF204,20220218,20220218,134915000,13:49:15,7342,20585,41844,749911550,0,0,0
PF204,20220218,20220218,134922500,13:49:23,7342,20585,41844,749911550,0,0,0
PF204,20220218,20220218,134923000,13:49:24,7342,20585,41844,749911550,0,0,0
PF204,20220218,20220218,134923500,13:49:24,7342,20585,41844,749911550,0,0,0
PF204,20220218,20220218,134925500,13:49:26,7342,20585,41844,749911550,0,0,0
PF204,20220218,20220218,134929000,13:49:29,7342,20585,41844,749911550,0,0,0
PF204,20220218,20220218,134930500,13:49:31,7342,20585,41844,749911550,0,0,0
PF204,20220218,20220218,134931000,13:49:31,7342,20585,41844,749911550,0,0,0
PF204,20220218,20220218,134934500,13:49:35,7342,20585,41844,749911550,0,0,0
PF204,20220218,20220218,134936500,13:49:37,7342,20585,41844,749911550,0,0,0
PF204,20220218,20220218,134950500,13:49:51,7342,20585,41844,749911550,0,0,0
PF204,20220218,20220218,134951000,13:49:51,7342,20585,41844,749911550,0,0,0
PF204,20220218,20220218,134958000,13:49:58,7342,20585,41844,749911550,0,0,0
PF204,20220218,20220218,134958500,13:49:59,7340,20586,41844,749947980,1,0,36430
PF204,20220218,20220218,134959000,13:49:59,7340,20586,41844,749947980,0,0,0
PF204,20220218,20220218,134959500,13:49:59,7340,20586,41844,749947980,0,0,0
PF204,20220218,20220218,135002500,13:50:03,7340,20586,41844,749947980,0,0,0
PF204,20220218,20220218,135003000,13:50:03,7342,20594,41837,750239420,8,-7,291440
PF204,20220218,20220218,135003500,13:50:03,7342,20594,41837,750239420,0,0,0
PF204,20220218,20220218,135004000,13:50:04,7342,20594,41837,750239420,0,0,0
PF204,20220218,20220218,135004500,13:50:05,7342,20594,41837,750239420,0,0,0
PF204,20220218,20220218,135005000,13:50:05,7348,20701,41874,754137430,107,37,3898010
PF204,20220218,20220218,135005500,13:50:06,7348,20708,41867,754392440,7,-7,255010
PF204,20220218,20220218,135006500,13:50:07,7348,20708,41867,754392440,0,0,0
PF204,20220218,20220218,135007000,13:50:07,7348,20708,41867,754392440,0,0,0
PF204,20220218,20220218,135007500,13:50:09,7350,20718,41867,754756740,10,0,364300
PF204,20220218,20220218,135008000,13:50:25,7350,20718,41867,754756740,0,0,0
PF204,20220218,20220218,135022000,13:50:26,7350,20718,41867,754756740,0,0,0
PF204,20220218,20220218,135029500,13:50:35,7350,20718,41867,754756740,0,0,0
PF204,20220218,20220218,135030000,13:50:37,7350,20718,41867,754756740,0,0,0
PF204,20220218,20220218,135032500,13:50:37,7350,20718,41867,754756740,0,0,0
PF204,20220218,20220218,135045500,13:50:46,7350,20718,41867,754756740,0,0,0
PF204,20220218,20220218,135046000,13:50:47,7350,20718,41867,754756740,0,0,0
PF204,20220218,20220218,135046500,13:50:47,7350,20718,41867,754756740,0,0,0
PF204,20220218,20220218,135047000,13:50:47,7350,20718,41867,754756740,0,0,0
PF204,20220218,20220218,135047500,13:50:48,7350,20718,41867,754756740,0,0,0
PF204,20220218,20220218,135051000,13:50:51,7350,20718,41867,754756740,0,0,0
PF204,20220218,20220218,135054500,13:50:54,7350,20718,41867,754756740,0,0,0
PF204,20220218,20220218,135055000,13:50:55,7350,20718,41867,754756740,0,0,0
PF204,20220218,20220218,135058500,13:50:59,7352,20728,41866,755121040,10,-1,364300
PF204,20220218,20220218,135059000,13:50:59,7352,20729,41866,755157470,1,0,36430
PF204,20220218,20220218,135124000,13:51:24,7352,20729,41866,755157470,0,0,0
PF204,20220218,20220218,135124500,13:51:24,7352,20729,41866,755157470,0,0,0
PF204,20220218,20220218,135125000,13:51:25,7352,20729,41866,755157470,0,0,0
PF204,20220218,20220218,135125500,13:51:26,7352,20729,41866,755157470,0,0,0
PF204,20220218,20220218,135126000,13:51:27,7352,20729,41866,755157470,0,0,0
PF204,20220218,20220218,135127500,13:51:28,7352,20729,41866,755157470,0,0,0
PF204,20220218,20220218,135128000,13:51:28,7352,20729,41866,755157470,0,0,0
PF204,20220218,20220218,135130500,13:51:31,7352,20729,41866,755157470,0,0,0
PF204,20220218,20220218,135132000,13:51:32,7352,20729,41866,755157470,0,0,0
PF204,20220218,20220218,135132500,13:51:33,7352,20729,41866,755157470,0,0,0
PF204,20220218,20220218,135146000,13:51:46,7352,20729,41866,755157470,0,0,0
PF204,20220218,20220218,135147500,13:51:48,7352,20729,41866,755157470,0,0,0
PF204,20220218,20220218,135148500,13:51:49,7352,20729,41866,755157470,0,0,0
PF204,20220218,20220218,135150000,13:51:50,7352,20729,41866,755157470,0,0,0
PF204,20220218,20220218,135154000,13:51:54,7352,20729,41866,755157470,0,0,0
PF204,20220218,20220218,135156000,13:51:56,7352,20729,41866,755157470,0,0,0
PF204,20220218,20220218,135159500,13:51:59,7352,20729,41866,755157470,0,0,0
PF204,20220218,20220218,135201500,13:52:03,7352,20729,41866,755157470,0,0,0
PF204,20220218,20220218,135202000,13:52:03,7352,20743,41864,755667490,14,-2,510020
PF204,20220218,20220218,135202500,13:52:03,7352,20743,41864,755667490,0,0,0
PF204,20220218,20220218,135203000,13:52:04,7352,20745,41864,755740350,2,0,72860
PF204,20220218,20220218,135203500,13:52:04,7352,20746,41865,755776780,1,1,36430
PF204,20220218,20220218,135209000,13:52:10,7352,20746,41865,755776780,0,0,0
PF204,20220218,20220218,135209500,13:52:11,7352,20746,41865,755776780,0,0,0
PF204,20220218,20220218,135210000,13:52:11,7352,20746,41865,755776780,0,0,0
PF204,20220218,20220218,135210500,13:52:12,7352,20746,41865,755776780,0,0,0
PF204,20220218,20220218,135211000,13:52:12,7352,20746,41865,755776780,0,0,0
PF204,20220218,20220218,135211500,13:52:12,7352,20746,41865,755776780,0,0,0
PF204,20220218,20220218,135212000,13:52:12,7352,20746,41865,755776780,0,0,0
PF204,20220218,20220218,135214000,13:52:14,7352,20746,41865,755776780,0,0,0
PF204,20220218,20220218,135216000,13:52:16,7352,20746,41865,755776780,0,0,0
PF204,20220218,20220218,135216500,13:52:17,7352,20746,41865,755776780,0,0,0
PF204,20220218,20220218,135217000,13:52:17,7352,20746,41865,755776780,0,0,0
PF204,20220218,20220218,135220500,13:52:24,7348,20767,41865,756541810,21,0,765030
PF204,20220218,20220218,135221000,13:52:24,7348,20767,41865,756541810,0,0,0
PF204,20220218,20220218,135223500,13:52:24,7348,20770,41865,756651100,3,0,109290
PF204,20220218,20220218,135224000,13:52:24,7348,20770,41865,756651100,0,0,0
PF204,20220218,20220218,135224500,13:52:24,7348,20770,41865,756651100,0,0,0
PF204,20220218,20220218,135225500,13:52:25,7348,20770,41865,756651100,0,0,0
PF204,20220218,20220218,135226500,13:52:27,7346,20775,41865,756833250,5,0,182150
PF204,20220218,20220218,135229000,13:52:29,7346,20775,41865,756833250,0,0,0
PF204,20220218,20220218,135229500,13:52:31,7346,20775,41865,756833250,0,0,0
PF204,20220218,20220218,135230000,13:52:31,7346,20775,41865,756833250,0,0,0
PF204,20220218,20220218,135230500,13:52:32,7346,20779,41865,756978970,4,0,145720
PF204,20220218,20220218,135231000,13:52:32,7346,20779,41865,756978970,0,0,0
PF204,20220218,20220218,135232000,13:52:32,7346,20779,41865,756978970,0,0,0
PF204,20220218,20220218,135232500,13:52:33,7346,20779,41865,756978970,0,0,0
PF204,20220218,20220218,135233500,13:52:33,7346,20779,41865,756978970,0,0,0
PF204,20220218,20220218,135234000,13:52:34,7346,20779,41865,756978970,0,0,0
PF204,20220218,20220218,135234500,13:52:35,7346,20779,41865,756978970,0,0,0
PF204,20220218,20220218,135235500,13:52:36,7346,20780,41865,757015400,1,0,36430
PF204,20220218,20220218,135237500,13:52:44,7346,20781,41865,757051830,1,0,36430
PF204,20220218,20220218,135238000,13:52:45,7346,20781,41865,757051830,0,0,0
PF204,20220218,20220218,135239000,13:52:45,7346,20781,41865,757051830,0,0,0
PF204,20220218,20220218,135244500,13:52:47,7346,20781,41865,757051830,0,0,0
PF204,20220218,20220218,135245000,13:52:47,7346,20781,41865,757051830,0,0,0
PF204,20220218,20220218,135245500,13:52:48,7346,20781,41865,757051830,0,0,0
PF204,20220218,20220218,135251500,13:52:51,7346,20781,41865,757051830,0,0,0
PF204,20220218,20220218,135252500,13:52:53,7346,20781,41865,757051830,0,0,0
PF204,20220218,20220218,135255000,13:52:55,7346,20781,41865,757051830,0,0,0
PF204,20220218,20220218,135255500,13:52:55,7346,20781,41865,757051830,0,0,0
PF204,20220218,20220218,135256000,13:52:56,7350,20787,41865,757270410,6,0,218580
PF204,20220218,20220218,135256500,13:52:57,7350,20787,41865,757270410,0,0,0
PF204,20220218,20220218,135257500,13:52:57,7350,20787,41865,757270410,0,0,0
PF204,20220218,20220218,135258000,13:52:58,7350,20787,41865,757270410,0,0,0
PF204,20220218,20220218,135258500,13:52:59,7350,20787,41865,757270410,0,0,0
PF204,20220218,20220218,135259500,13:53:00,7350,20787,41865,757270410,0,0,0
PF204,20220218,20220218,135301000,13:53:01,7350,20787,41865,757270410,0,0,0
PF204,20220218,20220218,135301500,13:53:02,7350,20787,41865,757270410,0,0,0
PF204,20220218,20220218,135302000,13:53:02,7350,20787,41865,757270410,0,0,0
PF204,20220218,20220218,135302500,13:53:03,7350,20787,41865,757270410,0,0,0
PF204,20220218,20220218,135303000,13:53:04,7350,20787,41865,757270410,0,0,0
PF204,20220218,20220218,135303500,13:53:05,7350,20787,41865,757270410,0,0,0
PF204,20220218,20220218,135304000,13:53:06,7350,20787,41865,757270410,0,0,0
PF204,20220218,20220218,135305000,13:53:06,7350,20787,41865,757270410,0,0,0
PF204,20220218,20220218,135308500,13:53:09,7350,20787,41865,757270410,0,0,0
PF204,20220218,20220218,135309500,13:53:09,7350,20787,41865,757270410,0,0,0
PF204,20220218,20220218,135311000,13:53:11,7350,20787,41865,757270410,0,0,0
PF204,20220218,20220218,135312000,13:53:12,7350,20787,41865,757270410,0,0,0
PF204,20220218,20220218,135312500,13:53:13,7350,20787,41865,757270410,0,0,0
PF204,20220218,20220218,135313500,13:53:13,7350,20787,41865,757270410,0,0,0
PF204,20220218,20220218,135314000,13:53:14,7350,20787,41865,757270410,0,0,0
PF204,20220218,20220218,135315500,13:53:15,7350,20787,41865,757270410,0,0,0
PF204,20220218,20220218,135316000,13:53:16,7350,20787,41865,757270410,0,0,0
PF204,20220218,20220218,135316500,13:53:20,7350,20787,41865,757270410,0,0,0
PF204,20220218,20220218,135317500,13:53:20,7350,20787,41865,757270410,0,0,0
PF204,20220218,20220218,135319000,13:53:20,7346,20849,41871,759529070,62,6,2258660
PF204,20220218,20220218,135320000,13:53:20,7346,20853,41871,759674790,4,0,145720
PF204,20220218,20220218,135320500,13:53:21,7346,20854,41871,759711220,1,0,36430
PF204,20220218,20220218,135325500,13:53:26,7346,20854,41871,759711220,0,0,0
PF204,20220218,20220218,135326500,13:53:26,7346,20854,41871,759711220,0,0,0
PF204,20220218,20220218,135327500,13:53:28,7344,20883,41871,760976520,29,0,1265300
PF204,20220218,20220218,135328500,13:53:29,7344,20884,41871,761012960,1,0,36440
PF204,20220218,20220218,135329500,13:53:29,7344,20884,41871,761012960,0,0,0
PF204,20220218,20220218,135330000,13:53:30,7344,20884,41871,761012960,0,0,0
PF204,20220218,20220218,135330500,13:53:31,7344,20884,41871,761012960,0,0,0
PF204,20220218,20220218,135331000,13:53:31,7344,20884,41871,761012960,0,0,0
PF204,20220218,20220218,135332500,13:53:32,7344,20884,41871,761012960,0,0,0
PF204,20220218,20220218,135333000,13:53:33,7344,20884,41871,761012960,0,0,0
PF204,20220218,20220218,135335000,13:53:36,7344,20884,41871,761012960,0,0,0
PF204,20220218,20220218,135335500,13:53:36,7344,20884,41871,761012960,0,0,0
PF204,20220218,20220218,135336500,13:53:44,7344,20884,41871,761012960,0,0,0
PF204,20220218,20220218,135337000,13:53:45,7344,20884,41871,761012960,0,0,0
PF204,20220218,20220218,135344000,13:53:45,7344,20884,41871,761012960,0,0,0
PF204,20220218,20220218,135347500,13:53:47,7344,20884,41871,761012960,0,0,0
PF204,20220218,20220218,135349500,13:53:50,7344,20884,41871,761012960,0,0,0
PF204,20220218,20220218,135351500,13:53:53,7344,20884,41871,761012960,0,0,0
PF204,20220218,20220218,135352500,13:53:53,7342,20888,41873,761158720,4,2,145760
PF204,20220218,20220218,135353000,13:53:53,7342,20888,41873,761158720,0,0,0
PF204,20220218,20220218,135355500,13:53:56,7342,20888,41873,761158720,0,0,0
PF204,20220218,20220218,135359000,13:54:00,7340,20893,41872,761340920,5,-1,182200
PF204,20220218,20220218,135359500,13:54:08,7340,20895,41871,761413800,2,-1,72880
PF204,20220218,20220218,135400000,13:54:08,7340,20898,41871,761523120,3,0,109320
PF204,20220218,20220218,135400500,13:54:08,7340,20898,41871,761523120,0,0,0
PF204,20220218,20220218,135407000,13:54:09,7340,20898,41871,761523120,0,0,0
PF204,20220218,20220218,135409000,13:54:09,7340,20898,41871,761523120,0,0,0
PF204,20220218,20220218,135409500,13:54:10,7340,20898,41871,761523120,0,0,0
PF204,20220218,20220218,135410000,13:54:10,7340,20898,41871,761523120,0,0,0
PF204,20220218,20220218,135410500,13:54:11,7340,20898,41871,761523120,0,0,0
PF204,20220218,20220218,135412500,13:54:13,7340,20898,41871,761523120,0,0,0
PF204,20220218,20220218,135413000,13:54:13,7340,20898,41871,761523120,0,0,0
PF204,20220218,20220218,135413500,13:54:14,7340,20898,41871,761523120,0,0,0
PF204,20220218,20220218,135414000,13:54:14,7340,20898,41871,761523120,0,0,0
PF204,20220218,20220218,135415000,13:54:15,7340,20898,41871,761523120,0,0,0
