PF202,20220218,20220218,112004500,11:20:09,0,0,0,0,0,0,0
PF202,20220218,20220218,112003200,11:20:09,7220,40,2621,1439200,40,2621,1439200
PF202,20220218,20220218,112005000,11:20:10,7220,40,2621,1439200,0,0,0
PF202,20220218,20220218,112006000,11:20:10,7220,40,2621,1439200,0,0,0
PF202,20220218,20220218,112006500,11:20:10,7220,40,2621,1439200,0,0,0
PF202,20220218,20220218,112007000,11:20:10,7220,40,2621,1439200,0,0,0
PF202,20220218,20220218,112007500,11:20:10,7220,40,2621,1439200,0,0,0
PF202,20220218,20220218,112008000,11:20:10,7220,40,2621,1439200,0,0,0
PF202,20220218,20220218,112011500,11:20:12,7220,40,2621,1439200,0,0,0
PF202,20220218,20220218,112012000,11:20:12,7220,40,2621,1439200,0,0,0
PF202,20220218,20220218,112016500,11:20:16,7220,40,2621,1439200,0,0,0
PF202,20220218,20220218,112017000,11:20:17,7220,40,2621,1439200,0,0,0
PF202,20220218,20220218,112018500,11:20:18,7220,40,2621,1439200,0,0,0
PF202,20220218,20220218,112020000,11:20:20,7220,40,2621,1439200,0,0,0
PF202,20220218,20220218,112024500,11:20:24,7220,40,2621,1439200,0,0,0
PF202,20220218,20220218,112026000,11:20:26,7220,40,2621,1439200,0,0,0
PF202,20220218,20220218,112030000,11:20:31,7220,40,2621,1439200,0,0,0
PF202,20220218,20220218,112030500,11:20:31,7220,40,2621,1439200,0,0,0
PF202,20220218,20220218,112031000,11:20:32,7220,40,2621,1439200,0,0,0
PF202,20220218,20220218,112033000,11:20:33,7220,40,2621,1439200,0,0,0
PF202,20220218,20220218,112036000,11:20:36,7220,40,2621,1439200,0,0,0
PF202,20220218,20220218,112036500,11:20:37,7220,40,2621,1439200,0,0,0
PF202,20220218,20220218,112038500,11:20:38,7220,40,2621,1439200,0,0,0
PF202,20220218,20220218,112039000,11:20:39,7220,40,2621,1439200,0,0,0
PF202,20220218,20220218,112042000,11:20:42,7220,40,2621,1439200,0,0,0
PF202,20220218,20220218,112042500,11:20:42,7220,40,2621,1439200,0,0,0
PF202,20220218,20220218,112044500,11:20:45,7220,40,2621,1439200,0,0,0
PF202,20220218,20220218,112045000,11:20:45,7220,40,2621,1439200,0,0,0
PF202,20220218,20220218,112045500,11:20:46,7220,40,2621,1439200,0,0,0
PF202,20220218,20220218,112046000,11:20:46,7220,40,2621,1439200,0,0,0
PF202,20220218,20220218,112051500,11:20:51,7220,40,2621,1439200,0,0,0
PF202,20220218,20220218,112052000,11:20:53,7220,40,2621,1439200,0,0,0
PF202,20220218,20220218,112052500,11:20:53,7220,40,2621,1439200,0,0,0
PF202,20220218,20220218,112053000,11:20:53,7220,40,2621,1439200,0,0,0
PF202,20220218,20220218,112054000,11:20:54,7220,40,2621,1439200,0,0,0
PF202,20220218,20220218,112056500,11:20:56,7220,40,2621,1439200,0,0,0
PF202,20220218,20220218,112102500,11:21:03,7220,40,2621,1439200,0,0,0
PF202,20220218,20220218,112103000,11:21:03,7220,40,2621,1439200,0,0,0
PF202,20220218,20220218,112103500,11:21:04,7220,40,2621,1439200,0,0,0
PF202,20220218,20220218,112106000,11:21:07,7220,40,2621,1439200,0,0,0
PF202,20220218,20220218,112106500,11:21:07,7220,40,2621,1439200,0,0,0
PF202,20220218,20220218,112107500,11:21:10,7220,40,2621,1439200,0,0,0
PF202,20220218,20220218,112109000,11:21:10,7220,40,2621,1439200,0,0,0
PF202,20220218,20220218,112114500,11:21:14,7220,40,2621,1439200,0,0,0
PF202,20220218,20220218,112115000,11:21:15,7220,40,2621,1439200,0,0,0
PF202,20220218,20220218,112116500,11:21:17,7220,40,2621,1439200,0,0,0
PF202,20220218,20220218,112117000,11:21:17,7220,40,2621,1439200,0,0,0
PF202,20220218,20220218,112117500,11:21:18,7220,40,2621,1439200,0,0,0
PF202,20220218,20220218,112118000,11:21:18,7220,40,2621,1439200,0,0,0
PF202,20220218,20220218,112120500,11:21:21,7220,40,2621,1439200,0,0,0
PF202,20220218,20220218,112121500,11:21:22,7220,40,2621,1439200,0,0,0
PF202,20220218,20220218,112122000,11:21:22,7220,40,2621,1439200,0,0,0
PF202,20220218,20220218,112123500,11:21:23,7220,40,2621,1439200,0,0,0
PF202,20220218,20220218,112330500,11:23:33,7220,40,2621,1439200,0,0,0
PF202,20220218,20220218,112334000,11:23:34,7220,40,2621,1439200,0,0,0
PF202,20220218,20220218,112338000,11:23:38,7220,40,2621,1439200,0,0,0
PF202,20220218,20220218,112339000,11:23:39,7220,40,2621,1439200,0,0,0
PF202,20220218,20220218,112343500,11:23:43,7220,40,2621,1439200,0,0,0
PF202,20220218,20220218,112347000,11:23:48,7220,40,2621,1439200,0,0,0
PF202,20220218,20220218,112349000,11:23:49,7220,40,2621,1439200,0,0,0
PF202,20220218,20220218,112349500,11:23:50,7220,40,2621,1439200,0,0,0
PF202,20220218,20220218,112350000,11:23:50,7220,40,2621,1439200,0,0,0
PF202,20220218,20220218,112350500,11:23:50,7220,40,2621,1439200,0,0,0
PF202,20220218,20220218,112354500,11:23:55,7220,40,2621,1439200,0,0,0
PF202,20220218,20220218,112356000,11:23:56,7220,40,2621,1439200,0,0,0
PF202,20220218,20220218,112401500,11:24:01,7220,40,2621,1439200,0,0,0
PF202,20220218,20220218,112402000,11:24:02,7220,40,2621,1439200,0,0,0
PF202,20220218,20220218,112404000,11:24:04,7220,40,2621,1439200,0,0,0
PF202,20220218,20220218,112411000,11:24:12,7220,40,2621,1439200,0,0,0
PF202,20220218,20220218,112411500,11:24:12,7220,40,2621,1439200,0,0,0
PF202,20220218,20220218,112412500,11:24:13,7220,40,2621,1439200,0,0,0
PF202,20220218,20220218,112413000,11:24:13,7220,40,2621,1439200,0,0,0
PF202,20220218,20220218,112418500,11:24:19,7220,40,2621,1439200,0,0,0
PF202,20220218,20220218,112420000,11:24:20,7220,40,2621,1439200,0,0,0
PF202,20220218,20220218,112420500,11:24:20,7220,40,2621,1439200,0,0,0
PF202,20220218,20220218,112422000,11:24:22,7220,40,2621,1439200,0,0,0
PF202,20220218,20220218,112422500,11:24:23,7220,40,2621,1439200,0,0,0
PF202,20220218,20220218,112426500,11:24:26,7220,40,2621,1439200,0,0,0
PF202,20220218,20220218,112429500,11:24:29,7220,40,2621,1439200,0,0,0
PF202,20220218,20220218,112430000,11:24:30,7220,40,2621,1439200,0,0,0
PF202,20220218,20220218,112455000,11:24:55,7220,40,2621,1439200,0,0,0
PF202,20220218,20220218,112457000,11:24:57,7220,40,2621,1439200,0,0,0
PF202,20220218,20220218,112459000,11:24:59,7220,40,2621,1439200,0,0,0
PF202,20220218,20220218,112459500,11:24:59,7220,40,2621,1439200,0,0,0
PF202,20220218,20220218,112500500,11:25:01,7220,40,2621,1439200,0,0,0
PF202,20220218,20220218,112501500,11:25:03,7220,40,2621,1439200,0,0,0
PF202,20220218,20220218,112505000,11:25:06,7220,40,2621,1439200,0,0,0
PF202,20220218,20220218,112505500,11:25:06,7220,40,2621,1439200,0,0,0
PF202,20220218,20220218,112508500,11:25:08,7220,40,2621,1439200,0,0,0
PF202,20220218,20220218,112510500,11:25:10,7220,40,2621,1439200,0,0,0
PF202,20220218,20220218,112511000,11:25:11,7220,40,2621,1439200,0,0,0
PF202,20220218,20220218,112521000,11:25:21,7220,40,2621,1439200,0,0,0
PF202,20220218,20220218,112521500,11:25:22,7220,40,2621,1439200,0,0,0
PF202,20220218,20220218,112522500,11:25:22,7220,40,2621,1439200,0,0,0
PF202,20220218,20220218,112523000,11:25:23,7220,40,2621,1439200,0,0,0
PF202,20220218,20220218,112525000,11:25:25,7220,40,2621,1439200,0,0,0
PF202,20220218,20220218,112525500,11:25:26,7220,40,2621,1439200,0,0,0
PF202,20220218,20220218,112526500,11:25:27,7220,40,2621,1439200,0,0,0
PF202,20220218,20220218,112528000,11:25:28,7220,40,2621,1439200,0,0,0
PF202,20220218,20220218,112530000,11:25:30,7220,40,2621,1439200,0,0,0
PF202,20220218,20220218,112530500,11:25:31,7220,40,2621,1439200,0,0,0
PF202,20220218,20220218,112531000,11:25:31,7220,40,2621,1439200,0,0,0
PF202,20220218,20220218,112535000,11:25:36,7220,40,2621,1439200,0,0,0
PF202,20220218,20220218,112540500,11:25:40,7220,40,2621,1439200,0,0,0
PF202,20220218,20220218,112541500,11:25:41,7220,40,2621,1439200,0,0,0
PF202,20220218,20220218,112543000,11:25:43,7220,40,2621,1439200,0,0,0
PF202,20220218,20220218,112543500,11:25:43,7220,40,2621,1439200,0,0,0
PF202,20220218,20220218,112544500,11:25:44,7220,40,2621,1439200,0,0,0
PF202,20220218,20220218,112548500,11:25:48,7220,40,2621,1439200,0,0,0
PF202,20220218,20220218,112549000,11:25:49,7220,40,2621,1439200,0,0,0
PF202,20220218,20220218,112553500,11:25:54,7220,40,2621,1439200,0,0,0
PF202,20220218,20220218,112559000,11:26:00,7220,40,2621,1439200,0,0,0
PF202,20220218,20220218,112600500,11:26:00,7220,40,2621,1439200,0,0,0
PF202,20220218,20220218,112601000,11:26:01,7220,40,2621,1439200,0,0,0
PF202,20220218,20220218,112604500,11:26:05,7220,40,2621,1439200,0,0,0
PF202,20220218,20220218,112605000,11:26:05,7220,40,2621,1439200,0,0,0
PF202,20220218,20220218,112605500,11:26:06,7220,40,2621,1439200,0,0,0
PF202,20220218,20220218,112606000,11:26:06,7220,40,2621,1439200,0,0,0
PF202,20220218,20220218,112606500,11:26:06,7220,40,2621,1439200,0,0,0
PF202,20220218,20220218,112607000,11:26:09,7220,40,2621,1439200,0,0,0
PF202,20220218,20220218,112607500,11:26:09,7220,40,2621,1439200,0,0,0
PF202,20220218,20220218,112609500,11:26:10,7220,40,2621,1439200,0,0,0
PF202,20220218,20220218,112612000,11:26:14,7220,40,2621,1439200,0,0,0
PF202,20220218,20220218,112616000,11:26:16,7220,40,2621,1439200,0,0,0
PF202,20220218,20220218,112616500,11:26:17,7220,40,2621,1439200,0,0,0
PF202,20220218,20220218,112618000,11:26:18,7220,40,2621,1439200,0,0,0
PF202,20220218,20220218,112619000,11:26:19,7220,40,2621,1439200,0,0,0
PF202,20220218,20220218,112619500,11:26:20,7220,40,2621,1439200,0,0,0
PF202,20220218,20220218,112621000,11:26:21,7220,40,2621,1439200,0,0,0
PF202,20220218,20220218,112623500,11:26:23,7220,40,2621,1439200,0,0,0
PF202,20220218,20220218,112624000,11:26:24,7220,40,2621,1439200,0,0,0
PF202,20220218,20220218,112624500,11:26:24,7220,40,2621,1439200,0,0,0
PF202,20220218,20220218,112652500,11:27:10,7220,40,2621,1439200,0,0,0
PF202,20220218,20220218,112704000,11:27:12,7220,40,2621,1439200,0,0,0
PF202,20220218,20220218,112735500,11:27:36,7220,40,2621,1439200,0,0,0
PF202,20220218,20220218,112736000,11:27:36,7220,40,2621,1439200,0,0,0
PF202,20220218,20220218,112737500,11:27:38,7220,40,2621,1439200,0,0,0
PF202,20220218,20220218,112738500,11:27:39,7220,40,2621,1439200,0,0,0
PF202,20220218,20220218,112740500,11:27:40,7220,40,2621,1439200,0,0,0
PF202,20220218,20220218,112745000,11:27:46,7220,40,2621,1439200,0,0,0
PF202,20220218,20220218,112753500,11:27:54,7220,40,2621,1439200,0,0,0
PF202,20220218,20220218,112754500,11:27:55,7220,40,2621,1439200,0,0,0
PF202,20220218,20220218,112755500,11:27:55,7220,40,2621,1439200,0,0,0
PF202,20220218,20220218,112756000,11:27:56,7220,40,2621,1439200,0,0,0
PF202,20220218,20220218,112757000,11:27:57,7220,40,2621,1439200,0,0,0
PF202,20220218,20220218,112759000,11:27:59,7220,40,2621,1439200,0,0,0
PF202,20220218,20220218,112759500,11:27:59,7220,40,2621,1439200,0,0,0
PF202,20220218,20220218,112800000,11:28:01,7220,40,2621,1439200,0,0,0
PF202,20220218,20220218,112801500,11:28:02,7220,40,2621,1439200,0,0,0
PF202,20220218,20220218,112803500,11:28:04,7220,40,2621,1439200,0,0,0
PF202,20220218,20220218,112830000,11:28:30,7220,40,2621,1439200,0,0,0
PF202,20220218,20220218,112831000,11:28:31,7220,40,2621,1439200,0,0,0
PF202,20220218,20220218,112833000,11:28:33,7220,40,2621,1439200,0,0,0
PF202,20220218,20220218,112842000,11:28:42,7220,40,2621,1439200,0,0,0
PF202,20220218,20220218,112843500,11:28:44,7220,40,2621,1439200,0,0,0
PF202,20220218,20220218,112844000,11:28:44,7220,40,2621,1439200,0,0,0
PF202,20220218,20220218,112844500,11:28:44,7220,40,2621,1439200,0,0,0
PF202,20220218,20220218,112846500,11:28:46,7220,40,2621,1439200,0,0,0
PF202,20220218,20220218,112850000,11:28:50,7220,40,2621,1439200,0,0,0
PF202,20220218,20220218,112850500,11:28:50,7220,40,2621,1439200,0,0,0
PF202,20220218,20220218,112851500,11:28:51,7220,40,2621,1439200,0,0,0
PF202,20220218,20220218,112852000,11:28:52,7220,40,2621,1439200,0,0,0
PF202,20220218,20220218,112852500,11:28:53,7220,40,2621,1439200,0,0,0
PF202,20220218,20220218,112853500,11:28:54,7220,40,2621,1439200,0,0,0
PF202,20220218,20220218,112854000,11:28:54,7220,40,2621,1439200,0,0,0
PF202,20220218,20220218,112854500,11:28:54,7220,40,2621,1439200,0,0,0
PF202,20220218,20220218,112855000,11:28:55,7220,40,2621,1439200,0,0,0
PF202,20220218,20220218,112855500,11:28:56,7220,40,2621,1439200,0,0,0
PF202,20220218,20220218,112856500,11:28:56,7220,40,2621,1439200,0,0,0
PF202,20220218,20220218,112857000,11:28:57,7220,40,2621,1439200,0,0,0
PF202,20220218,20220218,112858000,11:28:58,7220,40,2621,1439200,0,0,0
PF202,20220218,20220218,112858500,11:28:59,7220,40,2621,1439200,0,0,0
PF202,20220218,20220218,112900500,11:29:01,7220,40,2621,1439200,0,0,0
PF202,20220218,20220218,112901000,11:29:01,7220,40,2621,1439200,0,0,0
PF202,20220218,20220218,112901500,11:29:02,7220,40,2621,1439200,0,0,0
PF202,20220218,20220218,112902000,11:29:02,7220,40,2621,1439200,0,0,0
PF202,20220218,20220218,112902500,11:29:03,7220,40,2621,1439200,0,0,0
PF202,20220218,20220218,112903000,11:29:03,7220,40,2621,1439200,0,0,0
PF202,20220218,20220218,112903500,11:29:04,7220,40,2621,1439200,0,0,0
PF202,20220218,20220218,112904000,11:29:04,7220,40,2621,1439200,0,0,0
PF202,20220218,20220218,112905000,11:29:05,7220,40,2621,1439200,0,0,0
PF202,20220218,20220218,112906500,11:29:06,7220,40,2621,1439200,0,0,0
PF202,20220218,20220218,112907000,11:29:07,7220,40,2621,1439200,0,0,0
PF202,20220218,20220218,112909000,11:29:09,7220,40,2621,1439200,0,0,0
PF202,20220218,20220218,112911000,11:29:11,7220,40,2621,1439200,0,0,0
PF202,20220218,20220218,112912500,11:29:12,7220,40,2621,1439200,0,0,0
PF202,20220218,20220218,112913500,11:29:14,7220,40,2621,1439200,0,0,0
PF202,20220218,20220218,112917500,11:29:21,7220,40,2621,1439200,0,0,0
PF202,20220218,20220218,112920500,11:29:21,7220,40,2621,1439200,0,0,0
PF202,20220218,20220218,112924500,11:29:24,7220,40,2621,1439200,0,0,0
PF202,20220218,20220218,112925000,11:29:25,7220,40,2621,1439200,0,0,0
PF202,20220218,20220218,112931500,11:29:32,7220,40,2621,1439200,0,0,0
PF202,20220218,20220218,112932000,11:29:32,7220,40,2621,1439200,0,0,0
PF202,20220218,20220218,112936500,11:29:38,7220,40,2621,1439200,0,0,0
PF202,20220218,20220218,112937500,11:29:38,7220,40,2621,1439200,0,0,0
PF202,20220218,20220218,112939500,11:29:39,7220,40,2621,1439200,0,0,0
PF202,20220218,20220218,112940000,11:29:40,7220,40,2621,1439200,0,0,0
PF202,20220218,20220218,112940500,11:29:40,7220,40,2621,1439200,0,0,0
PF202,20220218,20220218,112941500,11:29:42,7220,40,2621,1439200,0,0,0
PF202,20220218,20220218,112942000,11:29:42,7220,40,2621,1439200,0,0,0
PF202,20220218,20220218,112944500,11:29:45,7220,40,2621,1439200,0,0,0
PF202,20220218,20220218,112946500,11:29:47,7220,40,2621,1439200,0,0,0
PF202,20220218,20220218,112947000,11:29:47,7220,40,2621,1439200,0,0,0
PF202,20220218,20220218,112948000,11:29:48,7220,40,2621,1439200,0,0,0
PF202,20220218,20220218,112948500,11:29:49,7220,40,2621,1439200,0,0,0
PF202,20220218,20220218,112949500,11:29:50,7220,40,2621,1439200,0,0,0
PF202,20220218,20220218,133001500,13:30:02,7220,40,2621,1439200,0,0,0
PF202,20220218,20220218,133002000,13:30:08,7220,40,2621,1439200,0,0,0
PF202,20220218,20220218,133002500,13:30:10,7220,40,2621,1439200,0,0,0
PF202,20220218,20220218,133008000,13:30:10,7220,40,2621,1439200,0,0,0
PF202,20220218,20220218,133009000,13:30:10,7220,40,2621,1439200,0,0,0
PF202,20220218,20220218,133010000,13:30:11,7220,40,2621,1439200,0,0,0
PF202,20220218,20220218,133010500,13:30:12,7220,40,2621,1439200,0,0,0
PF202,20220218,20220218,133013500,13:30:14,7220,40,2621,1439200,0,0,0
PF202,20220218,20220218,133016000,13:30:18,7220,40,2621,1439200,0,0,0
PF202,20220218,20220218,133017000,13:30:18,7220,40,2621,1439200,0,0,0
PF202,20220218,20220218,133017500,13:30:18,7220,40,2621,1439200,0,0,0
PF202,20220218,20220218,133018000,13:30:19,7220,40,2621,1439200,0,0,0
PF202,20220218,20220218,133020500,13:30:21,7220,40,2621,1439200,0,0,0
PF202,20220218,20220218,133022500,13:30:38,7220,40,2621,1439200,0,0,0
PF202,20220218,20220218,133023000,13:30:39,7220,40,2621,1439200,0,0,0
PF202,20220218,20220218,133032000,13:30:40,7220,40,2621,1439200,0,0,0
PF202,20220218,20220218,133043000,13:30:44,7220,40,2621,1439200,0,0,0
PF202,20220218,20220218,133049000,13:30:50,7220,40,2621,1439200,0,0,0
PF202,20220218,20220218,133049500,13:30:50,7220,40,2621,1439200,0,0,0
PF202,20220218,20220218,133050000,13:30:51,7220,40,2621,1439200,0,0,0
PF202,20220218,20220218,133054500,13:30:55,7220,40,2621,1439200,0,0,0
PF202,20220218,20220218,133055000,13:30:55,7220,40,2621,1439200,0,0,0
PF202,20220218,20220218,133056000,13:30:57,7220,40,2621,1439200,0,0,0
PF202,20220218,20220218,133056500,13:30:57,7220,40,2621,1439200,0,0,0
PF202,20220218,20220218,133057000,13:30:57,7220,40,2621,1439200,0,0,0
PF202,20220218,20220218,133057500,13:30:58,7220,40,2621,1439200,0,0,0
PF202,20220218,20220218,133058000,13:30:58,7220,40,2621,1439200,0,0,0
PF202,20220218,20220218,133058500,13:30:59,7220,40,2621,1439200,0,0,0
PF202,20220218,20220218,133059000,13:30:59,7220,40,2621,1439200,0,0,0
PF202,20220218,20220218,133101000,13:31:01,7220,40,2621,1439200,0,0,0
PF202,20220218,20220218,133101500,13:31:01,7220,40,2621,1439200,0,0,0
PF202,20220218,20220218,133103500,13:31:04,7220,40,2621,1439200,0,0,0
PF202,20220218,20220218,133104000,13:31:06,7220,40,2621,1439200,0,0,0
PF202,20220218,20220218,133105500,13:31:07,7220,40,2621,1439200,0,0,0
PF202,20220218,20220218,133106000,13:31:08,7220,40,2621,1439200,0,0,0
PF202,20220218,20220218,133107500,13:31:08,7220,40,2621,1439200,0,0,0
PF202,20220218,20220218,133108500,13:31:09,7220,40,2621,1439200,0,0,0
PF202,20220218,20220218,133113000,13:31:13,7220,40,2621,1439200,0,0,0
PF202,20220218,20220218,133113500,13:31:14,7220,40,2621,1439200,0,0,0
PF202,20220218,20220218,133114500,13:31:15,7220,40,2621,1439200,0,0,0
PF202,20220218,20220218,133116000,13:31:16,7220,40,2621,1439200,0,0,0
PF202,20220218,20220218,133118000,13:31:18,7220,40,2621,1439200,0,0,0
PF202,20220218,20220218,133118500,13:31:19,7220,40,2621,1439200,0,0,0
PF202,20220218,20220218,133119000,13:31:19,7220,40,2621,1439200,0,0,0
PF202,20220218,20220218,133159500,13:32:00,7220,40,2621,1439200,0,0,0
PF202,20220218,20220218,133200000,13:32:00,7220,40,2621,1439200,0,0,0
PF202,20220218,20220218,133200500,13:32:01,7220,40,2621,1439200,0,0,0
PF202,20220218,20220218,133201000,13:32:01,7220,40,2621,1439200,0,0,0
PF202,20220218,20220218,133202000,13:32:03,7220,40,2621,1439200,0,0,0
PF202,20220218,20220218,133202500,13:32:04,7220,40,2621,1439200,0,0,0
PF202,20220218,20220218,133203000,13:32:05,7220,40,2621,1439200,0,0,0
PF202,20220218,20220218,133203500,13:32:05,7220,40,2621,1439200,0,0,0
PF202,20220218,20220218,133212500,13:32:15,7220,40,2621,1439200,0,0,0
PF202,20220218,20220218,133214000,13:32:15,7220,40,2621,1439200,0,0,0
PF202,20220218,20220218,133214500,13:32:16,7220,40,2621,1439200,0,0,0
PF202,20220218,20220218,133216500,13:32:17,7220,40,2621,1439200,0,0,0
PF202,20220218,20220218,133217000,13:32:17,7220,40,2621,1439200,0,0,0
PF202,20220218,20220218,133218000,13:32:18,7220,40,2621,1439200,0,0,0
PF202,20220218,20220218,133222000,13:32:22,7220,40,2621,1439200,0,0,0
PF202,20220218,20220218,133222500,13:32:23,7220,40,2621,1439200,0,0,0
PF202,20220218,20220218,133223000,13:32:24,7220,40,2621,1439200,0,0,0
PF202,20220218,20220218,133223500,13:32:24,7220,40,2621,1439200,0,0,0
PF202,20220218,20220218,133224500,13:32:24,7220,40,2621,1439200,0,0,0
PF202,20220218,20220218,133225000,13:32:25,7220,40,2621,1439200,0,0,0
PF202,20220218,20220218,133225500,13:32:25,7220,40,2621,1439200,0,0,0
PF202,20220218,20220218,133226500,13:32:27,7220,40,2621,1439200,0,0,0
PF202,20220218,20220218,133227000,13:32:27,7220,40,2621,1439200,0,0,0
PF202,20220218,20220218,133227500,13:32:28,7220,40,2621,1439200,0,0,0
PF202,20220218,20220218,133231500,13:32:34,7220,40,2621,1439200,0,0,0
PF202,20220218,20220218,133235000,13:32:36,7220,40,2621,1439200,0,0,0
PF202,20220218,20220218,133236000,13:32:37,7220,40,2621,1439200,0,0,0
PF202,20220218,20220218,133236500,13:32:37,7220,40,2621,1439200,0,0,0
PF202,20220218,20220218,133237000,13:32:37,7220,40,2621,1439200,0,0,0
PF202,20220218,20220218,133238500,13:32:39,7220,40,2621,1439200,0,0,0
PF202,20220218,20220218,133239500,13:32:40,7220,40,2621,1439200,0,0,0
PF202,20220218,20220218,133240000,13:32:40,7220,40,2621,1439200,0,0,0
PF202,20220218,20220218,133240500,13:32:40,7220,40,2621,1439200,0,0,0
PF202,20220218,20220218,133244500,13:32:45,7220,40,2621,1439200,0,0,0
PF202,20220218,20220218,133245000,13:32:45,7220,40,2621,1439200,0,0,0
PF202,20220218,20220218,133247000,13:32:47,7220,40,2621,1439200,0,0,0
PF202,20220218,20220218,133247500,13:32:48,7220,40,2621,1439200,0,0,0
PF202,20220218,20220218,133248000,13:32:48,7220,40,2621,1439200,0,0,0
PF202,20220218,20220218,133249000,13:32:49,7220,40,2621,1439200,0,0,0
PF202,20220218,20220218,133249500,13:32:49,7220,40,2621,1439200,0,0,0
PF202,20220218,20220218,133250000,13:32:51,7220,40,2621,1439200,0,0,0
PF202,20220218,20220218,133250500,13:32:52,7220,40,2621,1439200,0,0,0
PF202,20220218,20220218,133251500,13:32:53,7220,40,2621,1439200,0,0,0
PF202,20220218,20220218,133252500,13:32:53,7220,40,2621,1439200,0,0,0
PF202,20220218,20220218,133253000,13:32:53,7220,40,2621,1439200,0,0,0
PF202,20220218,20220218,133253500,13:32:54,7220,40,2621,1439200,0,0,0
PF202,20220218,20220218,133254000,13:32:54,7220,40,2621,1439200,0,0,0
PF202,20220218,20220218,133254500,13:32:55,7220,40,2621,1439200,0,0,0
PF202,20220218,20220218,133255000,13:32:55,7220,40,2621,1439200,0,0,0
PF202,20220218,20220218,133255500,13:32:55,7220,40,2621,1439200,0,0,0
PF202,20220218,20220218,133256000,13:32:56,7220,40,2621,1439200,0,0,0
PF202,20220218,20220218,133256500,13:32:56,7220,40,2621,1439200,0,0,0
PF202,20220218,20220218,133257000,13:32:59,7220,40,2621,1439200,0,0,0
PF202,20220218,20220218,133257500,13:33:00,7220,40,2621,1439200,0,0,0
PF202,20220218,20220218,133259500,13:33:00,7220,40,2621,1439200,0,0,0
PF202,20220218,20220218,133300000,13:33:01,7220,40,2621,1439200,0,0,0
PF202,20220218,20220218,133300500,13:33:01,7220,40,2621,1439200,0,0,0
PF202,20220218,20220218,133301000,13:33:02,7220,40,2621,1439200,0,0,0
PF202,20220218,20220218,133301500,13:33:02,7220,40,2621,1439200,0,0,0
PF202,20220218,20220218,133302500,13:33:03,7220,40,2621,1439200,0,0,0
PF202,20220218,20220218,133303000,13:33:03,7220,40,2621,1439200,0,0,0
PF202,20220218,20220218,133304500,13:33:05,7220,40,2621,1439200,0,0,0
PF202,20220218,20220218,133305500,13:33:05,7220,40,2621,1439200,0,0,0
PF202,20220218,20220218,133306000,13:33:06,7220,40,2621,1439200,0,0,0
PF202,20220218,20220218,133306500,13:33:06,7220,40,2621,1439200,0,0,0
PF202,20220218,20220218,133307000,13:33:07,7220,40,2621,1439200,0,0,0
PF202,20220218,20220218,133308000,13:33:08,7220,40,2621,1439200,0,0,0
PF202,20220218,20220218,133310500,13:33:12,7220,40,2621,1439200,0,0,0
PF202,20220218,20220218,133311000,13:33:12,7220,40,2621,1439200,0,0,0
PF202,20220218,20220218,133312000,13:33:14,7220,40,2621,1439200,0,0,0
PF202,20220218,20220218,133313500,13:33:14,7220,40,2621,1439200,0,0,0
PF202,20220218,20220218,133314000,13:33:17,7220,40,2621,1439200,0,0,0
PF202,20220218,20220218,133314500,13:33:17,7220,40,2621,1439200,0,0,0
PF202,20220218,20220218,133319000,13:33:20,7220,40,2621,1439200,0,0,0
PF202,20220218,20220218,133320000,13:33:21,7220,40,2621,1439200,0,0,0
PF202,20220218,20220218,133320500,13:33:21,7220,40,2621,1439200,0,0,0
PF202,20220218,20220218,133321000,13:33:22,7220,40,2621,1439200,0,0,0
PF202,20220218,20220218,133322000,13:33:22,7220,40,2621,1439200,0,0,0
PF202,20220218,20220218,133322500,13:33:22,7220,40,2621,1439200,0,0,0
PF202,20220218,20220218,133323000,13:33:23,7220,40,2621,1439200,0,0,0
PF202,20220218,20220218,133329500,13:33:30,7220,40,2621,1439200,0,0,0
PF202,20220218,20220218,133330000,13:33:30,7220,40,2621,1439200,0,0,0
PF202,20220218,20220218,133333000,13:33:33,7220,40,2621,1439200,0,0,0
PF202,20220218,20220218,133333500,13:33:33,7220,40,2621,1439200,0,0,0
PF202,20220218,20220218,133334000,13:33:34,7220,40,2621,1439200,0,0,0
PF202,20220218,20220218,133334500,13:33:35,7220,40,2621,1439200,0,0,0
PF202,20220218,20220218,133335500,13:33:35,7220,40,2621,1439200,0,0,0
PF202,20220218,20220218,133336500,13:33:36,7220,40,2621,1439200,0,0,0
PF202,20220218,20220218,133340000,13:33:40,7220,40,2621,1439200,0,0,0
PF202,20220218,20220218,133341500,13:33:42,7220,40,2621,1439200,0,0,0
PF202,20220218,20220218,133342000,13:33:42,7220,40,2621,1439200,0,0,0
PF202,20220218,20220218,133344000,13:33:44,7220,40,2621,1439200,0,0,0
PF202,20220218,20220218,133345500,13:33:46,7220,40,2621,1439200,0,0,0
PF202,20220218,20220218,133354000,13:33:54,7220,40,2621,1439200,0,0,0
PF202,20220218,20220218,133355000,13:33:56,7220,40,2621,1439200,0,0,0
PF202,20220218,20220218,133358500,13:33:58,7220,40,2621,1439200,0,0,0
PF202,20220218,20220218,133359000,13:33:59,7220,40,2621,1439200,0,0,0
PF202,20220218,20220218,133400000,13:34:00,7220,40,2621,1439200,0,0,0
PF202,20220218,20220218,133400500,13:34:00,7220,40,2621,1439200,0,0,0
PF202,20220218,20220218,133401000,13:34:01,7220,40,2621,1439200,0,0,0
PF202,20220218,20220218,133401500,13:34:02,7220,40,2621,1439200,0,0,0
PF202,20220218,20220218,133402000,13:34:10,7220,40,2621,1439200,0,0,0
PF202,20220218,20220218,133403000,13:34:10,7220,40,2621,1439200,0,0,0
PF202,20220218,20220218,133404500,13:34:11,7220,40,2621,1439200,0,0,0
PF202,20220218,20220218,133412000,13:34:12,7220,40,2621,1439200,0,0,0
PF202,20220218,20220218,133412500,13:34:13,7220,40,2621,1439200,0,0,0
PF202,20220218,20220218,133414500,13:34:15,7220,40,2621,1439200,0,0,0
PF202,20220218,20220218,133415000,13:34:15,7220,40,2621,1439200,0,0,0
PF202,20220218,20220218,133415500,13:34:16,7220,40,2621,1439200,0,0,0
PF202,20220218,20220218,133424500,13:34:24,7220,40,2621,1439200,0,0,0
PF202,20220218,20220218,133425000,13:34:25,7220,40,2621,1439200,0,0,0
PF202,20220218,20220218,133426500,13:34:26,7220,40,2621,1439200,0,0,0
PF202,20220218,20220218,133430500,13:34:30,7220,40,2621,1439200,0,0,0
PF202,20220218,20220218,133431000,13:34:31,7220,40,2621,1439200,0,0,0
PF202,20220218,20220218,133432500,13:34:32,7220,40,2621,1439200,0,0,0
PF202,20220218,20220218,133438000,13:34:38,7220,40,2621,1439200,0,0,0
PF202,20220218,20220218,133439500,13:34:39,7220,40,2621,1439200,0,0,0
PF202,20220218,20220218,133440500,13:34:41,7220,40,2621,1439200,0,0,0
PF202,20220218,20220218,133441000,13:34:41,7220,40,2621,1439200,0,0,0
PF202,20220218,20220218,133441500,13:34:42,7220,40,2621,1439200,0,0,0
PF202,20220218,20220218,133442000,13:34:44,7220,40,2621,1439200,0,0,0
PF202,20220218,20220218,133443000,13:34:45,7220,40,2621,1439200,0,0,0
PF202,20220218,20220218,133444500,13:34:46,7220,40,2621,1439200,0,0,0
PF202,20220218,20220218,133452000,13:34:52,7220,40,2621,1439200,0,0,0
PF202,20220218,20220218,133453500,13:34:55,7220,40,2621,1439200,0,0,0
PF202,20220218,20220218,133456000,13:34:56,7220,40,2621,1439200,0,0,0
PF202,20220218,20220218,133456500,13:34:57,7220,40,2621,1439200,0,0,0
PF202,20220218,20220218,133459000,13:34:59,7220,40,2621,1439200,0,0,0
PF202,20220218,20220218,133459500,13:35:00,7220,40,2621,1439200,0,0,0
PF202,20220218,20220218,133500500,13:35:00,7220,40,2621,1439200,0,0,0
PF202,20220218,20220218,133501000,13:35:04,7220,40,2621,1439200,0,0,0
PF202,20220218,20220218,133504500,13:35:10,7220,40,2621,1439200,0,0,0
PF202,20220218,20220218,133518000,13:35:19,7220,40,2621,1439200,0,0,0
PF202,20220218,20220218,133519000,13:35:19,7220,40,2621,1439200,0,0,0
PF202,20220218,20220218,133522500,13:35:23,7220,40,2621,1439200,0,0,0
PF202,20220218,20220218,133525500,13:35:26,7220,40,2621,1439200,0,0,0
PF202,20220218,20220218,133526000,13:35:26,7220,40,2621,1439200,0,0,0
PF202,20220218,20220218,133526500,13:35:27,7220,40,2621,1439200,0,0,0
PF202,20220218,20220218,133527000,13:35:27,7220,40,2621,1439200,0,0,0
PF202,20220218,20220218,133527500,13:35:31,7220,40,2621,1439200,0,0,0
PF202,20220218,20220218,133528000,13:35:32,7220,40,2621,1439200,0,0,0
PF202,20220218,20220218,133528500,13:35:32,7220,40,2621,1439200,0,0,0
PF202,20220218,20220218,133531500,13:35:41,7220,40,2621,1439200,0,0,0
PF202,20220218,20220218,133532000,13:35:41,7220,40,2621,1439200,0,0,0
PF202,20220218,20220218,133532500,13:35:42,7220,40,2621,1439200,0,0,0
PF202,20220218,20220218,133539500,13:35:43,7220,40,2621,1439200,0,0,0
PF202,20220218,20220218,133542000,13:35:43,7220,40,2621,1439200,0,0,0
PF202,20220218,20220218,133542500,13:35:44,7220,40,2621,1439200,0,0,0
PF202,20220218,20220218,133543500,13:35:44,7220,40,2621,1439200,0,0,0
PF202,20220218,20220218,133544000,13:35:44,7220,40,2621,1439200,0,0,0
PF202,20220218,20220218,133545000,13:35:46,7220,40,2621,1439200,0,0,0
PF202,20220218,20220218,133547000,13:35:47,7220,40,2621,1439200,0,0,0
PF202,20220218,20220218,133547500,13:35:48,7220,40,2621,1439200,0,0,0
PF202,20220218,20220218,133551000,13:35:51,7220,40,2621,1439200,0,0,0
PF202,20220218,20220218,133552000,13:35:52,7220,40,2621,1439200,0,0,0
PF202,20220218,20220218,133554500,13:35:55,7220,40,2621,1439200,0,0,0
PF202,20220218,20220218,133555500,13:35:56,7220,40,2621,1439200,0,0,0
PF202,20220218,20220218,133601500,13:36:03,7220,40,2621,1439200,0,0,0
PF202,20220218,20220218,133602000,13:36:03,7220,40,2621,1439200,0,0,0
PF202,20220218,20220218,133602500,13:36:03,7220,40,2621,1439200,0,0,0
PF202,20220218,20220218,133606500,13:36:07,7220,40,2621,1439200,0,0,0
PF202,20220218,20220218,133610000,13:36:10,7220,40,2621,1439200,0,0,0
PF202,20220218,20220218,133611500,13:36:12,7220,40,2621,1439200,0,0,0
PF202,20220218,20220218,133612000,13:36:12,7220,40,2621,1439200,0,0,0
PF202,20220218,20220218,133616500,13:36:17,7220,40,2621,1439200,0,0,0
PF202,20220218,20220218,133617000,13:36:17,7220,40,2621,1439200,0,0,0
PF202,20220218,20220218,133617500,13:36:19,7220,40,2621,1439200,0,0,0
PF202,20220218,20220218,133630000,13:36:30,7220,40,2621,1439200,0,0,0
PF202,20220218,20220218,133630500,13:36:31,7220,40,2621,1439200,0,0,0
PF202,20220218,20220218,133631000,13:36:31,7220,40,2621,1439200,0,0,0
PF202,20220218,20220218,133632500,13:36:32,7220,40,2621,1439200,0,0,0
PF202,20220218,20220218,133633000,13:36:33,7220,40,2621,1439200,0,0,0
PF202,20220218,20220218,133633500,13:36:33,7220,40,2621,1439200,0,0,0
PF202,20220218,20220218,133634000,13:36:34,7220,40,2621,1439200,0,0,0
PF202,20220218,20220218,133635000,13:36:35,7220,40,2621,1439200,0,0,0
PF202,20220218,20220218,133635500,13:36:36,7220,40,2621,1439200,0,0,0
PF202,20220218,20220218,133636000,13:36:36,7220,40,2621,1439200,0,0,0
PF202,20220218,20220218,133637500,13:36:38,7220,40,2621,1439200,0,0,0
PF202,20220218,20220218,133645500,13:36:46,7220,40,2621,1439200,0,0,0
PF202,20220218,20220218,133646000,13:36:46,7220,40,2621,1439200,0,0,0
PF202,20220218,20220218,133647000,13:36:47,7220,40,2621,1439200,0,0,0
PF202,20220218,20220218,133648500,13:36:48,7220,40,2621,1439200,0,0,0
PF202,20220218,20220218,133649000,13:36:49,7220,40,2621,1439200,0,0,0
PF202,20220218,20220218,133655500,13:36:56,7220,40,2621,1439200,0,0,0
PF202,20220218,20220218,133656000,13:36:56,7220,40,2621,1439200,0,0,0
PF202,20220218,20220218,133657000,13:36:58,7220,40,2621,1439200,0,0,0
PF202,20220218,20220218,133658000,13:36:58,7220,40,2621,1439200,0,0,0
PF202,20220218,20220218,133659500,13:36:59,7220,40,2621,1439200,0,0,0
PF202,20220218,20220218,133700500,13:37:00,7220,40,2621,1439200,0,0,0
PF202,20220218,20220218,133701000,13:37:01,7220,40,2621,1439200,0,0,0
PF202,20220218,20220218,133711000,13:37:11,7220,40,2621,1439200,0,0,0
PF202,20220218,20220218,133712000,13:37:13,7220,40,2621,1439200,0,0,0
PF202,20220218,20220218,133712500,13:37:13,7220,40,2621,1439200,0,0,0
PF202,20220218,20220218,133715000,13:37:15,7220,40,2621,1439200,0,0,0
PF202,20220218,20220218,133719000,13:37:19,7220,40,2621,1439200,0,0,0
PF202,20220218,20220218,133723500,13:37:23,7220,40,2621,1439200,0,0,0
PF202,20220218,20220218,133724500,13:37:25,7220,40,2621,1439200,0,0,0
PF202,20220218,20220218,133725000,13:37:25,7220,40,2621,1439200,0,0,0
PF202,20220218,20220218,133725500,13:37:26,7220,40,2621,1439200,0,0,0
PF202,20220218,20220218,133726500,13:37:27,7220,40,2621,1439200,0,0,0
PF202,20220218,20220218,133727000,13:37:27,7220,40,2621,1439200,0,0,0
PF202,20220218,20220218,133729000,13:37:29,7220,40,2621,1439200,0,0,0
PF202,20220218,20220218,133729500,13:37:30,7220,40,2621,1439200,0,0,0
PF202,20220218,20220218,133730000,13:37:30,7220,40,2621,1439200,0,0,0
PF202,20220218,20220218,133730500,13:37:31,7220,40,2621,1439200,0,0,0
PF202,20220218,20220218,133732000,13:37:32,7220,40,2621,1439200,0,0,0
PF202,20220218,20220218,133733500,13:37:33,7220,40,2621,1439200,0,0,0
PF202,20220218,20220218,133734000,13:37:34,7220,40,2621,1439200,0,0,0
PF202,20220218,20220218,133736500,13:37:37,7220,40,2621,1439200,0,0,0
PF202,20220218,20220218,133737000,13:37:37,7220,40,2621,1439200,0,0,0
PF202,20220218,20220218,133738500,13:37:39,7220,40,2621,1439200,0,0,0
PF202,20220218,20220218,133739000,13:37:39,7220,40,2621,1439200,0,0,0
PF202,20220218,20220218,133740000,13:37:40,7220,40,2621,1439200,0,0,0
PF202,20220218,20220218,133741500,13:37:41,7220,40,2621,1439200,0,0,0
PF202,20220218,20220218,133742000,13:37:42,7220,40,2621,1439200,0,0,0
PF202,20220218,20220218,133745500,13:37:45,7220,40,2621,1439200,0,0,0
PF202,20220218,20220218,133747000,13:37:47,7220,40,2621,1439200,0,0,0
PF202,20220218,20220218,133750500,13:37:51,7220,40,2621,1439200,0,0,0
PF202,20220218,20220218,133752500,13:37:54,7220,40,2621,1439200,0,0,0
PF202,20220218,20220218,133755000,13:37:55,7220,40,2621,1439200,0,0,0
PF202,20220218,20220218,133755500,13:37:55,7220,40,2621,1439200,0,0,0
PF202,20220218,20220218,133802000,13:38:03,7220,40,2621,1439200,0,0,0
PF202,20220218,20220218,133802500,13:38:05,7220,40,2621,1439200,0,0,0
PF202,20220218,20220218,133817500,13:38:18,7220,40,2621,1439200,0,0,0
PF202,20220218,20220218,133818500,13:38:19,7220,40,2621,1439200,0,0,0
PF202,20220218,20220218,133819000,13:38:19,7220,40,2621,1439200,0,0,0
PF202,20220218,20220218,133820000,13:38:22,7220,40,2621,1439200,0,0,0
PF202,20220218,20220218,133820500,13:38:22,7220,40,2621,1439200,0,0,0
PF202,20220218,20220218,133822000,13:38:23,7220,40,2621,1439200,0,0,0
PF202,20220218,20220218,133824000,13:38:24,7220,40,2621,1439200,0,0,0
PF202,20220218,20220218,133824500,13:38:40,7220,40,2621,1439200,0,0,0
PF202,20220218,20220218,133825000,13:38:41,7220,40,2621,1439200,0,0,0
PF202,20220218,20220218,133825500,13:38:41,7220,40,2621,1439200,0,0,0
PF202,20220218,20220218,133840500,13:38:42,7220,40,2621,1439200,0,0,0
PF202,20220218,20220218,133841500,13:38:43,7220,40,2621,1439200,0,0,0
PF202,20220218,20220218,133856500,13:38:56,7220,40,2621,1439200,0,0,0
PF202,20220218,20220218,133857000,13:38:57,7220,40,2621,1439200,0,0,0
PF202,20220218,20220218,133859500,13:38:59,7220,40,2621,1439200,0,0,0
PF202,20220218,20220218,133901000,13:39:01,7220,40,2621,1439200,0,0,0
PF202,20220218,20220218,133902500,13:39:02,7220,40,2621,1439200,0,0,0
PF202,20220218,20220218,133906000,13:39:06,7220,40,2621,1439200,0,0,0
PF202,20220218,20220218,133907500,13:39:07,7220,40,2621,1439200,0,0,0
PF202,20220218,20220218,133910000,13:39:10,7220,40,2621,1439200,0,0,0
PF202,20220218,20220218,133911500,13:39:11,7220,40,2621,1439200,0,0,0
PF202,20220218,20220218,133913500,13:39:13,7220,40,2621,1439200,0,0,0
PF202,20220218,20220218,133914000,13:39:15,7220,40,2621,1439200,0,0,0
PF202,20220218,20220218,133914500,13:39:15,7220,40,2621,1439200,0,0,0
PF202,20220218,20220218,133916000,13:39:19,7220,40,2621,1439200,0,0,0
PF202,20220218,20220218,133916500,13:39:19,7220,40,2621,1439200,0,0,0
PF202,20220218,20220218,133921000,13:39:21,7220,40,2621,1439200,0,0,0
PF202,20220218,20220218,133924000,13:39:24,7220,40,2621,1439200,0,0,0
PF202,20220218,20220218,133925000,13:39:25,7220,40,2621,1439200,0,0,0
PF202,20220218,20220218,133929000,13:39:29,7220,40,2621,1439200,0,0,0
PF202,20220218,20220218,133931000,13:39:31,7220,40,2621,1439200,0,0,0
PF202,20220218,20220218,133934500,13:39:34,7220,40,2621,1439200,0,0,0
PF202,20220218,20220218,133936000,13:39:36,7220,40,2621,1439200,0,0,0
PF202,20220218,20220218,133938000,13:39:38,7220,40,2621,1439200,0,0,0
PF202,20220218,20220218,133938500,13:39:38,7220,40,2621,1439200,0,0,0
PF202,20220218,20220218,133939500,13:39:39,7220,40,2621,1439200,0,0,0
PF202,20220218,20220218,133940000,13:39:40,7220,40,2621,1439200,0,0,0
PF202,20220218,20220218,133941000,13:39:41,7220,40,2621,1439200,0,0,0
PF202,20220218,20220218,133943500,13:39:43,7220,40,2621,1439200,0,0,0
PF202,20220218,20220218,133944500,13:39:44,7220,40,2621,1439200,0,0,0
PF202,20220218,20220218,133945000,13:39:45,7220,40,2621,1439200,0,0,0
PF202,20220218,20220218,133945500,13:39:46,7220,40,2621,1439200,0,0,0
PF202,20220218,20220218,133946000,13:39:46,7220,40,2621,1439200,0,0,0
PF202,20220218,20220218,133946500,13:39:47,7220,40,2621,1439200,0,0,0
PF202,20220218,20220218,133948000,13:39:48,7220,40,2621,1439200,0,0,0
PF202,20220218,20220218,133949000,13:39:49,7220,40,2621,1439200,0,0,0
PF202,20220218,20220218,133952500,13:39:53,7220,40,2621,1439200,0,0,0
PF202,20220218,20220218,133954500,13:39:55,7220,40,2621,1439200,0,0,0
PF202,20220218,20220218,133955000,13:39:55,7220,40,2621,1439200,0,0,0
PF202,20220218,20220218,133955500,13:39:55,7220,40,2621,1439200,0,0,0
PF202,20220218,20220218,133956000,13:39:56,7220,40,2621,1439200,0,0,0
PF202,20220218,20220218,133956500,13:39:57,7220,40,2621,1439200,0,0,0
PF202,20220218,20220218,133957500,13:40:12,7220,40,2621,1439200,0,0,0
PF202,20220218,20220218,134008500,13:40:13,7220,40,2621,1439200,0,0,0
PF202,20220218,20220218,134035500,13:40:36,7220,40,2621,1439200,0,0,0
PF202,20220218,20220218,134036000,13:40:36,7220,40,2621,1439200,0,0,0
PF202,20220218,20220218,134041000,13:40:42,7220,40,2621,1439200,0,0,0
PF202,20220218,20220218,134041500,13:40:42,7220,40,2621,1439200,0,0,0
PF202,20220218,20220218,134042000,13:40:42,7220,40,2621,1439200,0,0,0
PF202,20220218,20220218,134042500,13:40:42,7220,40,2621,1439200,0,0,0
PF202,20220218,20220218,134043000,13:40:43,7220,40,2621,1439200,0,0,0
PF202,20220218,20220218,134043500,13:40:44,7220,40,2621,1439200,0,0,0
PF202,20220218,20220218,134045500,13:40:45,7220,40,2621,1439200,0,0,0
PF202,20220218,20220218,134046000,13:40:46,7220,40,2621,1439200,0,0,0
PF202,20220218,20220218,134046500,13:40:46,7220,40,2621,1439200,0,0,0
PF202,20220218,20220218,134050500,13:40:50,7220,40,2621,1439200,0,0,0
PF202,20220218,20220218,134057500,13:40:58,7220,40,2621,1439200,0,0,0
PF202,20220218,20220218,134107000,13:41:09,7220,40,2621,1439200,0,0,0
PF202,20220218,20220218,134108000,13:41:09,7220,40,2621,1439200,0,0,0
PF202,20220218,20220218,134108500,13:41:10,7220,40,2621,1439200,0,0,0
PF202,20220218,20220218,134109500,13:41:10,7220,40,2621,1439200,0,0,0
PF202,20220218,20220218,134110500,13:41:10,7220,40,2621,1439200,0,0,0
PF202,20220218,20220218,134111500,13:41:12,7220,40,2621,1439200,0,0,0
PF202,20220218,20220218,134112000,13:41:12,7220,40,2621,1439200,0,0,0
PF202,20220218,20220218,134113000,13:41:13,7220,40,2621,1439200,0,0,0
PF202,20220218,20220218,134113500,13:41:13,7220,40,2621,1439200,0,0,0
PF202,20220218,20220218,134117000,13:41:17,7220,40,2621,1439200,0,0,0
PF202,20220218,20220218,134117500,13:41:18,7220,40,2621,1439200,0,0,0
PF202,20220218,20220218,134120000,13:41:20,7220,40,2621,1439200,0,0,0
PF202,20220218,20220218,134121500,13:41:24,7220,40,2621,1439200,0,0,0
PF202,20220218,20220218,134122000,13:41:24,7220,40,2621,1439200,0,0,0
PF202,20220218,20220218,134123000,13:41:24,7220,40,2621,1439200,0,0,0
PF202,20220218,20220218,134128000,13:41:28,7220,40,2621,1439200,0,0,0
PF202,20220218,20220218,134128500,13:41:28,7220,40,2621,1439200,0,0,0
PF202,20220218,20220218,134129500,13:41:30,7220,40,2621,1439200,0,0,0
PF202,20220218,20220218,134130000,13:41:30,7220,40,2621,1439200,0,0,0
PF202,20220218,20220218,134130500,13:41:31,7220,40,2621,1439200,0,0,0
PF202,20220218,20220218,134131000,13:41:31,7220,40,2621,1439200,0,0,0
PF202,20220218,20220218,134134000,13:41:34,7220,40,2621,1439200,0,0,0
PF202,20220218,20220218,134135000,13:41:35,7220,40,2621,1439200,0,0,0
PF202,20220218,20220218,134135500,13:41:35,7220,40,2621,1439200,0,0,0
PF202,20220218,20220218,134136000,13:41:39,7220,40,2621,1439200,0,0,0
PF202,20220218,20220218,134136500,13:41:39,7220,40,2621,1439200,0,0,0
PF202,20220218,20220218,134137000,13:41:40,7220,40,2621,1439200,0,0,0
PF202,20220218,20220218,134139500,13:41:41,7220,40,2621,1439200,0,0,0
PF202,20220218,20220218,134141000,13:41:42,7220,40,2621,1439200,0,0,0
PF202,20220218,20220218,134142500,13:41:42,7220,40,2621,1439200,0,0,0
PF202,20220218,20220218,134143000,13:41:43,7220,40,2621,1439200,0,0,0
PF202,20220218,20220218,134144000,13:41:44,7220,40,2621,1439200,0,0,0
PF202,20220218,20220218,134145000,13:41:45,7220,40,2621,1439200,0,0,0
PF202,20220218,20220218,134145500,13:41:45,7220,40,2621,1439200,0,0,0
PF202,20220218,20220218,134147000,13:41:47,7220,40,2621,1439200,0,0,0
PF202,20220218,20220218,134147500,13:41:48,7220,40,2621,1439200,0,0,0
PF202,20220218,20220218,134148000,13:41:48,7220,40,2621,1439200,0,0,0
PF202,20220218,20220218,134148500,13:41:48,7220,40,2621,1439200,0,0,0
PF202,20220218,20220218,134149000,13:41:49,7220,40,2621,1439200,0,0,0
PF202,20220218,20220218,134149500,13:41:50,7220,40,2621,1439200,0,0,0
PF202,20220218,20220218,134151000,13:41:51,7220,40,2621,1439200,0,0,0
PF202,20220218,20220218,134151500,13:41:52,7220,40,2621,1439200,0,0,0
PF202,20220218,20220218,134152000,13:41:52,7220,40,2621,1439200,0,0,0
PF202,20220218,20220218,134152500,13:41:52,7220,40,2621,1439200,0,0,0
PF202,20220218,20220218,134153000,13:41:53,7220,40,2621,1439200,0,0,0
PF202,20220218,20220218,134153500,13:41:54,7220,40,2621,1439200,0,0,0
PF202,20220218,20220218,134154000,13:42:02,7220,40,2621,1439200,0,0,0
PF202,20220218,20220218,134154500,13:42:02,7220,40,2621,1439200,0,0,0
PF202,20220218,20220218,134155000,13:42:04,7220,40,2621,1439200,0,0,0
PF202,20220218,20220218,134201500,13:42:06,7220,40,2621,1439200,0,0,0
PF202,20220218,20220218,134209500,13:42:12,7220,40,2621,1439200,0,0,0
PF202,20220218,20220218,134211000,13:42:12,7220,40,2621,1439200,0,0,0
PF202,20220218,20220218,134212000,13:42:12,7220,40,2621,1439200,0,0,0
PF202,20220218,20220218,134212500,13:42:13,7220,40,2621,1439200,0,0,0
PF202,20220218,20220218,134213500,13:42:13,7220,40,2621,1439200,0,0,0
PF202,20220218,20220218,134214500,13:42:15,7220,40,2621,1439200,0,0,0
PF202,20220218,20220218,134215000,13:42:15,7220,40,2621,1439200,0,0,0
PF202,20220218,20220218,134215500,13:42:16,7220,40,2621,1439200,0,0,0
PF202,20220218,20220218,134216000,13:42:16,7220,40,2621,1439200,0,0,0
PF202,20220218,20220218,134216500,13:42:17,7220,40,2621,1439200,0,0,0
PF202,20220218,20220218,134217000,13:42:18,7220,40,2621,1439200,0,0,0
PF202,20220218,20220218,134219500,13:42:20,7220,40,2621,1439200,0,0,0
PF202,20220218,20220218,134220000,13:42:21,7220,40,2621,1439200,0,0,0
PF202,20220218,20220218,134227000,13:42:28,7220,40,2621,1439200,0,0,0
PF202,20220218,20220218,134245000,13:42:45,7220,40,2621,1439200,0,0,0
PF202,20220218,20220218,134256500,13:42:57,7220,40,2621,1439200,0,0,0
PF202,20220218,20220218,134257000,13:42:59,7220,40,2621,1439200,0,0,0
PF202,20220218,20220218,134301000,13:43:02,7220,40,2621,1439200,0,0,0
PF202,20220218,20220218,134302000,13:43:02,7220,40,2621,1439200,0,0,0
PF202,20220218,20220218,134303500,13:43:11,7220,40,2621,1439200,0,0,0
PF202,20220218,20220218,134304500,13:43:11,7220,40,2621,1439200,0,0,0
PF202,20220218,20220218,134306000,13:43:12,7220,40,2621,1439200,0,0,0
PF202,20220218,20220218,134311000,13:43:14,7220,40,2621,1439200,0,0,0
PF202,20220218,20220218,134312500,13:43:14,7220,40,2621,1439200,0,0,0
PF202,20220218,20220218,134313000,13:43:14,7220,40,2621,1439200,0,0,0
PF202,20220218,20220218,134314000,13:43:14,7220,40,2621,1439200,0,0,0
PF202,20220218,20220218,134317500,13:43:17,7220,40,2621,1439200,0,0,0
PF202,20220218,20220218,134318500,13:43:18,7220,40,2621,1439200,0,0,0
PF202,20220218,20220218,134321500,13:43:21,7220,40,2621,1439200,0,0,0
PF202,20220218,20220218,134322000,13:43:22,7220,40,2621,1439200,0,0,0
PF202,20220218,20220218,134323000,13:43:23,7220,40,2621,1439200,0,0,0
PF202,20220218,20220218,134323500,13:43:24,7220,40,2621,1439200,0,0,0
PF202,20220218,20220218,134324000,13:43:24,7220,40,2621,1439200,0,0,0
PF202,20220218,20220218,134324500,13:43:25,7220,40,2621,1439200,0,0,0
PF202,20220218,20220218,134327000,13:43:27,7220,40,2621,1439200,0,0,0
PF202,20220218,20220218,134329000,13:43:29,7220,40,2621,1439200,0,0,0
PF202,20220218,20220218,134330000,13:43:30,7220,40,2621,1439200,0,0,0
PF202,20220218,20220218,134332500,13:43:32,7220,40,2621,1439200,0,0,0
PF202,20220218,20220218,134333000,13:43:33,7220,40,2621,1439200,0,0,0
PF202,20220218,20220218,134335500,13:43:35,7220,40,2621,1439200,0,0,0
PF202,20220218,20220218,134336000,13:43:36,7220,40,2621,1439200,0,0,0
PF202,20220218,20220218,134339000,13:43:39,7220,40,2621,1439200,0,0,0
PF202,20220218,20220218,134352500,13:44:00,7220,40,2621,1439200,0,0,0
PF202,20220218,20220218,134356500,13:44:04,7220,40,2621,1439200,0,0,0
PF202,20220218,20220218,134357000,13:44:04,7220,40,2621,1439200,0,0,0
PF202,20220218,20220218,134402500,13:44:04,7220,40,2621,1439200,0,0,0
PF202,20220218,20220218,134404000,13:44:04,7220,40,2621,1439200,0,0,0
PF202,20220218,20220218,134405000,13:44:05,7220,40,2621,1439200,0,0,0
PF202,20220218,20220218,134406500,13:44:06,7220,40,2621,1439200,0,0,0
PF202,20220218,20220218,134408000,13:44:08,7220,40,2621,1439200,0,0,0
PF202,20220218,20220218,134408500,13:44:09,7220,40,2621,1439200,0,0,0
PF202,20220218,20220218,134409000,13:44:09,7220,40,2621,1439200,0,0,0
PF202,20220218,20220218,134409500,13:44:17,7220,40,2621,1439200,0,0,0
PF202,20220218,20220218,134410500,13:44:17,7220,40,2621,1439200,0,0,0
PF202,20220218,20220218,134417000,13:44:17,7220,40,2621,1439200,0,0,0
PF202,20220218,20220218,134417500,13:44:18,7220,40,2621,1439200,0,0,0
PF202,20220218,20220218,134418500,13:44:18,7220,40,2621,1439200,0,0,0
PF202,20220218,20220218,134419500,13:44:23,7220,40,2621,1439200,0,0,0
PF202,20220218,20220218,134422000,13:44:23,7220,40,2621,1439200,0,0,0
PF202,20220218,20220218,134423500,13:44:24,7220,40,2621,1439200,0,0,0
PF202,20220218,20220218,134424000,13:44:24,7220,40,2621,1439200,0,0,0
PF202,20220218,20220218,134424500,13:44:24,7220,40,2621,1439200,0,0,0
PF202,20220218,20220218,134425000,13:44:25,7220,40,2621,1439200,0,0,0
PF202,20220218,20220218,134425500,13:44:25,7220,40,2621,1439200,0,0,0
PF202,20220218,20220218,134426000,13:44:26,7220,40,2621,1439200,0,0,0
PF202,20220218,20220218,134427000,13:44:27,7220,40,2621,1439200,0,0,0
PF202,20220218,20220218,134428500,13:44:29,7220,40,2621,1439200,0,0,0
PF202,20220218,20220218,134429500,13:44:31,7220,40,2621,1439200,0,0,0
PF202,20220218,20220218,134430500,13:44:37,7220,40,2621,1439200,0,0,0
PF202,20220218,20220218,134431000,13:44:37,7220,40,2621,1439200,0,0,0
PF202,20220218,20220218,134437000,13:44:37,7220,40,2621,1439200,0,0,0
PF202,20220218,20220218,134440000,13:44:40,7220,40,2621,1439200,0,0,0
PF202,20220218,20220218,134442000,13:44:42,7220,40,2621,1439200,0,0,0
PF202,20220218,20220218,134442500,13:44:43,7220,40,2621,1439200,0,0,0
PF202,20220218,20220218,134448000,13:44:48,7220,40,2621,1439200,0,0,0
PF202,20220218,20220218,134449000,13:44:49,7220,40,2621,1439200,0,0,0
PF202,20220218,20220218,134449500,13:44:50,7220,40,2621,1439200,0,0,0
PF202,20220218,20220218,134450500,13:44:50,7220,40,2621,1439200,0,0,0
PF202,20220218,20220218,134451000,13:44:51,7220,40,2621,1439200,0,0,0
PF202,20220218,20220218,134451500,13:44:52,7220,40,2621,1439200,0,0,0
PF202,20220218,20220218,134457000,13:44:57,7220,40,2621,1439200,0,0,0
PF202,20220218,20220218,134459500,13:44:59,7220,40,2621,1439200,0,0,0
PF202,20220218,20220218,134500000,13:45:00,7220,40,2621,1439200,0,0,0
PF202,20220218,20220218,134500500,13:45:01,7220,40,2621,1439200,0,0,0
PF202,20220218,20220218,134501000,13:45:01,7220,40,2621,1439200,0,0,0
PF202,20220218,20220218,134501500,13:45:02,7220,40,2621,1439200,0,0,0
PF202,20220218,20220218,134502500,13:45:03,7220,40,2621,1439200,0,0,0
PF202,20220218,20220218,134503000,13:45:03,7220,40,2621,1439200,0,0,0
PF202,20220218,20220218,134503500,13:45:04,7220,40,2621,1439200,0,0,0
PF202,20220218,20220218,134504000,13:45:08,7220,40,2621,1439200,0,0,0
PF202,20220218,20220218,134507000,13:45:09,7220,40,2621,1439200,0,0,0
PF202,20220218,20220218,134508500,13:45:09,7220,40,2621,1439200,0,0,0
PF202,20220218,20220218,134509000,13:45:10,7220,40,2621,1439200,0,0,0
PF202,20220218,20220218,134510000,13:45:10,7220,40,2621,1439200,0,0,0
PF202,20220218,20220218,134510500,13:45:10,7220,40,2621,1439200,0,0,0
PF202,20220218,20220218,134511000,13:45:11,7220,40,2621,1439200,0,0,0
PF202,20220218,20220218,134511500,13:45:11,7220,40,2621,1439200,0,0,0
PF202,20220218,20220218,134512000,13:45:12,7220,40,2621,1439200,0,0,0
PF202,20220218,20220218,134514000,13:45:15,7220,40,2621,1439200,0,0,0
PF202,20220218,20220218,134514500,13:45:16,7220,40,2621,1439200,0,0,0
PF202,20220218,20220218,134515000,13:45:16,7220,40,2621,1439200,0,0,0
PF202,20220218,20220218,134516000,13:45:17,7220,40,2621,1439200,0,0,0
PF202,20220218,20220218,134516500,13:45:17,7220,40,2621,1439200,0,0,0
PF202,20220218,20220218,134520500,13:45:22,7220,40,2621,1439200,0,0,0
PF202,20220218,20220218,134521000,13:45:23,7220,40,2621,1439200,0,0,0
PF202,20220218,20220218,134521500,13:45:23,7220,40,2621,1439200,0,0,0
PF202,20220218,20220218,134523500,13:45:24,7220,40,2621,1439200,0,0,0
PF202,20220218,20220218,134524500,13:45:25,7220,40,2621,1439200,0,0,0
PF202,20220218,20220218,134525000,13:45:26,7220,40,2621,1439200,0,0,0
PF202,20220218,20220218,134525500,13:45:27,7220,40,2621,1439200,0,0,0
PF202,20220218,20220218,134526500,13:45:28,7220,40,2621,1439200,0,0,0
PF202,20220218,20220218,134527000,13:45:30,7220,40,2621,1439200,0,0,0
PF202,20220218,20220218,134527500,13:45:30,7220,40,2621,1439200,0,0,0
PF202,20220218,20220218,134528000,13:45:30,7220,40,2621,1439200,0,0,0
PF202,20220218,20220218,134529500,13:45:30,7220,40,2621,1439200,0,0,0
PF202,20220218,20220218,134530500,13:45:31,7220,40,2621,1439200,0,0,0
PF202,20220218,20220218,134531000,13:45:31,7220,40,2621,1439200,0,0,0
PF202,20220218,20220218,134531500,13:45:31,7220,40,2621,1439200,0,0,0
PF202,20220218,20220218,134532000,13:45:32,7220,40,2621,1439200,0,0,0
PF202,20220218,20220218,134532500,13:45:33,7220,40,2621,1439200,0,0,0
PF202,20220218,20220218,134533500,13:45:34,7220,40,2621,1439200,0,0,0
PF202,20220218,20220218,134534000,13:45:35,7220,40,2621,1439200,0,0,0
PF202,20220218,20220218,134534500,13:45:35,7220,40,2621,1439200,0,0,0
PF202,20220218,20220218,134535000,13:45:35,7220,40,2621,1439200,0,0,0
PF202,20220218,20220218,134535500,13:45:35,7220,40,2621,1439200,0,0,0
PF202,20220218,20220218,134536000,13:45:36,7220,40,2621,1439200,0,0,0
PF202,20220218,20220218,134536500,13:45:37,7220,40,2621,1439200,0,0,0
PF202,20220218,20220218,134538000,13:45:38,7220,40,2621,1439200,0,0,0
PF202,20220218,20220218,134539000,13:45:40,7220,40,2621,1439200,0,0,0
PF202,20220218,20220218,134540500,13:45:40,7220,40,2621,1439200,0,0,0
PF202,20220218,20220218,134541000,13:45:41,7220,40,2621,1439200,0,0,0
PF202,20220218,20220218,134542500,13:45:46,7220,40,2621,1439200,0,0,0
PF202,20220218,20220218,134544500,13:45:46,7220,40,2621,1439200,0,0,0
PF202,20220218,20220218,134549000,13:45:49,7220,40,2621,1439200,0,0,0
PF202,20220218,20220218,134550500,13:45:54,7220,40,2621,1439200,0,0,0
PF202,20220218,20220218,134551000,13:45:54,7220,40,2621,1439200,0,0,0
PF202,20220218,20220218,134554000,13:45:54,7220,40,2621,1439200,0,0,0
PF202,20220218,20220218,134556000,13:45:58,7220,40,2621,1439200,0,0,0
PF202,20220218,20220218,134559000,13:46:01,7220,40,2621,1439200,0,0,0
PF202,20220218,20220218,134601500,13:46:02,7220,40,2621,1439200,0,0,0
PF202,20220218,20220218,134602000,13:46:02,7220,40,2621,1439200,0,0,0
PF202,20220218,20220218,134602500,13:46:04,7220,40,2621,1439200,0,0,0
PF202,20220218,20220218,134603000,13:46:04,7220,40,2621,1439200,0,0,0
PF202,20220218,20220218,134603500,13:46:04,7220,40,2621,1439200,0,0,0
PF202,20220218,20220218,134604000,13:46:04,7220,40,2621,1439200,0,0,0
PF202,20220218,20220218,134619000,13:46:19,7220,40,2621,1439200,0,0,0
PF202,20220218,20220218,134628500,13:46:31,7220,40,2621,1439200,0,0,0
PF202,20220218,20220218,134631500,13:46:32,7220,40,2621,1439200,0,0,0
PF202,20220218,20220218,134635000,13:46:35,7220,40,2621,1439200,0,0,0
PF202,20220218,20220218,134636500,13:46:37,7220,40,2621,1439200,0,0,0
PF202,20220218,20220218,134638000,13:46:38,7220,40,2621,1439200,0,0,0
PF202,20220218,20220218,134639500,13:46:40,7220,40,2621,1439200,0,0,0
PF202,20220218,20220218,134640000,13:46:40,7220,40,2621,1439200,0,0,0
PF202,20220218,20220218,134642500,13:46:43,7220,40,2621,1439200,0,0,0
PF202,20220218,20220218,134643000,13:46:43,7220,40,2621,1439200,0,0,0
PF202,20220218,20220218,134643500,13:46:44,7220,40,2621,1439200,0,0,0
PF202,20220218,20220218,134644000,13:46:46,7220,40,2621,1439200,0,0,0
PF202,20220218,20220218,134644500,13:46:47,7220,40,2621,1439200,0,0,0
PF202,20220218,20220218,134645500,13:46:47,7220,40,2621,1439200,0,0,0
PF202,20220218,20220218,134652000,13:46:52,7220,40,2621,1439200,0,0,0
PF202,20220218,20220218,134652500,13:46:53,7220,40,2621,1439200,0,0,0
PF202,20220218,20220218,134654500,13:46:55,7220,40,2621,1439200,0,0,0
PF202,20220218,20220218,134657500,13:46:57,7220,40,2621,1439200,0,0,0
PF202,20220218,20220218,134658500,13:46:59,7220,40,2621,1439200,0,0,0
PF202,20220218,20220218,134703000,13:47:03,7220,40,2621,1439200,0,0,0
PF202,20220218,20220218,134704000,13:47:04,7220,40,2621,1439200,0,0,0
PF202,20220218,20220218,134706000,13:47:10,7220,40,2621,1439200,0,0,0
PF202,20220218,20220218,134710500,13:47:12,7220,40,2621,1439200,0,0,0
PF202,20220218,20220218,134716500,13:47:16,7220,40,2621,1439200,0,0,0
PF202,20220218,20220218,134718000,13:47:19,7220,40,2621,1439200,0,0,0
PF202,20220218,20220218,134718500,13:47:19,7220,40,2621,1439200,0,0,0
PF202,20220218,20220218,134719000,13:47:19,7220,40,2621,1439200,0,0,0
PF202,20220218,20220218,134728500,13:47:28,7220,40,2621,1439200,0,0,0
PF202,20220218,20220218,134729000,13:47:29,7220,40,2621,1439200,0,0,0
PF202,20220218,20220218,134729500,13:47:29,7220,40,2621,1439200,0,0,0
PF202,20220218,20220218,134730000,13:47:30,7220,40,2621,1439200,0,0,0
PF202,20220218,20220218,134731500,13:47:31,7220,40,2621,1439200,0,0,0
PF202,20220218,20220218,134738000,13:47:38,7220,40,2621,1439200,0,0,0
PF202,20220218,20220218,134739500,13:47:40,7220,40,2621,1439200,0,0,0
PF202,20220218,20220218,134740500,13:47:40,7220,40,2621,1439200,0,0,0
PF202,20220218,20220218,134741000,13:47:41,7220,40,2621,1439200,0,0,0
PF202,20220218,20220218,134744500,13:47:45,7220,40,2621,1439200,0,0,0
PF202,20220218,20220218,134748000,13:47:48,7220,40,2621,1439200,0,0,0
PF202,20220218,20220218,134749000,13:47:50,7220,40,2621,1439200,0,0,0
PF202,20220218,20220218,134808000,13:48:08,7220,40,2621,1439200,0,0,0
PF202,20220218,20220218,134811500,13:48:11,7220,40,2621,1439200,0,0,0
PF202,20220218,20220218,134817500,13:48:18,7220,40,2621,1439200,0,0,0
PF202,20220218,20220218,134818000,13:48:19,7220,40,2621,1439200,0,0,0
PF202,20220218,20220218,134818500,13:48:20,7220,40,2621,1439200,0,0,0
PF202,20220218,20220218,134824000,13:48:24,7220,40,2621,1439200,0,0,0
PF202,20220218,20220218,134824500,13:48:24,7220,40,2621,1439200,0,0,0
PF202,20220218,20220218,134825000,13:48:25,7220,40,2621,1439200,0,0,0
PF202,20220218,20220218,134825500,13:48:27,7220,40,2621,1439200,0,0,0
PF202,20220218,20220218,134826000,13:48:27,7220,40,2621,1439200,0,0,0
PF202,20220218,20220218,134828000,13:48:28,7220,40,2621,1439200,0,0,0
PF202,20220218,20220218,134829500,13:48:30,7220,40,2621,1439200,0,0,0
PF202,20220218,20220218,134831000,13:48:32,7220,40,2621,1439200,0,0,0
PF202,20220218,20220218,134831500,13:48:32,7220,40,2621,1439200,0,0,0
PF202,20220218,20220218,134833000,13:48:33,7220,40,2621,1439200,0,0,0
PF202,20220218,20220218,134833500,13:48:34,7220,40,2621,1439200,0,0,0
PF202,20220218,20220218,134834500,13:48:36,7220,40,2621,1439200,0,0,0
PF202,20220218,20220218,134854500,13:48:56,7220,40,2621,1439200,0,0,0
PF202,20220218,20220218,134857500,13:48:57,7220,40,2621,1439200,0,0,0
PF202,20220218,20220218,134859000,13:48:59,7220,40,2621,1439200,0,0,0
PF202,20220218,20220218,134859500,13:49:00,7220,40,2621,1439200,0,0,0
PF202,20220218,20220218,134900000,13:49:00,7220,40,2621,1439200,0,0,0
PF202,20220218,20220218,134902500,13:49:03,7220,40,2621,1439200,0,0,0
PF202,20220218,20220218,134904500,13:49:04,7220,40,2621,1439200,0,0,0
PF202,20220218,20220218,134905500,13:49:05,7220,40,2621,1439200,0,0,0
PF202,20220218,20220218,134907000,13:49:07,7220,40,2621,1439200,0,0,0
PF202,20220218,20220218,134914500,13:49:14,7220,40,2621,1439200,0,0,0
PF202,20220218,20220218,134915000,13:49:15,7220,40,2621,1439200,0,0,0
PF202,20220218,20220218,134915500,13:49:15,7220,40,2621,1439200,0,0,0
PF202,20220218,20220218,134918000,13:49:18,7220,40,2621,1439200,0,0,0
PF202,20220218,20220218,134920000,13:49:20,7220,40,2621,1439200,0,0,0
PF202,20220218,20220218,134920500,13:49:20,7220,40,2621,1439200,0,0,0
PF202,20220218,20220218,134922500,13:49:23,7220,40,2621,1439200,0,0,0
PF202,20220218,20220218,134934500,13:49:35,7220,40,2621,1439200,0,0,0
PF202,20220218,20220218,134936500,13:49:36,7220,40,2621,1439200,0,0,0
PF202,20220218,20220218,134950500,13:49:50,7220,40,2621,1439200,0,0,0
PF202,20220218,20220218,134951000,13:49:51,7220,40,2621,1439200,0,0,0
PF202,20220218,20220218,134958000,13:49:58,7220,40,2621,1439200,0,0,0
PF202,20220218,20220218,135002500,13:50:03,7220,40,2621,1439200,0,0,0
PF202,20220218,20220218,135003500,13:50:03,7220,40,2621,1439200,0,0,0
PF202,20220218,20220218,135004000,13:50:04,7220,40,2621,1439200,0,0,0
PF202,20220218,20220218,135005000,13:50:05,7220,40,2621,1439200,0,0,0
PF202,20220218,20220218,135005500,13:50:06,7220,40,2621,1439200,0,0,0
PF202,20220218,20220218,135006000,13:50:06,7220,40,2621,1439200,0,0,0
PF202,20220218,20220218,135007000,13:50:07,7220,40,2621,1439200,0,0,0
PF202,20220218,20220218,135007500,13:50:09,7220,40,2621,1439200,0,0,0
PF202,20220218,20220218,135008000,13:50:09,7220,40,2621,1439200,0,0,0
PF202,20220218,20220218,135009500,13:50:26,7220,40,2621,1439200,0,0,0
PF202,20220218,20220218,135020000,13:50:26,7220,40,2621,1439200,0,0,0
PF202,20220218,20220218,135029500,13:50:35,7220,40,2621,1439200,0,0,0
PF202,20220218,20220218,135030000,13:50:37,7220,40,2621,1439200,0,0,0
PF202,20220218,20220218,135032000,13:50:37,7220,40,2621,1439200,0,0,0
PF202,20220218,20220218,135037000,13:50:38,7220,40,2621,1439200,0,0,0
PF202,20220218,20220218,135041000,13:50:41,7220,40,2621,1439200,0,0,0
PF202,20220218,20220218,135042500,13:50:43,7220,40,2621,1439200,0,0,0
PF202,20220218,20220218,135045500,13:50:46,7220,40,2621,1439200,0,0,0
PF202,20220218,20220218,135046000,13:50:47,7220,40,2621,1439200,0,0,0
PF202,20220218,20220218,135046500,13:50:47,7220,40,2621,1439200,0,0,0
PF202,20220218,20220218,135047000,13:50:47,7220,40,2621,1439200,0,0,0
PF202,20220218,20220218,135047500,13:50:48,7220,40,2621,1439200,0,0,0
PF202,20220218,20220218,135054500,13:50:54,7220,40,2621,1439200,0,0,0
PF202,20220218,20220218,135124000,13:51:24,7220,40,2621,1439200,0,0,0
PF202,20220218,20220218,135124500,13:51:24,7220,40,2621,1439200,0,0,0
PF202,20220218,20220218,135125000,13:51:25,7220,40,2621,1439200,0,0,0
PF202,20220218,20220218,135125500,13:51:26,7220,40,2621,1439200,0,0,0
PF202,20220218,20220218,135126000,13:51:27,7220,40,2621,1439200,0,0,0
PF202,20220218,20220218,135126500,13:51:27,7220,40,2621,1439200,0,0,0
PF202,20220218,20220218,135127500,13:51:27,7220,40,2621,1439200,0,0,0
PF202,20220218,20220218,135128000,13:51:28,7220,40,2621,1439200,0,0,0
PF202,20220218,20220218,135130500,13:51:31,7220,40,2621,1439200,0,0,0
PF202,20220218,20220218,135132000,13:51:32,7220,40,2621,1439200,0,0,0
PF202,20220218,20220218,135132500,13:51:32,7220,40,2621,1439200,0,0,0
PF202,20220218,20220218,135137500,13:51:37,7220,40,2621,1439200,0,0,0
PF202,20220218,20220218,135146000,13:51:46,7220,40,2621,1439200,0,0,0
PF202,20220218,20220218,135147500,13:51:48,7220,40,2621,1439200,0,0,0
PF202,20220218,20220218,135148500,13:51:49,7220,40,2621,1439200,0,0,0
PF202,20220218,20220218,135154000,13:51:54,7220,40,2621,1439200,0,0,0
PF202,20220218,20220218,135156000,13:51:56,7220,40,2621,1439200,0,0,0
PF202,20220218,20220218,135159500,13:51:59,7220,40,2621,1439200,0,0,0
PF202,20220218,20220218,135201500,13:52:03,7220,40,2621,1439200,0,0,0
PF202,20220218,20220218,135202000,13:52:03,7220,40,2621,1439200,0,0,0
PF202,20220218,20220218,135202500,13:52:03,7220,40,2621,1439200,0,0,0
PF202,20220218,20220218,135203500,13:52:04,7220,40,2621,1439200,0,0,0
PF202,20220218,20220218,135209000,13:52:10,7220,40,2621,1439200,0,0,0
PF202,20220218,20220218,135210000,13:52:11,7220,40,2621,1439200,0,0,0
PF202,20220218,20220218,135210500,13:52:11,7220,40,2621,1439200,0,0,0
PF202,20220218,20220218,135211500,13:52:12,7220,40,2621,1439200,0,0,0
PF202,20220218,20220218,135220500,13:52:24,7220,40,2621,1439200,0,0,0
PF202,20220218,20220218,135221000,13:52:24,7220,40,2621,1439200,0,0,0
PF202,20220218,20220218,135223500,13:52:24,7220,40,2621,1439200,0,0,0
PF202,20220218,20220218,135224000,13:52:24,7220,40,2621,1439200,0,0,0
PF202,20220218,20220218,135229000,13:52:29,7220,40,2621,1439200,0,0,0
PF202,20220218,20220218,135230000,13:52:31,7220,40,2621,1439200,0,0,0
PF202,20220218,20220218,135233500,13:52:33,7220,40,2621,1439200,0,0,0
PF202,20220218,20220218,135234000,13:52:34,7220,40,2621,1439200,0,0,0
PF202,20220218,20220218,135234500,13:52:35,7220,40,2621,1439200,0,0,0
PF202,20220218,20220218,135244500,13:52:47,7220,40,2621,1439200,0,0,0
PF202,20220218,20220218,135245000,13:52:47,7220,40,2621,1439200,0,0,0
PF202,20220218,20220218,135255500,13:52:55,7220,40,2621,1439200,0,0,0
PF202,20220218,20220218,135301500,13:53:01,7220,40,2621,1439200,0,0,0
PF202,20220218,20220218,135302000,13:53:02,7220,40,2621,1439200,0,0,0
PF202,20220218,20220218,135303000,13:53:03,7220,40,2621,1439200,0,0,0
PF202,20220218,20220218,135312000,13:53:12,7220,40,2621,1439200,0,0,0
PF202,20220218,20220218,135313500,13:53:13,7220,40,2621,1439200,0,0,0
PF202,20220218,20220218,135314500,13:53:15,7220,40,2621,1439200,0,0,0
PF202,20220218,20220218,135315500,13:53:15,7220,40,2621,1439200,0,0,0
PF202,20220218,20220218,135316500,13:53:17,7220,40,2621,1439200,0,0,0
PF202,20220218,20220218,135319000,13:53:20,7220,40,2621,1439200,0,0,0
PF202,20220218,20220218,135325500,13:53:26,7220,40,2621,1439200,0,0,0
PF202,20220218,20220218,135326500,13:53:26,7220,40,2621,1439200,0,0,0
PF202,20220218,20220218,135327500,13:53:28,7220,40,2621,1439200,0,0,0
PF202,20220218,20220218,135330000,13:53:30,7220,40,2621,1439200,0,0,0
PF202,20220218,20220218,135330500,13:53:31,7220,40,2621,1439200,0,0,0
PF202,20220218,20220218,135332500,13:53:32,7220,40,2621,1439200,0,0,0
PF202,20220218,20220218,135333000,13:53:33,7220,40,2621,1439200,0,0,0
PF202,20220218,20220218,135335000,13:53:35,7220,40,2621,1439200,0,0,0
PF202,20220218,20220218,135335500,13:53:36,7220,40,2621,1439200,0,0,0
PF202,20220218,20220218,135336500,13:53:44,7220,40,2621,1439200,0,0,0
PF202,20220218,20220218,135337000,13:53:45,7220,40,2621,1439200,0,0,0
PF202,20220218,20220218,135344000,13:53:45,7220,40,2621,1439200,0,0,0
PF202,20220218,20220218,135349500,13:53:50,7220,40,2621,1439200,0,0,0
PF202,20220218,20220218,135350000,13:53:50,7220,40,2621,1439200,0,0,0
PF202,20220218,20220218,135350500,13:53:50,7220,40,2621,1439200,0,0,0
PF202,20220218,20220218,135351500,13:53:53,7220,40,2621,1439200,0,0,0
PF202,20220218,20220218,135353000,13:53:53,7220,40,2621,1439200,0,0,0
PF202,20220218,20220218,135359000,13:54:00,7220,40,2621,1439200,0,0,0
PF202,20220218,20220218,135407500,13:54:09,7220,40,2621,1439200,0,0,0
PF202,20220218,20220218,135409000,13:54:09,7220,40,2621,1439200,0,0,0
PF202,20220218,20220218,135409500,13:54:10,7220,40,2621,1439200,0,0,0
PF202,20220218,20220218,135410000,13:54:10,7220,40,2621,1439200,0,0,0
PF202,20220218,20220218,135412500,13:54:13,7220,40,2621,1439200,0,0,0
PF202,20220218,20220218,135413000,13:54:13,7220,40,2621,1439200,0,0,0
PF202,20220218,20220218,135413500,13:54:14,7220,40,2621,1439200,0,0,0
PF202,20220218,20220218,135414000,13:54:14,7220,40,2621,1439200,0,0,0
PF202,20220218,20220218,135415000,13:54:15,7220,40,2621,1439200,0,0,0
PF202,20220218,20220218,135415500,13:54:15,7220,40,2621,1439200,0,0,0
PF202,20220218,20220218,135416500,13:54:16,7220,40,2621,1439200,0,0,0
PF202,20220218,20220218,135418000,13:54:18,7220,40,2621,1439200,0,0,0
PF202,20220218,20220218,135420500,13:54:21,7220,40,2621,1439200,0,0,0
PF202,20220218,20220218,135421000,13:54:21,7220,40,2621,1439200,0,0,0
PF202,20220218,20220218,135423000,13:54:23,7220,40,2621,1439200,0,0,0
PF202,20220218,20220218,135423500,13:54:23,7220,40,2621,1439200,0,0,0
PF202,20220218,20220218,135424500,13:54:24,7220,40,2621,1439200,0,0,0
PF202,20220218,20220218,135425500,13:54:26,7220,40,2621,1439200,0,0,0
PF202,20220218,20220218,135426000,13:54:26,7220,40,2621,1439200,0,0,0
PF202,20220218,20220218,135426500,13:54:27,7220,40,2621,1439200,0,0,0
PF202,20220218,20220218,135443500,13:54:44,7220,40,2621,1439200,0,0,0
PF202,20220218,20220218,135446000,13:54:46,7220,40,2621,1439200,0,0,0
PF202,20220218,20220218,135446500,13:54:47,7220,40,2621,1439200,0,0,0
PF202,20220218,20220218,135448500,13:54:48,7220,40,2621,1439200,0,0,0
PF202,20220218,20220218,135449000,13:54:49,7220,40,2621,1439200,0,0,0
PF202,20220218,20220218,135449500,13:54:50,7220,40,2621,1439200,0,0,0
PF202,20220218,20220218,135450000,13:54:50,7220,40,2621,1439200,0,0,0
PF202,20220218,20220218,135453000,13:54:53,7220,40,2621,1439200,0,0,0
PF202,20220218,20220218,135501000,13:55:01,7220,40,2621,1439200,0,0,0
PF202,20220218,20220218,135502000,13:55:03,7220,40,2621,1439200,0,0,0
PF202,20220218,20220218,135502500,13:55:03,7220,40,2621,1439200,0,0,0
PF202,20220218,20220218,135503000,13:55:03,7220,40,2621,1439200,0,0,0
PF202,20220218,20220218,135503500,13:55:03,7220,40,2621,1439200,0,0,0
PF202,20220218,20220218,135504000,13:55:04,7220,40,2621,1439200,0,0,0
PF202,20220218,20220218,135506500,13:55:06,7220,40,2621,1439200,0,0,0
PF202,20220218,20220218,135507000,13:55:08,7220,40,2621,1439200,0,0,0
PF202,20220218,20220218,135520500,13:55:25,7220,40,2621,1439200,0,0,0
PF202,20220218,20220218,135521000,13:55:25,7220,40,2621,1439200,0,0,0
PF202,20220218,20220218,135524500,13:55:25,7220,40,2621,1439200,0,0,0
PF202,20220218,20220218,135525500,13:55:26,7220,40,2621,1439200,0,0,0
PF202,20220218,20220218,135526000,13:55:27,7220,40,2621,1439200,0,0,0
PF202,20220218,20220218,135528000,13:55:28,7220,40,2621,1439200,0,0,0
PF202,20220218,20220218,135533000,13:55:33,7220,40,2621,1439200,0,0,0
PF202,20220218,20220218,135533500,13:55:33,7220,40,2621,1439200,0,0,0
PF202,20220218,20220218,135534000,13:55:34,7220,40,2621,1439200,0,0,0
PF202,20220218,20220218,135535500,13:55:36,7220,40,2621,1439200,0,0,0
PF202,20220218,20220218,135536500,13:55:37,7220,40,2621,1439200,0,0,0
PF202,20220218,20220218,135538000,13:55:38,7220,40,2621,1439200,0,0,0
PF202,20220218,20220218,135538500,13:55:39,7220,40,2621,1439200,0,0,0
PF202,20220218,20220218,135542500,13:55:42,7220,40,2621,1439200,0,0,0
PF202,20220218,20220218,135543500,13:55:45,7220,40,2621,1439200,0,0,0
PF202,20220218,20220218,135544000,13:55:45,7220,40,2621,1439200,0,0,0
PF202,20220218,20220218,135549500,13:55:50,7220,40,2621,1439200,0,0,0
PF202,20220218,20220218,135604000,13:56:23,7220,40,2621,1439200,0,0,0
PF202,20220218,20220218,135618000,13:56:23,7220,40,2621,1439200,0,0,0
PF202,20220218,20220218,135622000,13:56:23,7220,40,2621,1439200,0,0,0
PF202,20220218,20220218,135626000,13:56:33,7220,40,2621,1439200,0,0,0
PF202,20220218,20220218,135631000,13:56:35,7220,40,2621,1439200,0,0,0
PF202,20220218,20220218,135634000,13:56:35,7220,40,2621,1439200,0,0,0
PF202,20220218,20220218,135634500,13:56:35,7220,40,2621,1439200,0,0,0
PF202,20220218,20220218,135635000,13:56:35,7220,40,2621,1439200,0,0,0
PF202,20220218,20220218,135639500,13:56:39,7220,40,2621,1439200,0,0,0
PF202,20220218,20220218,135643500,13:56:44,7220,40,2621,1439200,0,0,0
PF202,20220218,20220218,135644000,13:56:44,7220,40,2621,1439200,0,0,0
PF202,20220218,20220218,135647000,13:56:48,7220,40,2621,1439200,0,0,0
PF202,20220218,20220218,135648000,13:56:48,7220,40,2621,1439200,0,0,0
PF202,20220218,20220218,135648500,13:56:50,7220,40,2621,1439200,0,0,0
PF202,20220218,20220218,135657000,13:56:57,7220,40,2621,1439200,0,0,0
PF202,20220218,20220218,135700000,13:57:01,7220,40,2621,1439200,0,0,0
PF202,20220218,20220218,135700500,13:57:01,7220,40,2621,1439200,0,0,0
PF202,20220218,20220218,135701000,13:57:02,7220,40,2621,1439200,0,0,0
PF202,20220218,20220218,135701500,13:57:02,7220,40,2621,1439200,0,0,0
PF202,20220218,20220218,135704000,13:57:04,7220,40,2621,1439200,0,0,0
PF202,20220218,20220218,135706500,13:57:06,7220,40,2621,1439200,0,0,0
