RM205,20220218,20220218,112003000,11:20:05,3476,496527,542987,17333757570,496527,-13990,17333757570
RM205,20220218,20220218,112004500,11:20:09,3476,496534,542987,17334001940,7,0,244370
RM205,20220218,20220218,112005000,11:20:10,3476,496537,542985,17334106670,3,-2,104730
RM205,20220218,20220218,112006000,11:20:10,3476,496543,542982,17334316130,6,-3,209460
RM205,20220218,20220218,112006500,11:20:10,3475,496553,542986,17334665230,10,4,349100
RM205,20220218,20220218,112007000,11:20:10,3476,496556,542984,17334769960,3,-2,104730
RM205,20220218,20220218,112007500,11:20:10,3475,496558,542983,17334839780,2,-1,69820
RM205,20220218,20220218,112008000,11:20:10,3475,496558,542983,17334839780,0,0,0
RM205,20220218,20220218,112008500,11:20:10,3475,496561,542982,17334944510,3,-1,104730
RM205,20220218,20220218,112009000,11:20:10,3475,496563,542983,17335014330,2,1,69820
RM205,20220218,20220218,112009500,11:20:10,3476,496568,542982,17335188880,5,-1,174550
RM205,20220218,20220218,112010000,11:20:10,3476,496568,542982,17335188880,0,0,0
RM205,20220218,20220218,112010500,11:20:10,3476,496570,542982,17335258700,2,0,69820
RM205,20220218,20220218,112011000,11:20:11,3476,496570,542982,17335258700,0,0,0
RM205,20220218,20220218,112011500,11:20:12,3475,496579,542979,17335572890,9,-3,314190
RM205,20220218,20220218,112012000,11:20:12,3475,496587,542978,17335852170,8,-1,279280
RM205,20220218,20220218,112012500,11:20:12,3475,496598,542977,17336236180,11,-1,384010
RM205,20220218,20220218,112013000,11:20:13,3475,496600,542977,17336306000,2,0,69820
RM205,20220218,20220218,112013500,11:20:13,3475,496602,542975,17336375820,2,-2,69820
RM205,20220218,20220218,112014000,11:20:14,3475,496602,542975,17336375820,0,0,0
RM205,20220218,20220218,112014500,11:20:14,3475,496606,542972,17336515460,4,-3,139640
RM205,20220218,20220218,112015000,11:20:15,3475,496612,542972,17336724920,6,0,209460
RM205,20220218,20220218,112015500,11:20:16,3475,496628,542978,17337283480,16,6,558560
RM205,20220218,20220218,112016000,11:20:16,3475,496630,542978,17337353300,2,0,69820
RM205,20220218,20220218,112016500,11:20:16,3475,496631,542978,17337388210,1,0,34910
RM205,20220218,20220218,112017000,11:20:17,3475,496633,542978,17337458030,2,0,69820
RM205,20220218,20220218,112017500,11:20:17,3475,496636,542976,17337562760,3,-2,104730
RM205,20220218,20220218,112018000,11:20:18,3475,496639,542976,17337667490,3,0,104730
RM205,20220218,20220218,112018500,11:20:18,3475,496640,542975,17337702400,1,-1,34910
RM205,20220218,20220218,112019000,11:20:19,3475,496642,542975,17337772220,2,0,69820
RM205,20220218,20220218,112019500,11:20:20,3475,496646,542978,17337911860,4,3,139640
RM205,20220218,20220218,112020000,11:20:20,3475,496699,542988,17339762090,53,10,1850230
RM205,20220218,20220218,112020500,11:20:20,3475,496705,542985,17339971550,6,-3,209460
RM205,20220218,20220218,112021000,11:20:21,3474,496710,542981,17340146100,5,-4,174550
RM205,20220218,20220218,112021500,11:20:21,3474,496713,542981,17340250830,3,0,104730
RM205,20220218,20220218,112022000,11:20:22,3475,496718,542981,17340425380,5,0,174550
RM205,20220218,20220218,112022500,11:20:23,3474,496719,542981,17340460290,1,0,34910
RM205,20220218,20220218,112023000,11:20:23,3475,496720,542980,17340495200,1,-1,34910
RM205,20220218,20220218,112023500,11:20:23,3475,496720,542980,17340495200,0,0,0
RM205,20220218,20220218,112024000,11:20:24,3475,496722,542980,17340565020,2,0,69820
RM205,20220218,20220218,112024500,11:20:24,3474,496723,542980,17340599930,1,0,34910
RM205,20220218,20220218,112025000,11:20:25,3474,496723,542980,17340599930,0,0,0
RM205,20220218,20220218,112025500,11:20:26,3474,496773,542945,17342345430,50,-35,1745500
RM205,20220218,20220218,112026000,11:20:26,3474,496775,542945,17342415250,2,0,69820
RM205,20220218,20220218,112026500,11:20:26,3475,496777,542947,17342485070,2,2,69820
RM205,20220218,20220218,112027000,11:20:27,3474,496798,542951,17343218180,21,4,733110
RM205,20220218,20220218,112027500,11:20:28,3474,496802,542951,17343357820,4,0,139640
RM205,20220218,20220218,112028000,11:20:28,3474,496806,542953,17343497460,4,2,139640
RM205,20220218,20220218,112028500,11:20:28,3474,496806,542953,17343497460,0,0,0
RM205,20220218,20220218,112029000,11:20:29,3474,496806,542953,17343497460,0,0,0
RM205,20220218,20220218,112029500,11:20:30,3474,496806,542953,17343497460,0,0,0
RM205,20220218,20220218,112030000,11:20:31,3475,496807,542953,17343532370,1,0,34910
RM205,20220218,20220218,112030500,11:20:31,3474,496810,542955,17343637100,3,2,104730
RM205,20220218,20220218,112031000,11:20:32,3474,496811,542955,17343672010,1,0,34910
RM205,20220218,20220218,112031500,11:20:32,3475,496814,542955,17343776740,3,0,104730
RM205,20220218,20220218,112032500,11:20:32,3475,496814,542955,17343776740,0,0,0
RM205,20220218,20220218,112033000,11:20:33,3475,496814,542955,17343776740,0,0,0
RM205,20220218,20220218,112033500,11:20:33,3475,496814,542955,17343776740,0,0,0
RM205,20220218,20220218,112034000,11:20:34,3475,496814,542955,17343776740,0,0,0
RM205,20220218,20220218,112034500,11:20:34,3474,496817,542957,17343881470,3,2,104730
RM205,20220218,20220218,112035500,11:20:35,3474,496821,542957,17344021110,4,0,139640
RM205,20220218,20220218,112036000,11:20:36,3474,496823,542958,17344090930,2,1,69820
RM205,20220218,20220218,112036500,11:20:37,3474,496827,542960,17344230570,4,2,139640
RM205,20220218,20220218,112037000,11:20:37,3474,496827,542960,17344230570,0,0,0
RM205,20220218,20220218,112038000,11:20:38,3474,496828,542961,17344265480,1,1,34910
RM205,20220218,20220218,112038500,11:20:38,3474,496829,542961,17344300390,1,0,34910
RM205,20220218,20220218,112039000,11:20:39,3475,496832,542961,17344405120,3,0,104730
RM205,20220218,20220218,112039500,11:20:40,3474,496855,542982,17345208050,23,21,802930
RM205,20220218,20220218,112040000,11:20:40,3474,496856,542981,17345242960,1,-1,34910
RM205,20220218,20220218,112040500,11:20:41,3474,496860,542983,17345382600,4,2,139640
RM205,20220218,20220218,112041000,11:20:41,3474,496860,542983,17345382600,0,0,0
RM205,20220218,20220218,112041500,11:20:41,3474,496860,542983,17345382600,0,0,0
RM205,20220218,20220218,112042000,11:20:42,3474,496903,542998,17346883730,43,15,1501130
RM205,20220218,20220218,112042500,11:20:42,3474,496924,542977,17347616840,21,-21,733110
RM205,20220218,20220218,112043000,11:20:43,3474,496936,542973,17348035760,12,-4,418920
RM205,20220218,20220218,112043500,11:20:44,3474,496936,542973,17348035760,0,0,0
RM205,20220218,20220218,112044000,11:20:44,3474,496936,542973,17348035760,0,0,0
RM205,20220218,20220218,112044500,11:20:45,3474,496938,542973,17348105580,2,0,69820
RM205,20220218,20220218,112045000,11:20:45,3474,496943,542977,17348280130,5,4,174550
RM205,20220218,20220218,112045500,11:20:46,3474,496950,542980,17348524500,7,3,244370
RM205,20220218,20220218,112046500,11:20:46,3474,496950,542980,17348524500,0,0,0
RM205,20220218,20220218,112047000,11:20:47,3474,496955,542975,17348699050,5,-5,174550
RM205,20220218,20220218,112047500,11:20:48,3474,496961,542975,17348908510,6,0,209460
RM205,20220218,20220218,112048000,11:20:48,3474,496961,542975,17348908510,0,0,0
RM205,20220218,20220218,112048500,11:20:50,3474,496962,542974,17348943420,1,-1,34910
RM205,20220218,20220218,112049000,11:20:50,3473,496963,542975,17348978330,1,1,34910
RM205,20220218,20220218,112049500,11:20:50,3473,496970,542979,17349222700,7,4,244370
RM205,20220218,20220218,112050500,11:20:50,3474,496988,542996,17349851080,18,17,628380
RM205,20220218,20220218,112051000,11:20:51,3474,496995,542995,17350095450,7,-1,244370
RM205,20220218,20220218,112051500,11:20:51,3473,496996,542995,17350130360,1,0,34910
RM205,20220218,20220218,112052000,11:20:53,3473,496996,542995,17350130360,0,0,0
RM205,20220218,20220218,112052500,11:20:53,3473,496996,542995,17350130360,0,0,0
RM205,20220218,20220218,112053000,11:20:53,3473,496996,542995,17350130360,0,0,0
RM205,20220218,20220218,112053500,11:20:53,3473,496997,542996,17350165270,1,1,34910
RM205,20220218,20220218,112054000,11:20:54,3473,496998,542997,17350200180,1,1,34910
RM205,20220218,20220218,112054500,11:20:55,3474,496999,542997,17350235090,1,0,34910
RM205,20220218,20220218,112055000,11:20:55,3474,496999,542997,17350235090,0,0,0
RM205,20220218,20220218,112055500,11:20:56,3473,497002,542997,17350339820,3,0,104730
RM205,20220218,20220218,112056000,11:20:56,3473,497005,543000,17350444550,3,3,104730
RM205,20220218,20220218,112056500,11:20:56,3473,497006,543000,17350479460,1,0,34910
RM205,20220218,20220218,112057000,11:20:58,3473,497006,543000,17350479460,0,0,0
RM205,20220218,20220218,112057500,11:20:58,3473,497006,543000,17350479460,0,0,0
RM205,20220218,20220218,112058000,11:20:58,3473,497007,543001,17350514370,1,1,34910
RM205,20220218,20220218,112058500,11:20:59,3474,497013,543006,17350723830,6,5,209460
RM205,20220218,20220218,112059000,11:20:59,3474,497017,543008,17350863470,4,2,139640
RM205,20220218,20220218,112100000,11:21:00,3473,497018,543008,17350898380,1,0,34910
RM205,20220218,20220218,112100500,11:21:01,3473,497031,543000,17351352210,13,-8,453830
RM205,20220218,20220218,112101000,11:21:01,3473,497032,543000,17351387120,1,0,34910
RM205,20220218,20220218,112101500,11:21:02,3474,497033,543000,17351422030,1,0,34910
RM205,20220218,20220218,112102000,11:21:02,3474,497033,543000,17351422030,0,0,0
RM205,20220218,20220218,112102500,11:21:03,3474,497033,543000,17351422030,0,0,0
RM205,20220218,20220218,112103000,11:21:03,3473,497036,542999,17351526760,3,-1,104730
RM205,20220218,20220218,112103500,11:21:04,3474,497129,542975,17354773390,93,-24,3246630
RM205,20220218,20220218,112104000,11:21:04,3475,497130,542975,17354808300,1,0,34910
RM205,20220218,20220218,112104500,11:21:05,3475,497131,542975,17354843210,1,0,34910
RM205,20220218,20220218,112105000,11:21:05,3474,497132,542975,17354878120,1,0,34910
RM205,20220218,20220218,112105500,11:21:06,3474,497134,542975,17354947940,2,0,69820
RM205,20220218,20220218,112106000,11:21:07,3475,497135,542975,17354982850,1,0,34910
RM205,20220218,20220218,112106500,11:21:07,3475,497135,542975,17354982850,0,0,0
RM205,20220218,20220218,112107000,11:21:10,3475,497135,542975,17354982850,0,0,0
RM205,20220218,20220218,112107500,11:21:10,3475,497135,542975,17354982850,0,0,0
RM205,20220218,20220218,112108000,11:21:10,3474,497137,542975,17355052670,2,0,69820
RM205,20220218,20220218,112108500,11:21:10,3474,497138,542975,17355087580,1,0,34910
RM205,20220218,20220218,112109500,11:21:10,3474,497138,542975,17355087580,0,0,0
RM205,20220218,20220218,112110500,11:21:11,3475,497141,542975,17355192310,3,0,104730
RM205,20220218,20220218,112111000,11:21:11,3475,497141,542975,17355192310,0,0,0
RM205,20220218,20220218,112111500,11:21:12,3475,497141,542975,17355192310,0,0,0
RM205,20220218,20220218,112112500,11:21:13,3475,497142,542976,17355227220,1,1,34910
RM205,20220218,20220218,112113500,11:21:13,3475,497142,542976,17355227220,0,0,0
RM205,20220218,20220218,112114000,11:21:14,3475,497143,542977,17355262130,1,1,34910
RM205,20220218,20220218,112114500,11:21:14,3474,497145,542977,17355331950,2,0,69820
RM205,20220218,20220218,112115000,11:21:15,3474,497150,542982,17355506500,5,5,174550
RM205,20220218,20220218,112115500,11:21:15,3474,497150,542982,17355506500,0,0,0
RM205,20220218,20220218,112116000,11:21:16,3474,497150,542982,17355506500,0,0,0
RM205,20220218,20220218,112116500,11:21:17,3474,497150,542982,17355506500,0,0,0
RM205,20220218,20220218,112117000,11:21:17,3475,497155,542983,17355681050,5,1,174550
RM205,20220218,20220218,112117500,11:21:18,3474,497165,542988,17356030150,10,5,349100
RM205,20220218,20220218,112118000,11:21:18,3474,497165,542988,17356030150,0,0,0
RM205,20220218,20220218,112118500,11:21:18,3474,497165,542988,17356030150,0,0,0
RM205,20220218,20220218,112119000,11:21:19,3475,497166,542988,17356065060,1,0,34910
RM205,20220218,20220218,112119500,11:21:19,3476,497331,543047,17361825210,165,59,5760150
RM205,20220218,20220218,112120000,11:21:20,3476,497416,543022,17364792560,85,-25,2967350
RM205,20220218,20220218,112120500,11:21:21,3476,497435,543028,17365455850,19,6,663290
RM205,20220218,20220218,112121000,11:21:22,3476,497435,543028,17365455850,0,0,0
RM205,20220218,20220218,112122000,11:21:22,3477,497456,543020,17366188960,21,-8,733110
RM205,20220218,20220218,112122500,11:21:22,3477,497457,543020,17366223870,1,0,34910
RM205,20220218,20220218,112123000,11:21:23,3477,497465,543027,17366503150,8,7,279280
RM205,20220218,20220218,112123500,11:21:23,3476,497471,543033,17366712610,6,6,209460
RM205,20220218,20220218,112124000,11:21:24,3476,497473,543034,17366782430,2,1,69820
RM205,20220218,20220218,112124500,11:21:25,3477,497475,543035,17366852250,2,1,69820
RM205,20220218,20220218,112125000,11:22:29,3476,497482,543034,17367096620,7,-1,244370
RM205,20220218,20220218,112125500,11:23:32,3476,497483,543034,17367131530,1,0,34910
RM205,20220218,20220218,112126000,11:23:33,3477,497485,543034,17367201350,2,0,69820
RM205,20220218,20220218,112332500,11:23:33,3477,499073,542979,17422638430,1588,-55,55437080
RM205,20220218,20220218,112333000,11:23:33,3477,499074,542980,17422673340,1,1,34910
RM205,20220218,20220218,112334000,11:23:34,3478,499076,542981,17422743160,2,1,69820
RM205,20220218,20220218,112334500,11:23:34,3477,499078,542983,17422812980,2,2,69820
RM205,20220218,20220218,112335500,11:23:35,3478,499080,542985,17422882800,2,2,69820
RM205,20220218,20220218,112336000,11:23:36,3478,499081,542985,17422917710,1,0,34910
RM205,20220218,20220218,112337000,11:23:38,3477,499082,542986,17422952620,1,1,34910
RM205,20220218,20220218,112337500,11:23:38,3478,499088,542988,17423162080,6,2,209460
RM205,20220218,20220218,112338000,11:23:38,3477,499180,542974,17426373800,92,-14,3211720
RM205,20220218,20220218,112339000,11:23:39,3478,499181,542974,17426408710,1,0,34910
RM205,20220218,20220218,112339500,11:23:39,3477,499182,542974,17426443620,1,0,34910
RM205,20220218,20220218,112340000,11:23:40,3478,499279,543026,17429829890,97,52,3386270
RM205,20220218,20220218,112341000,11:23:41,3478,499280,543025,17429864800,1,-1,34910
RM205,20220218,20220218,112341500,11:23:42,3478,499298,543018,17430493180,18,-7,628380
RM205,20220218,20220218,112342000,11:23:42,3478,499300,543017,17430563000,2,-1,69820
RM205,20220218,20220218,112342500,11:23:42,3478,499309,543018,17430877190,9,1,314190
RM205,20220218,20220218,112343500,11:23:43,3478,499339,543012,17431924490,30,-6,1047300
RM205,20220218,20220218,112344000,11:23:48,3478,499343,543016,17432064130,4,4,139640
RM205,20220218,20220218,112344500,11:23:48,3478,499346,543017,17432168860,3,1,104730
RM205,20220218,20220218,112345000,11:23:48,3478,499350,543019,17432308500,4,2,139640
RM205,20220218,20220218,112345500,11:23:48,3478,499350,543019,17432308500,0,0,0
RM205,20220218,20220218,112347500,11:23:48,3478,499368,543028,17432936880,18,9,628380
RM205,20220218,20220218,112348500,11:23:49,3478,499370,543027,17433006700,2,-1,69820
RM205,20220218,20220218,112349000,11:23:49,3478,499373,543028,17433111430,3,1,104730
RM205,20220218,20220218,112349500,11:23:50,3478,499394,543045,17433844540,21,17,733110
RM205,20220218,20220218,112350000,11:23:50,3479,499425,543042,17434926750,31,-3,1082210
RM205,20220218,20220218,112350500,11:23:50,3479,499461,543048,17436183510,36,6,1256760
RM205,20220218,20220218,112351500,11:23:51,3478,499479,543049,17436811890,18,1,628380
RM205,20220218,20220218,112352500,11:23:52,3479,499483,543049,17436951530,4,0,139640
RM205,20220218,20220218,112353000,11:23:53,3479,499496,543058,17437405360,13,9,453830
RM205,20220218,20220218,112353500,11:23:53,3478,499502,543060,17437614820,6,2,209460
RM205,20220218,20220218,112354500,11:23:55,3479,499511,543063,17437929010,9,3,314190
RM205,20220218,20220218,112355000,11:23:55,3479,499526,543078,17438452660,15,15,523650
RM205,20220218,20220218,112356000,11:23:56,3479,499532,543083,17438662120,6,5,209460
RM205,20220218,20220218,112356500,11:23:56,3479,499543,543093,17439046130,11,10,384010
RM205,20220218,20220218,112357000,11:23:57,3479,499610,543158,17441385100,67,65,2338970
RM205,20220218,20220218,112358000,11:23:58,3478,499638,543180,17442362580,28,22,977480
RM205,20220218,20220218,112358500,11:23:58,3478,499664,543175,17443270240,26,-5,907660
RM205,20220218,20220218,112359000,11:23:59,3479,499666,543175,17443340060,2,0,69820
RM205,20220218,20220218,112359500,11:23:59,3479,499669,543176,17443444790,3,1,104730
RM205,20220218,20220218,112400000,11:24:00,3479,499676,543174,17443689160,7,-2,244370
RM205,20220218,20220218,112400500,11:24:00,3478,499681,543175,17443863710,5,1,174550
RM205,20220218,20220218,112401500,11:24:01,3478,499682,543175,17443898620,1,0,34910
RM205,20220218,20220218,112402000,11:24:02,3478,499729,543171,17445539390,47,-4,1640770
RM205,20220218,20220218,112403000,11:24:03,3478,499746,543173,17446132860,17,2,593470
RM205,20220218,20220218,112403500,11:24:04,3478,499857,543095,17450007870,111,-78,3875010
RM205,20220218,20220218,112404000,11:24:04,3477,499859,543095,17450077690,2,0,69820
RM205,20220218,20220218,112405000,11:24:05,3477,499978,543065,17454231980,119,-30,4154290
RM205,20220218,20220218,112405500,11:24:05,3477,499979,543065,17454266890,1,0,34910
RM205,20220218,20220218,112406000,11:24:06,3477,499980,543065,17454301800,1,0,34910
RM205,20220218,20220218,112406500,11:24:06,3477,499995,543066,17454825450,15,1,523650
RM205,20220218,20220218,112407000,11:24:07,3477,500002,543060,17455069820,7,-6,244370
RM205,20220218,20220218,112407500,11:24:08,3476,500009,543058,17455314190,7,-2,244370
RM205,20220218,20220218,112408000,11:24:08,3476,500010,543058,17455349100,1,0,34910
RM205,20220218,20220218,112409000,11:24:11,3477,500011,543057,17455384010,1,-1,34910
RM205,20220218,20220218,112409500,11:24:11,3477,500013,543057,17455453830,2,0,69820
RM205,20220218,20220218,112410000,11:24:12,3477,500020,543053,17455698200,7,-4,244370
RM205,20220218,20220218,112411500,11:24:12,3477,500029,543055,17456012390,9,2,314190
RM205,20220218,20220218,112412500,11:24:13,3477,500070,543017,17457443700,41,-38,1431310
RM205,20220218,20220218,112413000,11:24:13,3477,500070,543017,17457443700,0,0,0
RM205,20220218,20220218,112413500,11:24:14,3477,500070,543017,17457443700,0,0,0
RM205,20220218,20220218,112414500,11:24:14,3477,500071,543017,17457478610,1,0,34910
RM205,20220218,20220218,112415000,11:24:15,3478,500088,543016,17458072080,17,-1,593470
RM205,20220218,20220218,112415500,11:24:15,3477,500093,543017,17458246630,5,1,174550
RM205,20220218,20220218,112416500,11:24:17,3478,500159,543066,17460550690,66,49,2304060
RM205,20220218,20220218,112417000,11:24:17,3479,500224,543101,17462819840,65,35,2269150
RM205,20220218,20220218,112417500,11:24:18,3478,500239,543104,17463343490,15,3,523650
RM205,20220218,20220218,112418000,11:24:18,3478,500240,543105,17463378400,1,1,34910
RM205,20220218,20220218,112418500,11:24:19,3479,500241,543105,17463413310,1,0,34910
RM205,20220218,20220218,112419000,11:24:19,3478,500242,543106,17463448220,1,1,34910
RM205,20220218,20220218,112419500,11:24:19,3479,500244,543105,17463518040,2,-1,69820
RM205,20220218,20220218,112420000,11:24:20,3478,500247,543106,17463622770,3,1,104730
RM205,20220218,20220218,112420500,11:24:20,3478,500247,543106,17463622770,0,0,0
RM205,20220218,20220218,112421000,11:24:21,3478,500263,543108,17464181330,16,2,558560
RM205,20220218,20220218,112421500,11:24:22,3478,500268,543106,17464355880,5,-2,174550
RM205,20220218,20220218,112422000,11:24:22,3479,500269,543106,17464390790,1,0,34910
RM205,20220218,20220218,112422500,11:24:23,3479,500272,543106,17464495520,3,0,104730
RM205,20220218,20220218,112423000,11:24:23,3479,500272,543106,17464495520,0,0,0
RM205,20220218,20220218,112423500,11:24:24,3479,500293,543102,17465228630,21,-4,733110
RM205,20220218,20220218,112424000,11:24:24,3478,500304,543095,17465612640,11,-7,384010
RM205,20220218,20220218,112424500,11:24:24,3478,500305,543094,17465647550,1,-1,34910
RM205,20220218,20220218,112425000,11:24:25,3478,500309,543090,17465787190,4,-4,139640
RM205,20220218,20220218,112425500,11:24:25,3479,500312,543088,17465891920,3,-2,104730
RM205,20220218,20220218,112426000,11:24:26,3479,500314,543089,17465961740,2,1,69820
RM205,20220218,20220218,112426500,11:24:26,3479,500318,543089,17466101380,4,0,139640
RM205,20220218,20220218,112427000,11:24:27,3479,500322,543088,17466241020,4,-1,139640
RM205,20220218,20220218,112427500,11:24:28,3478,500412,543094,17469382920,90,6,3141900
RM205,20220218,20220218,112428000,11:24:28,3478,500418,543096,17469592380,6,2,209460
RM205,20220218,20220218,112428500,11:24:28,3478,500419,543096,17469627290,1,0,34910
RM205,20220218,20220218,112429000,11:24:29,3478,500420,543096,17469662200,1,0,34910
RM205,20220218,20220218,112429500,11:24:29,3478,500425,543095,17469836750,5,-1,174550
RM205,20220218,20220218,112430000,11:24:30,3478,500435,543102,17470185850,10,7,349100
RM205,20220218,20220218,112430500,11:24:30,3478,500438,543102,17470290580,3,0,104730
RM205,20220218,20220218,112431000,11:24:31,3478,500439,543103,17470325490,1,1,34910
RM205,20220218,20220218,112431500,11:24:31,3478,500441,543103,17470395310,2,0,69820
RM205,20220218,20220218,112432000,11:24:32,3478,500451,543099,17470744410,10,-4,349100
RM205,20220218,20220218,112432500,11:24:32,3478,500451,543099,17470744410,0,0,0
RM205,20220218,20220218,112433000,11:24:33,3477,500454,543096,17470849140,3,-3,104730
RM205,20220218,20220218,112433500,11:24:33,3478,500458,543093,17470988780,4,-3,139640
RM205,20220218,20220218,112434000,11:24:34,3477,500461,543093,17471093510,3,0,104730
RM205,20220218,20220218,112434500,11:24:34,3477,500461,543093,17471093510,0,0,0
RM205,20220218,20220218,112435000,11:24:35,3477,500464,543093,17471198240,3,0,104730
RM205,20220218,20220218,112435500,11:24:35,3478,500465,543094,17471233150,1,1,34910
RM205,20220218,20220218,112436000,11:24:36,3478,500465,543094,17471233150,0,0,0
RM205,20220218,20220218,112436500,11:24:36,3477,500466,543093,17471268060,1,-1,34910
RM205,20220218,20220218,112437000,11:24:37,3478,500479,543094,17471721890,13,1,453830
RM205,20220218,20220218,112437500,11:24:37,3477,500481,543093,17471791710,2,-1,69820
RM205,20220218,20220218,112438000,11:24:39,3477,500482,543092,17471826620,1,-1,34910
RM205,20220218,20220218,112438500,11:24:39,3477,500483,543092,17471861530,1,0,34910
RM205,20220218,20220218,112439000,11:24:40,3478,500487,543095,17472001170,4,3,139640
RM205,20220218,20220218,112439500,11:24:40,3478,500489,543095,17472070990,2,0,69820
RM205,20220218,20220218,112440000,11:24:40,3477,500491,543095,17472140810,2,0,69820
RM205,20220218,20220218,112440500,11:24:40,3477,500491,543095,17472140810,0,0,0
RM205,20220218,20220218,112441000,11:24:41,3478,500493,543095,17472210630,2,0,69820
RM205,20220218,20220218,112441500,11:24:41,3478,500545,543111,17474025950,52,16,1815320
RM205,20220218,20220218,112442000,11:24:42,3478,500546,543110,17474060860,1,-1,34910
RM205,20220218,20220218,112442500,11:24:42,3478,500546,543110,17474060860,0,0,0
RM205,20220218,20220218,112443000,11:24:43,3478,500550,543111,17474200500,4,1,139640
RM205,20220218,20220218,112443500,11:24:43,3479,500551,543111,17474235410,1,0,34910
RM205,20220218,20220218,112444000,11:24:44,3479,500556,543114,17474409960,5,3,174550
RM205,20220218,20220218,112444500,11:24:44,3478,500559,543112,17474514690,3,-2,104730
RM205,20220218,20220218,112445000,11:24:45,3478,500569,543105,17474863790,10,-7,349100
RM205,20220218,20220218,112445500,11:24:45,3478,500571,543105,17474933610,2,0,69820
RM205,20220218,20220218,112446000,11:24:46,3478,500572,543104,17474968520,1,-1,34910
RM205,20220218,20220218,112446500,11:24:46,3478,500574,543103,17475038340,2,-1,69820
RM205,20220218,20220218,112447000,11:24:47,3478,500584,543109,17475387440,10,6,349100
RM205,20220218,20220218,112448000,11:24:48,3479,500590,543111,17475596900,6,2,209460
RM205,20220218,20220218,112448500,11:24:48,3479,500591,543110,17475631810,1,-1,34910
RM205,20220218,20220218,112449000,11:24:49,3478,500592,543110,17475666720,1,0,34910
RM205,20220218,20220218,112449500,11:24:49,3478,500594,543110,17475736540,2,0,69820
RM205,20220218,20220218,112450000,11:24:50,3478,500595,543110,17475771450,1,0,34910
RM205,20220218,20220218,112450500,11:24:50,3479,500599,543113,17475911090,4,3,139640
RM205,20220218,20220218,112451000,11:24:51,3479,500602,543113,17476015820,3,0,104730
RM205,20220218,20220218,112451500,11:24:51,3479,500602,543113,17476015820,0,0,0
RM205,20220218,20220218,112452000,11:24:52,3479,500604,543112,17476085640,2,-1,69820
RM205,20220218,20220218,112452500,11:24:52,3479,500605,543112,17476120550,1,0,34910
RM205,20220218,20220218,112453000,11:24:53,3478,500606,543111,17476155460,1,-1,34910
RM205,20220218,20220218,112453500,11:24:53,3478,500609,543111,17476260190,3,0,104730
RM205,20220218,20220218,112454000,11:24:54,3478,500609,543111,17476260190,0,0,0
RM205,20220218,20220218,112454500,11:24:54,3479,500612,543109,17476364920,3,-2,104730
RM205,20220218,20220218,112455000,11:24:55,3478,500617,543109,17476539470,5,0,174550
RM205,20220218,20220218,112455500,11:24:56,3479,500621,543109,17476679110,4,0,139640
RM205,20220218,20220218,112456000,11:24:56,3478,500622,543110,17476714020,1,1,34910
RM205,20220218,20220218,112456500,11:24:56,3478,500625,543112,17476818750,3,2,104730
RM205,20220218,20220218,112457000,11:24:57,3478,500628,543113,17476923480,3,1,104730
RM205,20220218,20220218,112457500,11:24:57,3478,500629,543114,17476958390,1,1,34910
RM205,20220218,20220218,112458000,11:24:58,3479,500637,543116,17477237670,8,2,279280
RM205,20220218,20220218,112458500,11:24:58,3478,500638,543117,17477272580,1,1,34910
RM205,20220218,20220218,112459000,11:24:59,3478,500640,543116,17477342400,2,-1,69820
RM205,20220218,20220218,112459500,11:24:59,3478,500640,543116,17477342400,0,0,0
RM205,20220218,20220218,112500000,11:25:00,3479,500641,543116,17477377310,1,0,34910
RM205,20220218,20220218,112500500,11:25:01,3480,500876,543179,17485581160,235,63,8203850
RM205,20220218,20220218,112501000,11:25:02,3481,501400,543036,17503874000,524,-143,18292840
RM205,20220218,20220218,112501500,11:25:03,3481,501536,542948,17508621760,136,-88,4747760
RM205,20220218,20220218,112502000,11:25:05,3480,501585,542926,17510332350,49,-22,1710590
RM205,20220218,20220218,112502500,11:25:06,3480,501635,542903,17512077850,50,-23,1745500
RM205,20220218,20220218,112504500,11:25:06,3478,501806,542877,17518047460,171,-26,5969610
RM205,20220218,20220218,112505500,11:25:06,3478,501984,542849,17524261440,178,-28,6213980
RM205,20220218,20220218,112506000,11:25:07,3478,502047,542808,17526460770,63,-41,2199330
RM205,20220218,20220218,112506500,11:25:07,3479,502081,542796,17527647710,34,-12,1186940
RM205,20220218,20220218,112507000,11:25:07,3478,502093,542796,17528066630,12,0,418920
RM205,20220218,20220218,112507500,11:25:07,3479,502108,542785,17528590280,15,-11,523650
RM205,20220218,20220218,112508000,11:25:08,3478,502122,542782,17529079020,14,-3,488740
RM205,20220218,20220218,112508500,11:25:08,3477,502148,542769,17529986680,26,-13,907660
RM205,20220218,20220218,112509000,11:25:09,3478,502151,542769,17530091410,3,0,104730
RM205,20220218,20220218,112509500,11:25:09,3478,502193,542733,17531557630,42,-36,1466220
RM205,20220218,20220218,112510000,11:25:10,3478,502198,542730,17531732180,5,-3,174550
RM205,20220218,20220218,112510500,11:25:10,3479,502205,542729,17531976550,7,-1,244370
RM205,20220218,20220218,112511000,11:25:11,3479,502205,542729,17531976550,0,0,0
RM205,20220218,20220218,112511500,11:25:11,3478,502215,542735,17532325650,10,6,349100
RM205,20220218,20220218,112512000,11:25:12,3478,502223,542729,17532604930,8,-6,279280
RM205,20220218,20220218,112512500,11:25:12,3479,502280,542696,17534594800,57,-33,1989870
RM205,20220218,20220218,112513000,11:25:13,3478,502455,542790,17540704050,175,94,6109250
RM205,20220218,20220218,112513500,11:25:15,3477,502462,542791,17540948420,7,1,244370
RM205,20220218,20220218,112514000,11:25:15,3477,502465,542793,17541053150,3,2,104730
RM205,20220218,20220218,112514500,11:25:15,3477,502474,542791,17541367340,9,-2,314190
RM205,20220218,20220218,112515000,11:25:16,3477,502504,542790,17542414640,30,-1,1047300
RM205,20220218,20220218,112515500,11:25:16,3477,502514,542790,17542763740,10,0,349100
RM205,20220218,20220218,112516000,11:25:16,3477,502587,542726,17545312170,73,-64,2548430
RM205,20220218,20220218,112516500,11:25:16,3477,502599,542717,17545731090,12,-9,418920
RM205,20220218,20220218,112517000,11:25:17,3478,502612,542715,17546184920,13,-2,453830
RM205,20220218,20220218,112517500,11:25:18,3478,502612,542715,17546184920,0,0,0
RM205,20220218,20220218,112518000,11:25:18,3477,502613,542714,17546219830,1,-1,34910
RM205,20220218,20220218,112518500,11:25:19,3478,502614,542714,17546254740,1,0,34910
RM205,20220218,20220218,112519000,11:25:19,3478,502632,542711,17546883120,18,-3,628380
RM205,20220218,20220218,112519500,11:25:19,3478,502639,542711,17547127490,7,0,244370
RM205,20220218,20220218,112520000,11:25:20,3478,502639,542711,17547127490,0,0,0
RM205,20220218,20220218,112520500,11:25:21,3477,502640,542710,17547162400,1,-1,34910
RM205,20220218,20220218,112521000,11:25:21,3477,502641,542709,17547197310,1,-1,34910
RM205,20220218,20220218,112521500,11:25:22,3477,502646,542709,17547371860,5,0,174550
RM205,20220218,20220218,112522000,11:25:22,3477,502646,542709,17547371860,0,0,0
RM205,20220218,20220218,112522500,11:25:22,3477,502651,542709,17547546410,5,0,174550
RM205,20220218,20220218,112523000,11:25:23,3477,502656,542705,17547720960,5,-4,174550
RM205,20220218,20220218,112523500,11:25:24,3477,502656,542705,17547720960,0,0,0
RM205,20220218,20220218,112524000,11:25:25,3478,502713,542661,17549710830,57,-44,1989870
RM205,20220218,20220218,112524500,11:25:25,3478,502725,542660,17550129750,12,-1,418920
RM205,20220218,20220218,112525000,11:25:25,3478,502734,542663,17550443940,9,3,314190
RM205,20220218,20220218,112525500,11:25:26,3478,502734,542663,17550443940,0,0,0
RM205,20220218,20220218,112526000,11:25:26,3479,502737,542663,17550548670,3,0,104730
RM205,20220218,20220218,112526500,11:25:27,3479,502737,542663,17550548670,0,0,0
RM205,20220218,20220218,112527000,11:25:27,3478,502741,542663,17550688310,4,0,139640
RM205,20220218,20220218,112527500,11:25:28,3478,502742,542663,17550723220,1,0,34910
RM205,20220218,20220218,112528000,11:25:28,3478,502742,542663,17550723220,0,0,0
RM205,20220218,20220218,112528500,11:25:28,3479,502747,542662,17550897770,5,-1,174550
RM205,20220218,20220218,112529500,11:25:30,3478,502750,542662,17551002500,3,0,104730
RM205,20220218,20220218,112530000,11:25:30,3479,502789,542687,17552363990,39,25,1361490
RM205,20220218,20220218,112530500,11:25:31,3479,502791,542688,17552433810,2,1,69820
RM205,20220218,20220218,112531000,11:25:31,3479,502942,542579,17557705220,151,-109,5271410
RM205,20220218,20220218,112531500,11:25:32,3478,502949,542572,17557949590,7,-7,244370
RM205,20220218,20220218,112532000,11:25:32,3478,502955,542570,17558159050,6,-2,209460
RM205,20220218,20220218,112532500,11:25:33,3478,502960,542570,17558333600,5,0,174550
RM205,20220218,20220218,112533000,11:25:33,3478,502968,542568,17558612880,8,-2,279280
RM205,20220218,20220218,112533500,11:25:33,3478,502968,542568,17558612880,0,0,0
RM205,20220218,20220218,112534000,11:25:34,3478,502968,542568,17558612880,0,0,0
RM205,20220218,20220218,112534500,11:25:35,3478,502973,542566,17558787430,5,-2,174550
RM205,20220218,20220218,112535000,11:25:36,3478,502978,542564,17558961980,5,-2,174550
RM205,20220218,20220218,112535500,11:25:37,3478,502979,542563,17558996890,1,-1,34910
RM205,20220218,20220218,112536000,11:25:37,3478,502985,542561,17559206350,6,-2,209460
RM205,20220218,20220218,112536500,11:25:37,3478,502987,542560,17559276170,2,-1,69820
RM205,20220218,20220218,112537000,11:25:38,3478,502989,542559,17559345990,2,-1,69820
RM205,20220218,20220218,112537500,11:25:38,3479,502995,542561,17559555450,6,2,209460
RM205,20220218,20220218,112538000,11:25:38,3478,502998,542561,17559660180,3,0,104730
RM205,20220218,20220218,112538500,11:25:39,3478,503000,542561,17559730000,2,0,69820
RM205,20220218,20220218,112539000,11:25:39,3478,503009,542564,17560044190,9,3,314190
RM205,20220218,20220218,112539500,11:25:40,3478,503011,542564,17560114010,2,0,69820
RM205,20220218,20220218,112540000,11:25:40,3479,503013,542564,17560183830,2,0,69820
RM205,20220218,20220218,112540500,11:25:40,3479,503013,542564,17560183830,0,0,0
RM205,20220218,20220218,112541000,11:25:41,3478,503014,542565,17560218740,1,1,34910
RM205,20220218,20220218,112541500,11:25:41,3479,503015,542565,17560253650,1,0,34910
RM205,20220218,20220218,112542000,11:25:42,3479,503015,542565,17560253650,0,0,0
RM205,20220218,20220218,112542500,11:25:42,3479,503017,542566,17560323470,2,1,69820
RM205,20220218,20220218,112543500,11:25:43,3479,503017,542566,17560323470,0,0,0
RM205,20220218,20220218,112544000,11:25:44,3479,503019,542567,17560393290,2,1,69820
RM205,20220218,20220218,112544500,11:25:44,3479,503019,542567,17560393290,0,0,0
RM205,20220218,20220218,112545000,11:25:45,3479,503020,542568,17560428200,1,1,34910
RM205,20220218,20220218,112545500,11:25:46,3478,503024,542570,17560567840,4,2,139640
RM205,20220218,20220218,112546000,11:25:47,3479,503033,542576,17560882030,9,6,314190
RM205,20220218,20220218,112546500,11:25:48,3479,503036,542577,17560986760,3,1,104730
RM205,20220218,20220218,112547000,11:25:48,3479,503039,542578,17561091490,3,1,104730
RM205,20220218,20220218,112547500,11:25:48,3479,503039,542578,17561091490,0,0,0
RM205,20220218,20220218,112548000,11:25:48,3479,503071,542589,17562208610,32,11,1117120
RM205,20220218,20220218,112548500,11:25:48,3478,503078,542585,17562452980,7,-4,244370
RM205,20220218,20220218,112549000,11:25:49,3478,503082,542585,17562592620,4,0,139640
RM205,20220218,20220218,112549500,11:25:49,3478,503086,542585,17562732260,4,0,139640
RM205,20220218,20220218,112550000,11:25:50,3478,503086,542585,17562732260,0,0,0
RM205,20220218,20220218,112550500,11:25:51,3478,503086,542585,17562732260,0,0,0
RM205,20220218,20220218,112551500,11:25:51,3478,503086,542585,17562732260,0,0,0
RM205,20220218,20220218,112552000,11:25:52,3479,503096,542587,17563081360,10,2,349100
RM205,20220218,20220218,112552500,11:25:52,3478,503097,542587,17563116270,1,0,34910
RM205,20220218,20220218,112553000,11:25:53,3478,503097,542587,17563116270,0,0,0
RM205,20220218,20220218,112553500,11:25:54,3478,503111,542587,17563605010,14,0,488740
RM205,20220218,20220218,112554000,11:25:54,3479,503117,542584,17563814470,6,-3,209460
RM205,20220218,20220218,112554500,11:25:55,3479,503117,542584,17563814470,0,0,0
RM205,20220218,20220218,112555000,11:25:55,3478,503137,542575,17564512670,20,-9,698200
RM205,20220218,20220218,112555500,11:25:56,3478,503162,542574,17565385420,25,-1,872750
RM205,20220218,20220218,112556000,11:25:57,3478,503166,542571,17565525060,4,-3,139640
RM205,20220218,20220218,112556500,11:25:57,3479,503208,542583,17566991280,42,12,1466220
RM205,20220218,20220218,112557000,11:25:57,3478,503211,542583,17567096010,3,0,104730
RM205,20220218,20220218,112557500,11:25:57,3477,503214,542581,17567200740,3,-2,104730
RM205,20220218,20220218,112558000,11:25:59,3477,503214,542581,17567200740,0,0,0
RM205,20220218,20220218,112558500,11:25:59,3478,503216,542580,17567270560,2,-1,69820
RM205,20220218,20220218,112559000,11:26:00,3478,503227,542578,17567654570,11,-2,384010
RM205,20220218,20220218,112559500,11:26:00,3477,503228,542578,17567689480,1,0,34910
RM205,20220218,20220218,112600000,11:26:00,3478,503229,542577,17567724390,1,-1,34910
RM205,20220218,20220218,112600500,11:26:01,3478,503233,542575,17567864030,4,-2,139640
RM205,20220218,20220218,112601000,11:26:01,3478,503237,542574,17568003670,4,-1,139640
RM205,20220218,20220218,112601500,11:26:01,3477,503238,542574,17568038580,1,0,34910
RM205,20220218,20220218,112602000,11:26:03,3477,503239,542573,17568073490,1,-1,34910
RM205,20220218,20220218,112602500,11:26:03,3478,503240,542574,17568108400,1,1,34910
RM205,20220218,20220218,112603000,11:26:03,3478,503241,542574,17568143310,1,0,34910
RM205,20220218,20220218,112603500,11:26:04,3477,503243,542572,17568213130,2,-2,69820
RM205,20220218,20220218,112604000,11:26:05,3478,503246,542572,17568317860,3,0,104730
RM205,20220218,20220218,112604500,11:26:05,3478,503248,542574,17568387680,2,2,69820
RM205,20220218,20220218,112605500,11:26:06,3478,503248,542574,17568387680,0,0,0
RM205,20220218,20220218,112606000,11:26:06,3478,503248,542574,17568387680,0,0,0
RM205,20220218,20220218,112606500,11:26:07,3478,503251,542574,17568492410,3,0,104730
RM205,20220218,20220218,112607000,11:26:09,3478,503252,542574,17568527320,1,0,34910
RM205,20220218,20220218,112607500,11:26:09,3477,503256,542572,17568666960,4,-2,139640
RM205,20220218,20220218,112608000,11:26:09,3477,503260,542572,17568806600,4,0,139640
RM205,20220218,20220218,112609000,11:26:09,3477,503260,542572,17568806600,0,0,0
RM205,20220218,20220218,112609500,11:26:10,3477,503260,542572,17568806600,0,0,0
RM205,20220218,20220218,112610000,11:26:10,3477,503262,542571,17568876420,2,-1,69820
RM205,20220218,20220218,112610500,11:26:10,3478,503266,542572,17569016060,4,1,139640
RM205,20220218,20220218,112611000,11:26:11,3478,503266,542572,17569016060,0,0,0
RM205,20220218,20220218,112612000,11:26:14,3478,503266,542572,17569016060,0,0,0
RM205,20220218,20220218,112612500,11:26:14,3478,503270,542576,17569155700,4,4,139640
RM205,20220218,20220218,112613000,11:26:15,3478,503270,542576,17569155700,0,0,0
RM205,20220218,20220218,112614000,11:26:15,3478,503270,542576,17569155700,0,0,0
RM205,20220218,20220218,112614500,11:26:15,3478,503270,542576,17569155700,0,0,0
RM205,20220218,20220218,112615000,11:26:16,3478,503273,542578,17569260430,3,2,104730
RM205,20220218,20220218,112615500,11:26:16,3477,503274,542577,17569295340,1,-1,34910
RM205,20220218,20220218,112616000,11:26:16,3477,503276,542578,17569365160,2,1,69820
RM205,20220218,20220218,112616500,11:26:17,3477,503276,542578,17569365160,0,0,0
RM205,20220218,20220218,112617000,11:26:17,3478,503277,542579,17569400070,1,1,34910
RM205,20220218,20220218,112617500,11:26:17,3478,503277,542579,17569400070,0,0,0
RM205,20220218,20220218,112618000,11:26:18,3478,503279,542579,17569469890,2,0,69820
RM205,20220218,20220218,112618500,11:26:18,3478,503279,542579,17569469890,0,0,0
RM205,20220218,20220218,112619000,11:26:19,3477,503280,542578,17569504800,1,-1,34910
RM205,20220218,20220218,112619500,11:26:20,3477,503282,542579,17569574620,2,1,69820
RM205,20220218,20220218,112620000,11:26:20,3477,503282,542579,17569574620,0,0,0
RM205,20220218,20220218,112620500,11:26:20,3477,503282,542579,17569574620,0,0,0
RM205,20220218,20220218,112621000,11:26:21,3477,503283,542579,17569609530,1,0,34910
RM205,20220218,20220218,112621500,11:26:21,3477,503286,542577,17569714260,3,-2,104730
RM205,20220218,20220218,112622000,11:26:22,3477,503286,542577,17569714260,0,0,0
RM205,20220218,20220218,112622500,11:26:23,3478,503288,542578,17569784080,2,1,69820
RM205,20220218,20220218,112623000,11:26:23,3477,503289,542578,17569818990,1,0,34910
RM205,20220218,20220218,112623500,11:26:23,3477,503291,542576,17569888810,2,-2,69820
RM205,20220218,20220218,112624000,11:26:24,3477,503291,542576,17569888810,0,0,0
RM205,20220218,20220218,112624500,11:26:24,3477,503295,542575,17570028450,4,-1,139640
RM205,20220218,20220218,112625000,11:26:25,3477,503295,542575,17570028450,0,0,0
RM205,20220218,20220218,112625500,11:26:25,3477,503296,542574,17570063360,1,-1,34910
RM205,20220218,20220218,112626000,11:26:26,3478,503299,542574,17570168090,3,0,104730
RM205,20220218,20220218,112626500,11:26:26,3478,503300,542574,17570203000,1,0,34910
RM205,20220218,20220218,112627000,11:26:27,3478,503305,542579,17570377550,5,5,174550
RM205,20220218,20220218,112627500,11:26:27,3478,503305,542579,17570377550,0,0,0
RM205,20220218,20220218,112628000,11:26:28,3477,503317,542568,17570796470,12,-11,418920
RM205,20220218,20220218,112628500,11:26:28,3477,503337,542565,17571494670,20,-3,698200
RM205,20220218,20220218,112629000,11:26:29,3478,503340,542564,17571599400,3,-1,104730
RM205,20220218,20220218,112629500,11:26:30,3478,503340,542564,17571599400,0,0,0
RM205,20220218,20220218,112630000,11:26:31,3477,503350,542559,17571948500,10,-5,349100
RM205,20220218,20220218,112630500,11:26:31,3478,503352,542561,17572018320,2,2,69820
RM205,20220218,20220218,112631000,11:26:31,3477,503393,542577,17573449630,41,16,1431310
RM205,20220218,20220218,112631500,11:26:32,3477,503394,542576,17573484540,1,-1,34910
RM205,20220218,20220218,112632000,11:26:32,3477,503394,542576,17573484540,0,0,0
RM205,20220218,20220218,112632500,11:26:32,3478,503395,542575,17573519450,1,-1,34910
RM205,20220218,20220218,112633000,11:26:33,3478,503395,542575,17573519450,0,0,0
RM205,20220218,20220218,112633500,11:26:34,3478,503395,542575,17573519450,0,0,0
RM205,20220218,20220218,112634000,11:26:34,3477,503532,542586,17578302120,137,11,4782670
RM205,20220218,20220218,112634500,11:26:37,3477,503559,542592,17579244690,27,6,942570
RM205,20220218,20220218,112635000,11:26:37,3477,503560,542591,17579279600,1,-1,34910
RM205,20220218,20220218,112635500,11:26:38,3477,503560,542591,17579279600,0,0,0
RM205,20220218,20220218,112636000,11:26:38,3477,503562,542590,17579349420,2,-1,69820
RM205,20220218,20220218,112637000,11:26:38,3476,503603,542624,17575744700,41,34,18446744073705946896
RM205,20220218,20220218,112637500,11:27:10,3476,503613,542625,17576093700,10,1,349000
RM205,20220218,20220218,112638000,11:27:10,3476,503613,542625,17576093700,0,0,0
RM205,20220218,20220218,112638500,11:27:10,3477,503619,542623,17576303100,6,-2,209400
RM205,20220218,20220218,112653500,11:27:10,3476,503758,542622,17581154200,139,-1,4851100
RM205,20220218,20220218,112654000,11:27:12,3476,503759,542622,17581189100,1,0,34900
RM205,20220218,20220218,112710000,11:27:12,3476,503871,542598,17585097900,112,-24,3908800
RM205,20220218,20220218,112710500,11:27:12,3476,503871,542598,17585097900,0,0,0
RM205,20220218,20220218,112712000,11:27:12,3476,503871,542598,17585097900,0,0,0
RM205,20220218,20220218,112712500,11:27:13,3476,503877,542599,17585307300,6,1,209400
RM205,20220218,20220218,112713500,11:27:14,3477,503878,542598,17585342200,1,-1,34900
RM205,20220218,20220218,112714000,11:27:15,3477,503879,542598,17585377100,1,0,34900
RM205,20220218,20220218,112714500,11:27:15,3477,503879,542598,17585377100,0,0,0
RM205,20220218,20220218,112715000,11:27:15,3477,503879,542598,17585377100,0,0,0
RM205,20220218,20220218,112715500,11:27:16,3477,503880,542599,17585412000,1,1,34900
RM205,20220218,20220218,112716000,11:27:17,3476,503881,542598,17585446900,1,-1,34900
RM205,20220218,20220218,112716500,11:27:17,3476,503881,542598,17585446900,0,0,0
RM205,20220218,20220218,112717000,11:27:17,3477,503882,542599,17585481800,1,1,34900
RM205,20220218,20220218,112717500,11:27:17,3477,503883,542600,17585516700,1,1,34900
RM205,20220218,20220218,112718000,11:27:18,3477,503883,542600,17585516700,0,0,0
RM205,20220218,20220218,112718500,11:27:19,3477,503884,542600,17585551600,1,0,34900
RM205,20220218,20220218,112719000,11:27:19,3477,503962,542635,17588273800,78,35,2722200
RM205,20220218,20220218,112719500,11:27:20,3477,503962,542635,17588273800,0,0,0
RM205,20220218,20220218,112720000,11:27:20,3477,503962,542635,17588273800,0,0,0
RM205,20220218,20220218,112720500,11:27:21,3477,503968,542630,17588483200,6,-5,209400
RM205,20220218,20220218,112721000,11:27:21,3478,503971,542628,17588587900,3,-2,104700
RM205,20220218,20220218,112721500,11:27:22,3478,503974,542629,17588692600,3,1,104700
RM205,20220218,20220218,112722000,11:27:22,3477,503975,542629,17588727500,1,0,34900
RM205,20220218,20220218,112722500,11:27:23,3477,503979,542630,17588867100,4,1,139600
RM205,20220218,20220218,112723000,11:27:27,3477,503992,542641,17589320800,13,11,453700
RM205,20220218,20220218,112723500,11:27:27,3477,503992,542641,17589320800,0,0,0
RM205,20220218,20220218,112724000,11:27:27,3477,503993,542642,17589355700,1,1,34900
RM205,20220218,20220218,112726500,11:27:27,3478,504018,542640,17590228200,25,-2,872500
RM205,20220218,20220218,112727000,11:27:27,3478,504114,542601,17593578600,96,-39,3350400
RM205,20220218,20220218,112727500,11:27:27,3478,504115,542600,17593613500,1,-1,34900
RM205,20220218,20220218,112728000,11:27:28,3478,504141,542619,17594520900,26,19,907400
RM205,20220218,20220218,112728500,11:27:28,3479,504144,542620,17594625600,3,1,104700
RM205,20220218,20220218,112729000,11:27:29,3478,504149,542620,17594800100,5,0,174500
RM205,20220218,20220218,112729500,11:27:30,3478,504150,542620,17594835000,1,0,34900
RM205,20220218,20220218,112730000,11:27:30,3478,504151,542621,17594869900,1,1,34900
RM205,20220218,20220218,112730500,11:27:31,3478,504151,542621,17594869900,0,0,0
RM205,20220218,20220218,112731000,11:27:32,3479,504184,542594,17596021600,33,-27,1151700
RM205,20220218,20220218,112731500,11:27:35,3478,504234,542643,17597766600,50,49,1745000
RM205,20220218,20220218,112732000,11:27:35,3478,504234,542643,17597766600,0,0,0
RM205,20220218,20220218,112732500,11:27:36,3478,504234,542643,17597766600,0,0,0
RM205,20220218,20220218,112735500,11:27:36,3478,504234,542643,17597766600,0,0,0
RM205,20220218,20220218,112736000,11:27:36,3479,504261,542632,17598708900,27,-11,942300
RM205,20220218,20220218,112736500,11:27:38,3479,504262,542632,17598743800,1,0,34900
RM205,20220218,20220218,112737000,11:27:38,3479,504262,542632,17598743800,0,0,0
RM205,20220218,20220218,112737500,11:27:38,3479,504263,542632,17598778700,1,0,34900
RM205,20220218,20220218,112738000,11:27:38,3479,504263,542632,17598778700,0,0,0
RM205,20220218,20220218,112738500,11:27:39,3478,504265,542632,17598848500,2,0,69800
RM205,20220218,20220218,112739000,11:27:39,3478,504266,542632,17598883400,1,0,34900
RM205,20220218,20220218,112739500,11:27:39,3478,504266,542632,17598883400,0,0,0
RM205,20220218,20220218,112740000,11:27:40,3478,504283,542643,17599476700,17,11,593300
RM205,20220218,20220218,112740500,11:27:40,3478,504285,542643,17599546500,2,0,69800
RM205,20220218,20220218,112741000,11:27:41,3479,504287,542642,17599616300,2,-1,69800
RM205,20220218,20220218,112741500,11:27:41,3478,504289,542643,17599686100,2,1,69800
RM205,20220218,20220218,112742500,11:27:43,3478,504295,542639,17599895500,6,-4,209400
RM205,20220218,20220218,112743000,11:27:43,3478,504295,542639,17599895500,0,0,0
RM205,20220218,20220218,112743500,11:27:43,3478,504295,542639,17599895500,0,0,0
RM205,20220218,20220218,112744000,11:27:44,3478,504295,542639,17599895500,0,0,0
RM205,20220218,20220218,112744500,11:27:45,3478,504295,542639,17599895500,0,0,0
RM205,20220218,20220218,112745000,11:27:46,3478,504295,542639,17599895500,0,0,0
RM205,20220218,20220218,112745500,11:27:46,3478,504295,542639,17599895500,0,0,0
RM205,20220218,20220218,112746500,11:27:47,3478,504298,542637,17600000200,3,-2,104700
RM205,20220218,20220218,112747000,11:27:47,3478,504298,542637,17600000200,0,0,0
RM205,20220218,20220218,112747500,11:27:47,3479,504301,542636,17600104900,3,-1,104700
RM205,20220218,20220218,112748000,11:27:53,3478,504304,542638,17600209600,3,2,104700
RM205,20220218,20220218,112748500,11:27:54,3478,504305,542639,17600244500,1,1,34900
RM205,20220218,20220218,112749000,11:27:54,3478,504306,542639,17600279400,1,0,34900
RM205,20220218,20220218,112754000,11:27:54,3479,504461,542681,17605688900,155,42,5409500
RM205,20220218,20220218,112754500,11:27:55,3479,504467,542681,17605898300,6,0,209400
RM205,20220218,20220218,112755000,11:27:55,3479,504471,542679,17606037900,4,-2,139600
RM205,20220218,20220218,112755500,11:27:55,3479,504480,542670,17606352000,9,-9,314100
RM205,20220218,20220218,112756000,11:27:56,3479,504485,542668,17606526500,5,-2,174500
RM205,20220218,20220218,112756500,11:27:56,3479,504488,542668,17606631200,3,0,104700
RM205,20220218,20220218,112757000,11:27:57,3480,504500,542660,17607050000,12,-8,418800
RM205,20220218,20220218,112757500,11:27:57,3479,504509,542660,17607364100,9,0,314100
RM205,20220218,20220218,112758000,11:27:58,3479,504509,542660,17607364100,0,0,0
RM205,20220218,20220218,112758500,11:27:59,3479,504510,542660,17607399000,1,0,34900
RM205,20220218,20220218,112759000,11:27:59,3479,504545,542660,17608620500,35,0,1221500
RM205,20220218,20220218,112759500,11:27:59,3479,504545,542660,17608620500,0,0,0
RM205,20220218,20220218,112800000,11:28:01,3479,504555,542656,17608969500,10,-4,349000
RM205,20220218,20220218,112800500,11:28:01,3479,504557,542658,17609039300,2,2,69800
RM205,20220218,20220218,112801000,11:28:01,3479,504560,542661,17609144000,3,3,104700
RM205,20220218,20220218,112801500,11:28:02,3479,504560,542661,17609144000,0,0,0
RM205,20220218,20220218,112802000,11:28:03,3480,504563,542663,17609248700,3,2,104700
RM205,20220218,20220218,112802500,11:28:03,3479,504564,542664,17609283600,1,1,34900
RM205,20220218,20220218,112803000,11:28:04,3479,504567,542665,17609388300,3,1,104700
RM205,20220218,20220218,112803500,11:28:04,3480,504569,542663,17609458100,2,-2,69800
RM205,20220218,20220218,112804000,11:28:04,3480,504609,542636,17610854100,40,-27,1396000
RM205,20220218,20220218,112804500,11:28:05,3480,504617,542629,17611133300,8,-7,279200
RM205,20220218,20220218,112805000,11:28:06,3479,504625,542623,17611412500,8,-6,279200
RM205,20220218,20220218,112805500,11:28:06,3480,504627,542621,17611482300,2,-2,69800
RM205,20220218,20220218,112806000,11:28:10,3479,504735,542524,17615251500,108,-97,3769200
RM205,20220218,20220218,112806500,11:28:10,3479,504736,542524,17615286400,1,0,34900
RM205,20220218,20220218,112807000,11:28:10,3479,504736,542524,17615286400,0,0,0
RM205,20220218,20220218,112807500,11:28:11,3479,504738,542523,17615356200,2,-1,69800
RM205,20220218,20220218,112810000,11:28:11,3479,504738,542523,17615356200,0,0,0
RM205,20220218,20220218,112810500,11:28:11,3479,504741,542525,17615460900,3,2,104700
RM205,20220218,20220218,112811000,11:28:12,3479,504741,542525,17615460900,0,0,0
RM205,20220218,20220218,112811500,11:28:12,3479,504742,542525,17615495800,1,0,34900
RM205,20220218,20220218,112812000,11:28:12,3479,504742,542525,17615495800,0,0,0
RM205,20220218,20220218,112812500,11:28:13,3479,504745,542528,17615600500,3,3,104700
RM205,20220218,20220218,112813000,11:28:13,3479,504746,542528,17615635400,1,0,34900
RM205,20220218,20220218,112813500,11:28:14,3479,504751,542524,17615809900,5,-4,174500
RM205,20220218,20220218,112814000,11:28:14,3478,504752,542524,17615844800,1,0,34900
RM205,20220218,20220218,112814500,11:28:14,3478,504757,542523,17616019300,5,-1,174500
RM205,20220218,20220218,112815000,11:28:15,3478,504758,542524,17616054200,1,1,34900
RM205,20220218,20220218,112815500,11:28:15,3479,504759,542523,17616089100,1,-1,34900
RM205,20220218,20220218,112816000,11:28:16,3478,504766,542522,17616333400,7,-1,244300
RM205,20220218,20220218,112816500,11:28:16,3478,504768,542522,17616403200,2,0,69800
RM205,20220218,20220218,112817000,11:28:17,3478,504768,542522,17616403200,0,0,0
RM205,20220218,20220218,112817500,11:28:17,3479,504769,542521,17616438100,1,-1,34900
RM205,20220218,20220218,112818000,11:28:18,3479,504789,542520,17617136100,20,-1,698000
RM205,20220218,20220218,112818500,11:28:18,3478,504790,542521,17617171000,1,1,34900
RM205,20220218,20220218,112819000,11:28:19,3479,504796,542522,17617380400,6,1,209400
RM205,20220218,20220218,112819500,11:28:19,3479,504798,542522,17617450200,2,0,69800
RM205,20220218,20220218,112820000,11:28:20,3479,504801,542522,17617554900,3,0,104700
RM205,20220218,20220218,112820500,11:28:20,3478,504804,542522,17617659600,3,0,104700
RM205,20220218,20220218,112821000,11:28:21,3478,504805,542522,17617694500,1,0,34900
RM205,20220218,20220218,112821500,11:28:22,3479,504808,542523,17617799200,3,1,104700
RM205,20220218,20220218,112822000,11:28:22,3479,504809,542523,17617834100,1,0,34900
RM205,20220218,20220218,112822500,11:28:22,3479,504810,542523,17617869000,1,0,34900
RM205,20220218,20220218,112823000,11:28:23,3478,504833,542537,17618671700,23,14,802700
RM205,20220218,20220218,112823500,11:28:23,3478,504835,542537,17618741500,2,0,69800
RM205,20220218,20220218,112824000,11:28:24,3478,504852,542539,17619334800,17,2,593300
RM205,20220218,20220218,112824500,11:28:24,3479,504853,542540,17619369700,1,1,34900
RM205,20220218,20220218,112825000,11:28:25,3479,504858,542538,17619544200,5,-2,174500
RM205,20220218,20220218,112825500,11:28:25,3479,504861,542539,17619648900,3,1,104700
RM205,20220218,20220218,112826000,11:28:26,3479,504862,542540,17619683800,1,1,34900
RM205,20220218,20220218,112826500,11:28:27,3479,504884,542539,17620451600,22,-1,767800
RM205,20220218,20220218,112827000,11:28:27,3479,504894,542540,17620800600,10,1,349000
RM205,20220218,20220218,112827500,11:28:27,3479,504894,542540,17620800600,0,0,0
RM205,20220218,20220218,112828000,11:28:28,3478,504903,542534,17621114700,9,-6,314100
RM205,20220218,20220218,112828500,11:28:28,3480,504912,542529,17621428800,9,-5,314100
RM205,20220218,20220218,112829000,11:28:29,3480,504912,542529,17621428800,0,0,0
RM205,20220218,20220218,112829500,11:28:29,3479,504914,542528,17621498600,2,-1,69800
RM205,20220218,20220218,112830000,11:28:30,3479,504919,542528,17621673100,5,0,174500
RM205,20220218,20220218,112830500,11:28:31,3479,504930,542523,17622057000,11,-5,383900
RM205,20220218,20220218,112831000,11:28:31,3479,504930,542523,17622057000,0,0,0
RM205,20220218,20220218,112831500,11:28:31,3479,504939,542527,17622371100,9,4,314100
RM205,20220218,20220218,112832000,11:28:32,3479,504941,542527,17622440900,2,0,69800
RM205,20220218,20220218,112832500,11:28:33,3478,504949,542528,17622720100,8,1,279200
RM205,20220218,20220218,112833000,11:28:33,3479,504954,542530,17622894600,5,2,174500
RM205,20220218,20220218,112833500,11:28:34,3479,504956,542530,17622964400,2,0,69800
RM205,20220218,20220218,112834500,11:28:34,3479,504956,542530,17622964400,0,0,0
RM205,20220218,20220218,112835000,11:28:35,3478,504957,542530,17622999300,1,0,34900
RM205,20220218,20220218,112835500,11:28:37,3478,504957,542530,17622999300,0,0,0
RM205,20220218,20220218,112836000,11:28:37,3478,504958,542529,17623034200,1,-1,34900
RM205,20220218,20220218,112836500,11:28:37,3478,504971,542529,17623487900,13,0,453700
RM205,20220218,20220218,112837000,11:28:37,3478,504971,542529,17623487900,0,0,0
RM205,20220218,20220218,112837500,11:28:38,3479,504973,542529,17623557700,2,0,69800
RM205,20220218,20220218,112838000,11:28:38,3479,504974,542529,17623592600,1,0,34900
RM205,20220218,20220218,112838500,11:28:38,3479,504974,542529,17623592600,0,0,0
RM205,20220218,20220218,112839000,11:28:40,3479,505001,542529,17624534900,27,0,942300
RM205,20220218,20220218,112839500,11:28:40,3479,505002,542529,17624569800,1,0,34900
RM205,20220218,20220218,112840000,11:28:40,3479,505007,542526,17624744300,5,-3,174500
RM205,20220218,20220218,112840500,11:28:40,3479,505012,542528,17624918800,5,2,174500
RM205,20220218,20220218,112841500,11:28:41,3478,505014,542530,17624988600,2,2,69800
RM205,20220218,20220218,112842000,11:28:42,3478,505014,542530,17624988600,0,0,0
RM205,20220218,20220218,112842500,11:28:42,3478,505015,542531,17625023500,1,1,34900
RM205,20220218,20220218,112843000,11:28:43,3479,505018,542529,17625128200,3,-2,104700
RM205,20220218,20220218,112843500,11:28:44,3479,505019,542529,17625163100,1,0,34900
RM205,20220218,20220218,112844000,11:28:44,3478,505023,542529,17625302700,4,0,139600
RM205,20220218,20220218,112844500,11:28:45,3478,505023,542529,17625302700,0,0,0
RM205,20220218,20220218,112845000,11:28:45,3478,505024,542529,17625337600,1,0,34900
RM205,20220218,20220218,112845500,11:28:45,3478,505029,542525,17625512100,5,-4,174500
RM205,20220218,20220218,112846000,11:28:46,3478,505030,542525,17625547000,1,0,34900
RM205,20220218,20220218,112846500,11:28:46,3478,505031,542524,17625581900,1,-1,34900
RM205,20220218,20220218,112847000,11:28:47,3478,505034,542521,17625686600,3,-3,104700
RM205,20220218,20220218,112847500,11:28:47,3478,505037,542518,17625791300,3,-3,104700
RM205,20220218,20220218,112848000,11:28:48,3478,505039,542516,17625861100,2,-2,69800
RM205,20220218,20220218,112848500,11:28:48,3478,505040,542515,17625896000,1,-1,34900
RM205,20220218,20220218,112849000,11:28:49,3478,505041,542514,17625930900,1,-1,34900
RM205,20220218,20220218,112849500,11:28:50,3479,505048,542516,17626175200,7,2,244300
RM205,20220218,20220218,112850000,11:28:50,3479,505049,542516,17626210100,1,0,34900
RM205,20220218,20220218,112850500,11:28:50,3479,505065,542513,17626768500,16,-3,558400
RM205,20220218,20220218,112851000,11:28:51,3478,505069,542509,17626908100,4,-4,139600
RM205,20220218,20220218,112851500,11:28:51,3478,505074,542507,17627082600,5,-2,174500
RM205,20220218,20220218,112852000,11:28:52,3478,505076,542507,17627152400,2,0,69800
RM205,20220218,20220218,112852500,11:28:53,3479,505083,542514,17627396700,7,7,244300
RM205,20220218,20220218,112853000,11:28:54,3479,505084,542515,17627431600,1,1,34900
RM205,20220218,20220218,112853500,11:28:54,3478,505085,542514,17627466500,1,-1,34900
RM205,20220218,20220218,112854000,11:28:54,3478,505088,542513,17627571200,3,-1,104700
RM205,20220218,20220218,112854500,11:28:54,3478,505088,542513,17627571200,0,0,0
RM205,20220218,20220218,112855000,11:28:55,3478,505094,542508,17627780600,6,-5,209400
RM205,20220218,20220218,112855500,11:28:56,3478,505094,542508,17627780600,0,0,0
RM205,20220218,20220218,112856000,11:28:56,3478,505094,542508,17627780600,0,0,0
RM205,20220218,20220218,112856500,11:28:56,3478,505094,542508,17627780600,0,0,0
RM205,20220218,20220218,112857000,11:28:57,3478,505158,542470,17630014200,64,-38,2233600
RM205,20220218,20220218,112857500,11:28:58,3478,505161,542469,17630118900,3,-1,104700
RM205,20220218,20220218,112858000,11:28:58,3478,505173,542459,17630537700,12,-10,418800
RM205,20220218,20220218,112858500,11:28:59,3478,505175,542457,17630607500,2,-2,69800
RM205,20220218,20220218,112859000,11:28:59,3478,505178,542455,17630712200,3,-2,104700
RM205,20220218,20220218,112859500,11:29:00,3477,505181,542453,17630816900,3,-2,104700
RM205,20220218,20220218,112900000,11:29:00,3477,505182,542454,17630851800,1,1,34900
RM205,20220218,20220218,112900500,11:29:01,3478,505185,542454,17630956500,3,0,104700
RM205,20220218,20220218,112901000,11:29:01,3477,505243,542495,17632980700,58,41,2024200
RM205,20220218,20220218,112901500,11:29:02,3478,505244,542496,17633015600,1,1,34900
RM205,20220218,20220218,112902000,11:29:02,3478,505248,542496,17633155200,4,0,139600
RM205,20220218,20220218,112902500,11:29:03,3477,505250,542494,17633225000,2,-2,69800
RM205,20220218,20220218,112903000,11:29:03,3478,505252,542493,17633294800,2,-1,69800
RM205,20220218,20220218,112903500,11:29:04,3478,505265,542496,17633748500,13,3,453700
RM205,20220218,20220218,112904000,11:29:04,3478,505269,542499,17633888100,4,3,139600
RM205,20220218,20220218,112904500,11:29:04,3478,505273,542501,17634027700,4,2,139600
RM205,20220218,20220218,112905000,11:29:05,3479,505281,542501,17634306900,8,0,279200
RM205,20220218,20220218,112905500,11:29:06,3478,505288,542502,17634551200,7,1,244300
RM205,20220218,20220218,112906000,11:29:06,3478,505290,542502,17634621000,2,0,69800
RM205,20220218,20220218,112906500,11:29:06,3478,505290,542502,17634621000,0,0,0
RM205,20220218,20220218,112907000,11:29:07,3478,505299,542510,17634935100,9,8,314100
RM205,20220218,20220218,112907500,11:29:08,3478,505305,542513,17635144500,6,3,209400
RM205,20220218,20220218,112908000,11:29:08,3478,505308,542513,17635249200,3,0,104700
RM205,20220218,20220218,112908500,11:29:08,3478,505310,542514,17635319000,2,1,69800
RM205,20220218,20220218,112909000,11:29:09,3478,505318,542521,17635598200,8,7,279200
RM205,20220218,20220218,112909500,11:29:09,3478,505322,542523,17635737800,4,2,139600
RM205,20220218,20220218,112910000,11:29:10,3478,505323,542523,17635772700,1,0,34900
RM205,20220218,20220218,112910500,11:29:10,3478,505327,542525,17635912300,4,2,139600
RM205,20220218,20220218,112911000,11:29:11,3478,505329,542525,17635982100,2,0,69800
RM205,20220218,20220218,112911500,11:29:12,3478,505384,542511,17637901600,55,-14,1919500
RM205,20220218,20220218,112912000,11:29:12,3478,505469,542560,17640868100,85,49,2966500
RM205,20220218,20220218,112912500,11:29:12,3478,505475,542555,17641077500,6,-5,209400
RM205,20220218,20220218,112913000,11:29:13,3479,505480,542555,17641252000,5,0,174500
RM205,20220218,20220218,112913500,11:29:14,3478,505483,542552,17641356700,3,-3,104700
RM205,20220218,20220218,112914000,11:29:14,3478,505483,542552,17641356700,0,0,0
RM205,20220218,20220218,112914500,11:29:15,3478,505497,542550,17641845300,14,-2,488600
RM205,20220218,20220218,112915000,11:29:15,3478,505498,542550,17641880200,1,0,34900
RM205,20220218,20220218,112915500,11:29:16,3479,505506,542549,17642159400,8,-1,279200
RM205,20220218,20220218,112916000,11:29:16,3478,505508,542550,17642229200,2,1,69800
RM205,20220218,20220218,112916500,11:29:18,3478,505513,542550,17642403700,5,0,174500
RM205,20220218,20220218,112917000,11:29:20,3478,505515,542550,17642473500,2,0,69800
RM205,20220218,20220218,112917500,11:29:21,3478,505515,542550,17642473500,0,0,0
RM205,20220218,20220218,112918000,11:29:21,3478,505517,542549,17642543300,2,-1,69800
RM205,20220218,20220218,112920500,11:29:21,3479,505572,542527,17644462800,55,-22,1919500
RM205,20220218,20220218,112921000,11:29:22,3478,505573,542526,17644497700,1,-1,34900
RM205,20220218,20220218,112921500,11:29:24,3478,505573,542526,17644497700,0,0,0
RM205,20220218,20220218,112922000,11:29:24,3478,505575,542526,17644567500,2,0,69800
RM205,20220218,20220218,112922500,11:29:24,3478,505577,542526,17644637300,2,0,69800
RM205,20220218,20220218,112923000,11:29:24,3479,505578,542526,17644672200,1,0,34900
RM205,20220218,20220218,112924000,11:29:24,3478,505582,542525,17644811800,4,-1,139600
RM205,20220218,20220218,112924500,11:29:24,3479,505591,542531,17645125900,9,6,314100
RM205,20220218,20220218,112925000,11:29:25,3478,505607,542535,17645684300,16,4,558400
RM205,20220218,20220218,112925500,11:29:25,3479,505608,542535,17645719200,1,0,34900
RM205,20220218,20220218,112926000,11:29:26,3478,505628,542521,17646417200,20,-14,698000
RM205,20220218,20220218,112926500,11:29:26,3478,505637,542524,17646731300,9,3,314100
RM205,20220218,20220218,112927000,11:29:27,3479,505644,542517,17646975600,7,-7,244300
RM205,20220218,20220218,112927500,11:29:27,3478,505645,542516,17647010500,1,-1,34900
RM205,20220218,20220218,112928000,11:29:28,3478,505649,542515,17647150100,4,-1,139600
RM205,20220218,20220218,112928500,11:29:28,3479,505650,542514,17647185000,1,-1,34900
RM205,20220218,20220218,112929000,11:29:29,3479,505652,542514,17647254800,2,0,69800
RM205,20220218,20220218,112929500,11:29:30,3478,505655,542512,17647359500,3,-2,104700
RM205,20220218,20220218,112930000,11:29:30,3478,505656,542512,17647394400,1,0,34900
RM205,20220218,20220218,112930500,11:29:30,3479,505660,542513,17647534000,4,1,139600
RM205,20220218,20220218,112931000,11:29:32,3479,505663,542512,17647638700,3,-1,104700
RM205,20220218,20220218,112931500,11:29:32,3478,505708,542472,17649209200,45,-40,1570500
RM205,20220218,20220218,112932000,11:29:36,3477,505809,542431,17652734100,101,-41,3524900
RM205,20220218,20220218,112932500,11:29:36,3477,505911,542429,17656293900,102,-2,3559800
RM205,20220218,20220218,112933000,11:29:37,3478,505915,542427,17656433500,4,-2,139600
RM205,20220218,20220218,112933500,11:29:38,3478,505925,542417,17656782500,10,-10,349000
RM205,20220218,20220218,112936500,11:29:38,3478,506024,542346,17660237600,99,-71,3455100
RM205,20220218,20220218,112937000,11:29:38,3477,506029,542348,17660412100,5,2,174500
RM205,20220218,20220218,112937500,11:29:38,3477,506031,542347,17660481900,2,-1,69800
RM205,20220218,20220218,112938000,11:29:38,3477,506037,542348,17660691300,6,1,209400
RM205,20220218,20220218,112938500,11:29:39,3477,506043,542349,17660900700,6,1,209400
RM205,20220218,20220218,112939000,11:29:39,3477,506051,542348,17661179900,8,-1,279200
RM205,20220218,20220218,112939500,11:29:40,3477,506058,542348,17661424200,7,0,244300
RM205,20220218,20220218,112940000,11:29:40,3477,506069,542337,17661808100,11,-11,383900
RM205,20220218,20220218,112940500,11:29:40,3478,506071,542336,17661877900,2,-1,69800
RM205,20220218,20220218,112941000,11:29:41,3478,506071,542336,17661877900,0,0,0
RM205,20220218,20220218,112941500,11:29:42,3477,506072,542335,17661912800,1,-1,34900
RM205,20220218,20220218,112942000,11:29:42,3477,506083,542324,17662296700,11,-11,383900
RM205,20220218,20220218,112942500,11:29:44,3477,506093,542326,17662645700,10,2,349000
RM205,20220218,20220218,112943000,11:29:45,3478,506099,542324,17662855100,6,-2,209400
RM205,20220218,20220218,112943500,11:29:45,3478,506099,542324,17662855100,0,0,0
RM205,20220218,20220218,112944000,11:29:45,3477,506100,542324,17662890000,1,0,34900
RM205,20220218,20220218,112944500,11:29:45,3477,506119,542318,17663553100,19,-6,663100
RM205,20220218,20220218,112945000,11:29:46,3478,506122,542317,17663657800,3,-1,104700
RM205,20220218,20220218,112945500,11:29:46,3477,506124,542317,17663727600,2,0,69800
RM205,20220218,20220218,112946000,11:29:46,3477,506126,542318,17663797400,2,1,69800
RM205,20220218,20220218,112946500,11:29:47,3477,506130,542319,17663937000,4,1,139600
RM205,20220218,20220218,112947000,11:29:47,3478,506131,542319,17663971900,1,0,34900
RM205,20220218,20220218,112947500,11:29:48,3476,506280,542219,17669172000,149,-100,5200100
RM205,20220218,20220218,112948000,11:29:49,3477,506312,542189,17670288800,32,-30,1116800
RM205,20220218,20220218,112948500,11:29:49,3477,506313,542189,17670323700,1,0,34900
RM205,20220218,20220218,112949000,11:29:50,3476,506315,542188,17670393500,2,-1,69800
RM205,20220218,20220218,112949500,11:29:50,3477,506332,542184,17670986800,17,-4,593300
RM205,20220218,20220218,112950000,11:29:51,3477,506333,542184,17671021700,1,0,34900
RM205,20220218,20220218,112950500,11:29:51,3477,506345,542173,17671440500,12,-11,418800
RM205,20220218,20220218,112951500,11:29:52,3477,506380,542171,17672662000,35,-2,1221500
RM205,20220218,20220218,112952000,11:29:52,3477,506382,542170,17672731800,2,-1,69800
RM205,20220218,20220218,112952500,11:29:53,3477,506382,542170,17672731800,0,0,0
RM205,20220218,20220218,112953000,11:29:54,3477,506421,542134,17674092900,39,-36,1361100
RM205,20220218,20220218,112953500,11:29:54,3477,506436,542123,17674616400,15,-11,523500
RM205,20220218,20220218,112954000,11:29:54,3477,506443,542126,17674860700,7,3,244300
RM205,20220218,20220218,112954500,11:29:54,3477,506444,542126,17674895600,1,0,34900
RM205,20220218,20220218,112955000,11:29:55,3477,506444,542126,17674895600,0,0,0
RM205,20220218,20220218,112955500,11:29:56,3477,506444,542126,17674895600,0,0,0
RM205,20220218,20220218,112956000,11:29:56,3477,506446,542126,17674965400,2,0,69800
RM205,20220218,20220218,112956500,11:30:00,3477,506448,542126,17675035200,2,0,69800
RM205,20220218,20220218,112957000,11:30:00,3476,506452,542123,17675174800,4,-3,139600
RM205,20220218,20220218,112957500,11:30:02,3477,506456,542121,17675314400,4,-2,139600
RM205,20220218,20220218,112959500,11:30:02,3477,506495,542125,17676675500,39,4,1361100
RM205,20220218,20220218,113000000,11:30:03,3476,506502,542121,17676919800,7,-4,244300
RM205,20220218,20220218,113000500,11:30:03,3476,506507,542116,17677094300,5,-5,174500
RM205,20220218,20220218,133000500,13:30:00,3475,506539,542138,17678211100,32,22,1116800
RM205,20220218,20220218,133001000,13:30:01,3473,506825,542237,17688192500,286,99,9981400
RM205,20220218,20220218,133001500,13:30:02,3473,506943,542201,17692310700,118,-36,4118200
RM205,20220218,20220218,133002000,13:30:08,3471,507231,542251,17702361900,288,50,10051200
RM205,20220218,20220218,133002500,13:30:10,3469,507333,542268,17705921700,102,17,3559800
RM205,20220218,20220218,133008000,13:30:10,3470,507849,542098,17723930100,516,-170,18008400
RM205,20220218,20220218,133009500,13:30:10,3469,508125,542060,17733562500,276,-38,9632400
RM205,20220218,20220218,133010000,13:30:11,3467,508237,542086,17737471300,112,26,3908800
RM205,20220218,20220218,133010500,13:30:12,3468,508417,542064,17743753300,180,-22,6282000
RM205,20220218,20220218,133011000,13:30:12,3467,508442,542049,17744625800,25,-15,872500
RM205,20220218,20220218,133011500,13:30:13,3467,508462,542050,17745323800,20,1,698000
RM205,20220218,20220218,133012500,13:30:13,3467,508565,542053,17748918500,103,3,3594700
RM205,20220218,20220218,133013000,13:30:13,3467,508602,542072,17750209800,37,19,1291300
RM205,20220218,20220218,133013500,13:30:14,3467,508619,542079,17750803100,17,7,593300
RM205,20220218,20220218,133014000,13:30:15,3469,508630,542077,17751187000,11,-2,383900
RM205,20220218,20220218,133014500,13:30:16,3468,508653,542077,17751989700,23,0,802700
RM205,20220218,20220218,133015000,13:30:17,3468,508668,542075,17752513200,15,-2,523500
RM205,20220218,20220218,133016500,13:30:18,3468,508715,542058,17754153500,47,-17,1640300
RM205,20220218,20220218,133017000,13:30:18,3467,508723,542051,17754432700,8,-7,279200
RM205,20220218,20220218,133017500,13:30:18,3468,508729,542048,17754642100,6,-3,209400
RM205,20220218,20220218,133018000,13:30:19,3468,508743,542046,17755130700,14,-2,488600
RM205,20220218,20220218,133018500,13:30:20,3468,508767,542050,17755968300,24,4,837600
RM205,20220218,20220218,133019000,13:30:20,3468,508846,542037,17758725400,79,-13,2757100
RM205,20220218,20220218,133019500,13:30:20,3468,508892,542038,17760330800,46,1,1605400
RM205,20220218,20220218,133020000,13:30:21,3467,508917,542027,17761203300,25,-11,872500
RM205,20220218,20220218,133020500,13:30:21,3468,508941,542016,17762040900,24,-11,837600
RM205,20220218,20220218,133021000,13:30:21,3468,508952,542011,17762424800,11,-5,383900
RM205,20220218,20220218,133021500,13:30:22,3468,508978,542015,17763332200,26,4,907400
RM205,20220218,20220218,133022000,13:30:38,3467,508983,542012,17763506700,5,-3,174500
RM205,20220218,20220218,133022500,13:30:38,3468,508999,542012,17764065100,16,0,558400
RM205,20220218,20220218,133023000,13:30:39,3468,509005,542010,17764274500,6,-2,209400
RM205,20220218,20220218,133038000,13:30:40,3469,509521,542033,17782282900,516,23,18008400
RM205,20220218,20220218,133038500,13:30:42,3469,509525,542032,17782422500,4,-1,139600
RM205,20220218,20220218,133040500,13:30:42,3468,509710,541965,17788879000,185,-67,6456500
RM205,20220218,20220218,133041000,13:30:43,3469,509712,541965,17788948800,2,0,69800
RM205,20220218,20220218,133042500,13:30:44,3468,509786,542000,17791531400,74,35,2582600
RM205,20220218,20220218,133043000,13:30:44,3468,509790,542000,17791671000,4,0,139600
RM205,20220218,20220218,133043500,13:30:44,3468,509820,542004,17792718000,30,4,1047000
RM205,20220218,20220218,133044000,13:30:46,3468,509864,542034,17794253600,44,30,1535600
RM205,20220218,20220218,133044500,13:30:46,3468,509930,542085,17796557000,66,51,2303400
RM205,20220218,20220218,133045000,13:30:46,3469,509934,542086,17796696600,4,1,139600
RM205,20220218,20220218,133045500,13:30:47,3468,509936,542086,17796766400,2,0,69800
RM205,20220218,20220218,133046000,13:30:47,3469,509940,542086,17796906000,4,0,139600
RM205,20220218,20220218,133046500,13:30:47,3468,510049,542045,17800710100,109,-41,3804100
RM205,20220218,20220218,133047000,13:30:48,3469,510053,542046,17800849700,4,1,139600
RM205,20220218,20220218,133047500,13:30:48,3469,510061,542041,17801128900,8,-5,279200
RM205,20220218,20220218,133048000,13:30:48,3468,510066,542040,17801303400,5,-1,174500
RM205,20220218,20220218,133048500,13:30:49,3468,510069,542037,17801408100,3,-3,104700
RM205,20220218,20220218,133049000,13:30:50,3468,510071,542037,17801477900,2,0,69800
RM205,20220218,20220218,133049500,13:30:50,3469,510075,542034,17801617500,4,-3,139600
RM205,20220218,20220218,133050000,13:30:51,3468,510082,542035,17801861800,7,1,244300
RM205,20220218,20220218,133050500,13:30:51,3469,510083,542036,17801896700,1,1,34900
RM205,20220218,20220218,133051000,13:30:52,3468,510088,542035,17802071200,5,-1,174500
RM205,20220218,20220218,133051500,13:30:52,3468,510097,542034,17802385300,9,-1,314100
RM205,20220218,20220218,133052000,13:30:53,3469,510105,542027,17802664500,8,-7,279200
RM205,20220218,20220218,133052500,13:30:53,3468,510169,542042,17804898100,64,15,2233600
RM205,20220218,20220218,133053000,13:30:54,3468,510177,542045,17805177300,8,3,279200
RM205,20220218,20220218,133053500,13:30:54,3468,510180,542045,17805282000,3,0,104700
RM205,20220218,20220218,133054000,13:30:54,3468,510183,542045,17805386700,3,0,104700
RM205,20220218,20220218,133054500,13:30:55,3468,510193,542050,17805735700,10,5,349000
RM205,20220218,20220218,133055000,13:30:56,3469,510219,542064,17806643100,26,14,907400
RM205,20220218,20220218,133055500,13:30:56,3468,510233,542069,17807131700,14,5,488600
RM205,20220218,20220218,133056000,13:30:57,3468,510244,542078,17807515600,11,9,383900
RM205,20220218,20220218,133056500,13:30:57,3469,510245,542078,17807550500,1,0,34900
RM205,20220218,20220218,133057000,13:30:58,3468,510250,542080,17807725000,5,2,174500
RM205,20220218,20220218,133057500,13:30:58,3469,510256,542079,17807934400,6,-1,209400
RM205,20220218,20220218,133058000,13:30:58,3468,510273,542092,17808527700,17,13,593300
RM205,20220218,20220218,133058500,13:30:59,3468,510281,542093,17808806900,8,1,279200
RM205,20220218,20220218,133059000,13:30:59,3468,510283,542093,17808876700,2,0,69800
RM205,20220218,20220218,133059500,13:30:59,3468,510287,542096,17809016300,4,3,139600
RM205,20220218,20220218,133100000,13:31:00,3468,510302,542090,17809539800,15,-6,523500
RM205,20220218,20220218,133100500,13:31:01,3467,510308,542086,17809749200,6,-4,209400
RM205,20220218,20220218,133101000,13:31:01,3467,510325,542074,17810342500,17,-12,593300
RM205,20220218,20220218,133101500,13:31:01,3467,510379,542047,17812227100,54,-27,1884600
RM205,20220218,20220218,133102000,13:31:02,3467,510383,542044,17812366700,4,-3,139600
RM205,20220218,20220218,133102500,13:31:02,3467,510401,542041,17812994900,18,-3,628200
RM205,20220218,20220218,133103000,13:31:03,3467,510436,542027,17814216400,35,-14,1221500
RM205,20220218,20220218,133103500,13:31:04,3466,511096,541999,17837250400,660,-28,23034000
RM205,20220218,20220218,133104000,13:31:06,3467,511283,541921,17843776700,187,-78,6526300
RM205,20220218,20220218,133104500,13:31:06,3466,511287,541919,17843916300,4,-2,139600
RM205,20220218,20220218,133105500,13:31:07,3467,511905,541675,17865484500,618,-244,21568200
RM205,20220218,20220218,133106000,13:31:08,3467,511906,541676,17865519400,1,1,34900
RM205,20220218,20220218,133107500,13:31:08,3468,511943,541706,17866810700,37,30,1291300
RM205,20220218,20220218,133108500,13:31:09,3467,511960,541707,17867404000,17,1,593300
RM205,20220218,20220218,133109000,13:31:09,3467,511965,541709,17867578500,5,2,174500
RM205,20220218,20220218,133109500,13:31:10,3466,511970,541709,17867753000,5,0,174500
RM205,20220218,20220218,133110000,13:31:11,3467,511977,541705,17867997300,7,-4,244300
RM205,20220218,20220218,133110500,13:31:11,3467,511979,541703,17868067100,2,-2,69800
RM205,20220218,20220218,133111000,13:31:11,3466,511986,541706,17868311400,7,3,244300
RM205,20220218,20220218,133111500,13:31:12,3467,512000,541716,17868800000,14,10,488600
RM205,20220218,20220218,133112000,13:31:13,3466,512007,541713,17869044300,7,-3,244300
RM205,20220218,20220218,133112500,13:31:13,3467,512019,541711,17869463100,12,-2,418800
RM205,20220218,20220218,133113000,13:31:13,3467,512063,541699,17870998700,44,-12,1535600
RM205,20220218,20220218,133113500,13:31:14,3467,512068,541697,17871173200,5,-2,174500
RM205,20220218,20220218,133114000,13:31:15,3467,512080,541701,17871592000,12,4,418800
RM205,20220218,20220218,133114500,13:31:15,3467,512082,541700,17871661800,2,-1,69800
RM205,20220218,20220218,133115000,13:31:15,3467,512114,541683,17872778600,32,-17,1116800
RM205,20220218,20220218,133115500,13:31:15,3467,512124,541680,17873127600,10,-3,349000
RM205,20220218,20220218,133116000,13:31:16,3467,512137,541681,17873581300,13,1,453700
RM205,20220218,20220218,133116500,13:31:17,3467,512148,541676,17873965200,11,-5,383900
RM205,20220218,20220218,133117000,13:31:17,3468,512151,541675,17874069900,3,-1,104700
RM205,20220218,20220218,133117500,13:31:18,3468,512203,541657,17875884700,52,-18,1814800
RM205,20220218,20220218,133118000,13:31:19,3469,512215,541663,17876303500,12,6,418800
RM205,20220218,20220218,133118500,13:31:19,3469,512215,541663,17876303500,0,0,0
RM205,20220218,20220218,133119000,13:31:19,3468,512220,541665,17876478000,5,2,174500
RM205,20220218,20220218,133119500,13:31:20,3468,512224,541667,17876617600,4,2,139600
RM205,20220218,20220218,133120000,13:31:20,3468,512224,541667,17876617600,0,0,0
RM205,20220218,20220218,133120500,13:31:21,3469,512266,541678,17878083400,42,11,1465800
RM205,20220218,20220218,133121000,13:31:21,3469,512390,541627,17882411000,124,-51,4327600
RM205,20220218,20220218,133121500,13:31:22,3469,512397,541623,17882655300,7,-4,244300
RM205,20220218,20220218,133122000,13:31:22,3469,512401,541624,17882794900,4,1,139600
RM205,20220218,20220218,133122500,13:31:25,3469,512413,541634,17883213700,12,10,418800
RM205,20220218,20220218,133123000,13:31:25,3469,512413,541634,17883213700,0,0,0
RM205,20220218,20220218,133123500,13:31:25,3469,512414,541634,17883248600,1,0,34900
RM205,20220218,20220218,133124000,13:31:25,3469,512417,541635,17883353300,3,1,104700
RM205,20220218,20220218,133124500,13:31:25,3469,512427,541635,17883702300,10,0,349000
RM205,20220218,20220218,133156000,13:31:56,3469,512427,541635,17883702300,0,0,0
RM205,20220218,20220218,133158500,13:31:58,3469,512451,541624,17884539900,24,-11,837600
RM205,20220218,20220218,133159500,13:32:00,3469,512451,541624,17884539900,0,0,0
RM205,20220218,20220218,133200000,13:32:01,3468,513419,541756,17918323100,968,132,33783200
RM205,20220218,20220218,133200500,13:32:01,3469,513475,541738,17920277500,56,-18,1954400
RM205,20220218,20220218,133201000,13:32:01,3468,513765,541603,17930398500,290,-135,10121000
RM205,20220218,20220218,133201500,13:32:01,3469,513769,541604,17930538100,4,1,139600
RM205,20220218,20220218,133202000,13:32:03,3468,513774,541609,17930712600,5,5,174500
RM205,20220218,20220218,133202500,13:32:04,3468,513810,541599,17931969000,36,-10,1256400
RM205,20220218,20220218,133203000,13:32:05,3468,513820,541591,17932318000,10,-8,349000
RM205,20220218,20220218,133203500,13:32:05,3468,513829,541591,17932632100,9,0,314100
RM205,20220218,20220218,133204000,13:32:05,3469,513833,541589,17932771700,4,-2,139600
RM205,20220218,20220218,133205000,13:32:05,3468,513864,541572,17933853600,31,-17,1081900
RM205,20220218,20220218,133205500,13:32:06,3468,513866,541572,17933923400,2,0,69800
RM205,20220218,20220218,133206000,13:32:07,3468,513880,541561,17934412000,14,-11,488600
RM205,20220218,20220218,133206500,13:32:07,3467,513881,541561,17934446900,1,0,34900
RM205,20220218,20220218,133207000,13:32:07,3467,513886,541559,17934621400,5,-2,174500
RM205,20220218,20220218,133207500,13:32:07,3467,513913,541551,17935563700,27,-8,942300
RM205,20220218,20220218,133208000,13:32:09,3468,513919,541552,17935773100,6,1,209400
RM205,20220218,20220218,133208500,13:32:10,3468,513938,541551,17936436200,19,-1,663100
RM205,20220218,20220218,133209000,13:32:10,3467,514060,541584,17940694000,122,33,4257800
RM205,20220218,20220218,133209500,13:32:10,3467,514175,541637,17944707500,115,53,4013500
RM205,20220218,20220218,133210000,13:32:11,3467,514180,541641,17944882000,5,4,174500
RM205,20220218,20220218,133210500,13:32:13,3467,514188,541641,17945161200,8,0,279200
RM205,20220218,20220218,133211000,13:32:14,3466,514193,541641,17945335700,5,0,174500
RM205,20220218,20220218,133213000,13:32:15,3466,514426,541765,17953467400,233,124,8131700
RM205,20220218,20220218,133214000,13:32:15,3467,514495,541812,17955875500,69,47,2408100
RM205,20220218,20220218,133214500,13:32:16,3467,514501,541813,17956084900,6,1,209400
RM205,20220218,20220218,133215000,13:32:16,3467,514514,541824,17956538600,13,11,453700
RM205,20220218,20220218,133215500,13:32:16,3467,514536,541826,17957306400,22,2,767800
RM205,20220218,20220218,133216000,13:32:17,3467,514601,541812,17959574900,65,-14,2268500
RM205,20220218,20220218,133216500,13:32:17,3467,514601,541812,17959574900,0,0,0
RM205,20220218,20220218,133217000,13:32:17,3467,514606,541814,17959749400,5,2,174500
RM205,20220218,20220218,133218000,13:32:18,3467,514608,541814,17959819200,2,0,69800
RM205,20220218,20220218,133218500,13:32:19,3467,514611,541814,17959923900,3,0,104700
RM205,20220218,20220218,133219000,13:32:20,3468,514612,541814,17959958800,1,0,34900
RM205,20220218,20220218,133219500,13:32:20,3467,514621,541817,17960272900,9,3,314100
RM205,20220218,20220218,133220000,13:32:20,3468,514623,541817,17960342700,2,0,69800
RM205,20220218,20220218,133220500,13:32:21,3467,514686,541786,17962541400,63,-31,2198700
RM205,20220218,20220218,133221000,13:32:21,3467,514686,541786,17962541400,0,0,0
RM205,20220218,20220218,133221500,13:32:22,3467,514692,541787,17962750800,6,1,209400
RM205,20220218,20220218,133222000,13:32:22,3467,514709,541798,17963344100,17,11,593300
RM205,20220218,20220218,133222500,13:32:23,3467,514760,541761,17965124000,51,-37,1779900
RM205,20220218,20220218,133223000,13:32:24,3467,514774,541765,17965612600,14,4,488600
RM205,20220218,20220218,133223500,13:32:24,3467,514779,541766,17965787100,5,1,174500
RM205,20220218,20220218,133224000,13:32:24,3467,514792,541775,17966240800,13,9,453700
RM205,20220218,20220218,133224500,13:32:25,3467,514853,541731,17968369700,61,-44,2128900
RM205,20220218,20220218,133225000,13:32:25,3466,514866,541731,17968823400,13,0,453700
RM205,20220218,20220218,133225500,13:32:26,3466,514883,541732,17969416700,17,1,593300
RM205,20220218,20220218,133226000,13:32:27,3467,514890,541728,17969661000,7,-4,244300
RM205,20220218,20220218,133226500,13:32:27,3467,514905,541735,17970184500,15,7,523500
RM205,20220218,20220218,133227000,13:32:27,3466,514936,541759,17971266400,31,24,1081900
RM205,20220218,20220218,133227500,13:32:28,3467,514937,541759,17971301300,1,0,34900
RM205,20220218,20220218,133228000,13:32:32,3467,514939,541759,17971371100,2,0,69800
RM205,20220218,20220218,133228500,13:32:32,3467,514944,541756,17971545600,5,-3,174500
RM205,20220218,20220218,133229000,13:32:33,3467,514949,541754,17971720100,5,-2,174500
RM205,20220218,20220218,133232000,13:32:34,3468,514983,541752,17972906700,34,-2,1186600
RM205,20220218,20220218,133232500,13:32:35,3468,514983,541752,17972906700,0,0,0
RM205,20220218,20220218,133234500,13:32:35,3468,515046,541754,17975105400,63,2,2198700
RM205,20220218,20220218,133235000,13:32:36,3467,515052,541755,17975314800,6,1,209400
RM205,20220218,20220218,133235500,13:32:36,3468,515054,541755,17975384600,2,0,69800
RM205,20220218,20220218,133236000,13:32:37,3467,515182,541742,17979851800,128,-13,4467200
RM205,20220218,20220218,133236500,13:32:37,3467,515184,541741,17979921600,2,-1,69800
RM205,20220218,20220218,133237000,13:32:37,3467,515185,541740,17979956500,1,-1,34900
RM205,20220218,20220218,133237500,13:32:37,3467,515191,541739,17980165900,6,-1,209400
RM205,20220218,20220218,133238000,13:32:38,3467,515196,541736,17980340400,5,-3,174500
RM205,20220218,20220218,133238500,13:32:39,3467,515197,541736,17980375300,1,0,34900
RM205,20220218,20220218,133239000,13:32:39,3467,515221,541732,17981212900,24,-4,837600
RM205,20220218,20220218,133239500,13:32:40,3466,515223,541731,17981282700,2,-1,69800
RM205,20220218,20220218,133240000,13:32:40,3467,515225,541729,17981352500,2,-2,69800
RM205,20220218,20220218,133240500,13:32:40,3467,515227,541729,17981422300,2,0,69800
RM205,20220218,20220218,133241000,13:32:41,3466,515265,541730,17982748500,38,1,1326200
RM205,20220218,20220218,133241500,13:32:42,3466,515267,541730,17982818300,2,0,69800
RM205,20220218,20220218,133242000,13:32:42,3467,515270,541730,17982923000,3,0,104700
RM205,20220218,20220218,133242500,13:32:42,3467,515272,541730,17982992800,2,0,69800
RM205,20220218,20220218,133243000,13:32:43,3466,515337,541759,17985261300,65,29,2268500
RM205,20220218,20220218,133243500,13:32:43,3466,515338,541758,17985296200,1,-1,34900
RM205,20220218,20220218,133244000,13:32:44,3466,515339,541757,17985331100,1,-1,34900
RM205,20220218,20220218,133244500,13:32:45,3466,515358,541758,17985994200,19,1,663100
RM205,20220218,20220218,133245000,13:32:45,3467,515365,541756,17986238500,7,-2,244300
RM205,20220218,20220218,133245500,13:32:45,3466,515366,541757,17986273400,1,1,34900
RM205,20220218,20220218,133246000,13:32:47,3467,515369,541758,17986378100,3,1,104700
RM205,20220218,20220218,133246500,13:32:47,3467,515371,541758,17986447900,2,0,69800
RM205,20220218,20220218,133247000,13:32:47,3466,515375,541759,17986587500,4,1,139600
RM205,20220218,20220218,133247500,13:32:48,3466,515379,541762,17986727100,4,3,139600
RM205,20220218,20220218,133248000,13:32:48,3467,515397,541762,17987355300,18,0,628200
RM205,20220218,20220218,133248500,13:32:49,3466,515399,541764,17987425100,2,2,69800
RM205,20220218,20220218,133249000,13:32:49,3466,515399,541764,17987425100,0,0,0
RM205,20220218,20220218,133249500,13:32:50,3466,515402,541765,17987529800,3,1,104700
RM205,20220218,20220218,133250000,13:32:52,3467,515411,541757,17987843900,9,-8,314100
RM205,20220218,20220218,133250500,13:32:52,3466,515432,541762,17988576800,21,5,732900
RM205,20220218,20220218,133251000,13:32:52,3466,515438,541764,17988786200,6,2,209400
RM205,20220218,20220218,133251500,13:32:53,3466,515449,541763,17989170100,11,-1,383900
RM205,20220218,20220218,133252500,13:32:53,3466,515455,541765,17989379500,6,2,209400
RM205,20220218,20220218,133253000,13:32:53,3466,515462,541767,17989623800,7,2,244300
RM205,20220218,20220218,133253500,13:32:54,3467,515484,541787,17990391600,22,20,767800
RM205,20220218,20220218,133254000,13:32:54,3467,515490,541791,17990601000,6,4,209400
RM205,20220218,20220218,133254500,13:32:55,3466,515492,541792,17990670800,2,1,69800
RM205,20220218,20220218,133255000,13:32:55,3466,515495,541792,17990775500,3,0,104700
RM205,20220218,20220218,133255500,13:32:55,3466,515495,541792,17990775500,0,0,0
RM205,20220218,20220218,133256000,13:32:56,3466,515498,541793,17990880200,3,1,104700
RM205,20220218,20220218,133256500,13:32:57,3466,515520,541814,17991648000,22,21,767800
RM205,20220218,20220218,133257000,13:32:59,3466,515524,541814,17991787600,4,0,139600
RM205,20220218,20220218,133257500,13:33:00,3466,515524,541814,17991787600,0,0,0
RM205,20220218,20220218,133258000,13:33:00,3466,515528,541816,17991927200,4,2,139600
RM205,20220218,20220218,133259500,13:33:00,3466,515534,541816,17992136600,6,0,209400
RM205,20220218,20220218,133300000,13:33:01,3466,515535,541817,17992171500,1,1,34900
RM205,20220218,20220218,133300500,13:33:01,3466,515539,541815,17992311100,4,-2,139600
RM205,20220218,20220218,133301000,13:33:02,3466,515547,541816,17992590300,8,1,279200
RM205,20220218,20220218,133301500,13:33:02,3466,515551,541814,17992729900,4,-2,139600
RM205,20220218,20220218,133302000,13:33:03,3467,515568,541805,17993323200,17,-9,593300
RM205,20220218,20220218,133302500,13:33:03,3467,515571,541803,17993427900,3,-2,104700
RM205,20220218,20220218,133303000,13:33:03,3466,515577,541803,17993637300,6,0,209400
RM205,20220218,20220218,133303500,13:33:04,3466,515577,541803,17993637300,0,0,0
RM205,20220218,20220218,133304000,13:33:04,3467,515580,541801,17993742000,3,-2,104700
RM205,20220218,20220218,133304500,13:33:05,3466,515585,541798,17993916500,5,-3,174500
RM205,20220218,20220218,133305000,13:33:05,3467,515589,541796,17994056100,4,-2,139600
RM205,20220218,20220218,133305500,13:33:05,3466,515591,541796,17994125900,2,0,69800
RM205,20220218,20220218,133306000,13:33:06,3467,515606,541788,17994649400,15,-8,523500
RM205,20220218,20220218,133306500,13:33:06,3467,515606,541788,17994649400,0,0,0
RM205,20220218,20220218,133307000,13:33:07,3467,515608,541786,17994719200,2,-2,69800
RM205,20220218,20220218,133307500,13:33:08,3466,515609,541787,17994754100,1,1,34900
RM205,20220218,20220218,133308000,13:33:08,3467,515610,541786,17994789000,1,-1,34900
RM205,20220218,20220218,133308500,13:33:09,3466,515614,541790,17994928600,4,4,139600
RM205,20220218,20220218,133309000,13:33:09,3467,515626,541788,17995347400,12,-2,418800
RM205,20220218,20220218,133309500,13:33:11,3467,515629,541787,17995452100,3,-1,104700
RM205,20220218,20220218,133310000,13:33:11,3466,515630,541787,17995487000,1,0,34900
RM205,20220218,20220218,133310500,13:33:12,3467,515641,541792,17995870900,11,5,383900
RM205,20220218,20220218,133311000,13:33:13,3467,515981,541745,18007736900,340,-47,11866000
RM205,20220218,20220218,133311500,13:33:14,3467,515992,541740,18008120800,11,-5,383900
RM205,20220218,20220218,133312000,13:33:14,3467,515995,541739,18008225500,3,-1,104700
RM205,20220218,20220218,133312500,13:33:14,3467,515995,541739,18008225500,0,0,0
RM205,20220218,20220218,133313500,13:33:14,3467,516006,541735,18008609400,11,-4,383900
RM205,20220218,20220218,133314000,13:33:17,3467,516013,541739,18008853700,7,4,244300
RM205,20220218,20220218,133314500,13:33:17,3467,516016,541737,18008958400,3,-2,104700
RM205,20220218,20220218,133315000,13:33:18,3467,516022,541738,18009167800,6,1,209400
RM205,20220218,20220218,133315500,13:33:18,3467,516027,541737,18009342300,5,-1,174500
RM205,20220218,20220218,133317000,13:33:18,3467,516042,541732,18009865800,15,-5,523500
RM205,20220218,20220218,133317500,13:33:19,3467,516179,541736,18014647100,137,4,4781300
RM205,20220218,20220218,133318000,13:33:19,3468,516184,541736,18014821600,5,0,174500
RM205,20220218,20220218,133318500,13:33:19,3468,516185,541736,18014856500,1,0,34900
RM205,20220218,20220218,133319000,13:33:20,3469,516190,541738,18015031000,5,2,174500
RM205,20220218,20220218,133319500,13:33:20,3469,516190,541738,18015031000,0,0,0
RM205,20220218,20220218,133320000,13:33:21,3468,516204,541741,18015519600,14,3,488600
RM205,20220218,20220218,133320500,13:33:21,3468,516208,541741,18015659200,4,0,139600
RM205,20220218,20220218,133321000,13:33:22,3469,516242,541743,18016845800,34,2,1186600
RM205,20220218,20220218,133321500,13:33:22,3468,516243,541743,18016880700,1,0,34900
RM205,20220218,20220218,133322000,13:33:22,3468,516258,541744,18017404200,15,1,523500
RM205,20220218,20220218,133322500,13:33:22,3469,516269,541746,18017788100,11,2,383900
RM205,20220218,20220218,133323000,13:33:23,3468,516292,541749,18018590800,23,3,802700
RM205,20220218,20220218,133323500,13:33:24,3468,516297,541749,18018765300,5,0,174500
RM205,20220218,20220218,133324000,13:33:24,3469,516298,541749,18018800200,1,0,34900
RM205,20220218,20220218,133324500,13:33:25,3469,516299,541748,18018835100,1,-1,34900
RM205,20220218,20220218,133325000,13:33:26,3469,516299,541748,18018835100,0,0,0
RM205,20220218,20220218,133325500,13:33:27,3468,516365,541735,18021138500,66,-13,2303400
RM205,20220218,20220218,133326000,13:33:28,3469,516370,541730,18021313000,5,-5,174500
RM205,20220218,20220218,133326500,13:33:29,3469,516381,541730,18021696900,11,0,383900
RM205,20220218,20220218,133327000,13:33:29,3468,516403,541752,18022464700,22,22,767800
RM205,20220218,20220218,133327500,13:33:29,3468,516404,541753,18022499600,1,1,34900
RM205,20220218,20220218,133328500,13:33:30,3468,516416,541756,18022918400,12,3,418800
RM205,20220218,20220218,133329500,13:33:30,3469,516428,541754,18023337200,12,-2,418800
RM205,20220218,20220218,133330000,13:33:30,3469,516434,541754,18023546600,6,0,209400
RM205,20220218,20220218,133330500,13:33:31,3468,516516,541725,18026408400,82,-29,2861800
RM205,20220218,20220218,133331000,13:33:32,3468,516516,541725,18026408400,0,0,0
RM205,20220218,20220218,133331500,13:33:32,3469,516521,541729,18026582900,5,4,174500
RM205,20220218,20220218,133332000,13:33:32,3469,516522,541730,18026617800,1,1,34900
RM205,20220218,20220218,133332500,13:33:33,3469,516534,541732,18027036600,12,2,418800
RM205,20220218,20220218,133333000,13:33:33,3469,516614,541738,18029828600,80,6,2792000
RM205,20220218,20220218,133333500,13:33:33,3469,516614,541738,18029828600,0,0,0
RM205,20220218,20220218,133334000,13:33:34,3468,516620,541734,18030038000,6,-4,209400
RM205,20220218,20220218,133334500,13:33:35,3469,516621,541734,18030072900,1,0,34900
RM205,20220218,20220218,133335000,13:33:35,3469,516622,541734,18030107800,1,0,34900
RM205,20220218,20220218,133335500,13:33:35,3469,516622,541734,18030107800,0,0,0
RM205,20220218,20220218,133336000,13:33:36,3469,516623,541734,18030142700,1,0,34900
RM205,20220218,20220218,133336500,13:33:36,3469,516636,541744,18030596400,13,10,453700
RM205,20220218,20220218,133337000,13:33:37,3469,516636,541744,18030596400,0,0,0
RM205,20220218,20220218,133337500,13:33:37,3469,516661,541750,18031468900,25,6,872500
RM205,20220218,20220218,133338000,13:33:38,3468,516664,541753,18031573600,3,3,104700
RM205,20220218,20220218,133338500,13:33:39,3468,516666,541755,18031643400,2,2,69800
RM205,20220218,20220218,133339000,13:33:39,3468,516671,541760,18031817900,5,5,174500
RM205,20220218,20220218,133339500,13:33:40,3468,516700,541773,18032830000,29,13,1012100
RM205,20220218,20220218,133340000,13:33:40,3468,516700,541773,18032830000,0,0,0
RM205,20220218,20220218,133340500,13:33:41,3468,516702,541775,18032899800,2,2,69800
RM205,20220218,20220218,133341000,13:33:41,3468,516702,541775,18032899800,0,0,0
RM205,20220218,20220218,133341500,13:33:42,3468,516706,541779,18033039400,4,4,139600
RM205,20220218,20220218,133342000,13:33:42,3468,516706,541779,18033039400,0,0,0
RM205,20220218,20220218,133343000,13:33:43,3468,516706,541779,18033039400,0,0,0
RM205,20220218,20220218,133343500,13:33:44,3469,516707,541779,18033074300,1,0,34900
RM205,20220218,20220218,133344000,13:33:45,3469,516707,541779,18033074300,0,0,0
RM205,20220218,20220218,133344500,13:33:45,3469,516708,541780,18033109200,1,1,34900
RM205,20220218,20220218,133345000,13:33:45,3469,516709,541780,18033144100,1,0,34900
RM205,20220218,20220218,133345500,13:33:47,3469,516712,541779,18033248800,3,-1,104700
RM205,20220218,20220218,133346000,13:33:48,3468,516715,541780,18033353500,3,1,104700
RM205,20220218,20220218,133346500,13:33:48,3468,516721,541782,18033562900,6,2,209400
RM205,20220218,20220218,133347000,13:33:48,3469,516727,541788,18033772300,6,6,209400
RM205,20220218,20220218,133347500,13:33:49,3468,516731,541791,18033911900,4,3,139600
RM205,20220218,20220218,133348000,13:33:49,3468,516731,541791,18033911900,0,0,0
RM205,20220218,20220218,133348500,13:33:49,3469,516735,541791,18034051500,4,0,139600
RM205,20220218,20220218,133349000,13:33:50,3468,516737,541793,18034121300,2,2,69800
RM205,20220218,20220218,133349500,13:33:50,3469,516738,541793,18034156200,1,0,34900
RM205,20220218,20220218,133350000,13:33:50,3468,516743,541795,18034330700,5,2,174500
RM205,20220218,20220218,133350500,13:33:50,3468,516744,541796,18034365600,1,1,34900
RM205,20220218,20220218,133351000,13:33:51,3469,516745,541796,18034400500,1,0,34900
RM205,20220218,20220218,133351500,13:33:52,3469,516746,541795,18034435400,1,-1,34900
RM205,20220218,20220218,133352000,13:33:52,3469,516746,541795,18034435400,0,0,0
RM205,20220218,20220218,133352500,13:33:52,3468,516769,541787,18035238100,23,-8,802700
RM205,20220218,20220218,133353000,13:33:53,3468,516770,541787,18035273000,1,0,34900
RM205,20220218,20220218,133353500,13:33:53,3469,516774,541788,18035412600,4,1,139600
RM205,20220218,20220218,133354000,13:33:54,3468,516786,541798,18035831400,12,10,418800
RM205,20220218,20220218,133354500,13:33:55,3468,516786,541798,18035831400,0,0,0
RM205,20220218,20220218,133355000,13:33:56,3468,516786,541798,18035831400,0,0,0
RM205,20220218,20220218,133355500,13:33:56,3469,516791,541803,18036005900,5,5,174500
RM205,20220218,20220218,133356000,13:33:56,3469,516791,541803,18036005900,0,0,0
RM205,20220218,20220218,133356500,13:33:57,3469,516791,541803,18036005900,0,0,0
RM205,20220218,20220218,133357000,13:33:58,3469,516792,541803,18036040800,1,0,34900
RM205,20220218,20220218,133357500,13:33:58,3469,516792,541803,18036040800,0,0,0
RM205,20220218,20220218,133358000,13:33:58,3469,516792,541803,18036040800,0,0,0
RM205,20220218,20220218,133358500,13:33:58,3469,516792,541803,18036040800,0,0,0
RM205,20220218,20220218,133359000,13:33:59,3469,516792,541803,18036040800,0,0,0
RM205,20220218,20220218,133359500,13:34:00,3468,516808,541795,18036599200,16,-8,558400
RM205,20220218,20220218,133400000,13:34:00,3468,516971,541763,18042287900,163,-32,5688700
RM205,20220218,20220218,133400500,13:34:00,3468,516974,541763,18042392600,3,0,104700
RM205,20220218,20220218,133401000,13:34:01,3468,516975,541763,18042427500,1,0,34900
RM205,20220218,20220218,133402000,13:34:10,3468,516977,541762,18042497300,2,-1,69800
RM205,20220218,20220218,133402500,13:34:10,3468,516977,541762,18042497300,0,0,0
RM205,20220218,20220218,133403000,13:34:10,3468,516988,541770,18042881200,11,8,383900
RM205,20220218,20220218,133410000,13:34:11,3468,517028,541776,18044277200,40,6,1396000
RM205,20220218,20220218,133410500,13:34:12,3468,517035,541777,18044521500,7,1,244300
RM205,20220218,20220218,133411000,13:34:12,3468,517035,541777,18044521500,0,0,0
RM205,20220218,20220218,133411500,13:34:12,3468,517052,541777,18045114800,17,0,593300
RM205,20220218,20220218,133412000,13:34:12,3468,517072,541780,18045812800,20,3,698000
RM205,20220218,20220218,133412500,13:34:13,3467,517082,541785,18046161800,10,5,349000
RM205,20220218,20220218,133413000,13:34:13,3469,517129,541750,18047802100,47,-35,1640300
RM205,20220218,20220218,133413500,13:34:14,3469,517135,541748,18048011500,6,-2,209400
RM205,20220218,20220218,133414000,13:34:14,3469,517135,541748,18048011500,0,0,0
RM205,20220218,20220218,133414500,13:34:15,3469,517146,541748,18048395400,11,0,383900
RM205,20220218,20220218,133415000,13:34:15,3468,517148,541747,18048465200,2,-1,69800
RM205,20220218,20220218,133415500,13:34:16,3468,517148,541747,18048465200,0,0,0
RM205,20220218,20220218,133416000,13:34:16,3468,517148,541747,18048465200,0,0,0
RM205,20220218,20220218,133416500,13:34:16,3468,517150,541747,18048535000,2,0,69800
RM205,20220218,20220218,133417000,13:34:17,3468,517150,541747,18048535000,0,0,0
RM205,20220218,20220218,133417500,13:34:17,3469,517159,541748,18048849100,9,1,314100
RM205,20220218,20220218,133418500,13:34:19,3469,517164,541749,18049023600,5,1,174500
RM205,20220218,20220218,133419000,13:34:19,3469,517215,541759,18050803500,51,10,1779900
RM205,20220218,20220218,133419500,13:34:20,3469,517216,541759,18050838400,1,0,34900
RM205,20220218,20220218,133420000,13:34:20,3469,517218,541761,18050908200,2,2,69800
RM205,20220218,20220218,133420500,13:34:21,3469,517219,541762,18050943100,1,1,34900
RM205,20220218,20220218,133421000,13:34:23,3470,517220,541762,18050978000,1,0,34900
RM205,20220218,20220218,133421500,13:34:23,3468,517227,541767,18051222300,7,5,244300
RM205,20220218,20220218,133423500,13:34:24,3469,517233,541766,18051431700,6,-1,209400
RM205,20220218,20220218,133424000,13:34:24,3469,517234,541765,18051466600,1,-1,34900
RM205,20220218,20220218,133424500,13:34:24,3469,517235,541765,18051501500,1,0,34900
RM205,20220218,20220218,133425000,13:34:25,3469,517237,541764,18051571300,2,-1,69800
RM205,20220218,20220218,133425500,13:34:26,3469,517237,541764,18051571300,0,0,0
RM205,20220218,20220218,133426000,13:34:26,3468,517241,541763,18051710900,4,-1,139600
RM205,20220218,20220218,133426500,13:34:26,3469,517243,541765,18051780700,2,2,69800
RM205,20220218,20220218,133427000,13:34:27,3469,517244,541766,18051815600,1,1,34900
RM205,20220218,20220218,133427500,13:34:27,3469,517252,541767,18052094800,8,1,279200
RM205,20220218,20220218,133428000,13:34:28,3469,517254,541769,18052164600,2,2,69800
RM205,20220218,20220218,133428500,13:34:29,3469,517255,541770,18052199500,1,1,34900
RM205,20220218,20220218,133429000,13:34:29,3468,517256,541770,18052234400,1,0,34900
RM205,20220218,20220218,133429500,13:34:29,3469,517270,541762,18052723000,14,-8,488600
RM205,20220218,20220218,133430000,13:34:30,3469,517270,541762,18052723000,0,0,0
RM205,20220218,20220218,133430500,13:34:30,3469,517270,541762,18052723000,0,0,0
RM205,20220218,20220218,133431000,13:34:31,3469,517272,541762,18052792800,2,0,69800
RM205,20220218,20220218,133431500,13:34:31,3469,517275,541761,18052897500,3,-1,104700
RM205,20220218,20220218,133432000,13:34:32,3469,517276,541761,18052932400,1,0,34900
RM205,20220218,20220218,133433000,13:34:33,3470,517277,541762,18052967300,1,1,34900
RM205,20220218,20220218,133433500,13:34:34,3469,517278,541762,18053002200,1,0,34900
RM205,20220218,20220218,133434000,13:34:34,3469,517278,541762,18053002200,0,0,0
RM205,20220218,20220218,133434500,13:34:35,3469,517284,541762,18053211600,6,0,209400
RM205,20220218,20220218,133435000,13:34:35,3470,517285,541763,18053246500,1,1,34900
RM205,20220218,20220218,133435500,13:34:36,3470,517287,541763,18053316300,2,0,69800
