SA206,20220218,20220218,112002500,11:20:05,2860,8177,53367,463635900,8177,814,463635900
SA206,20220218,20220218,112004500,11:20:09,2859,8187,53357,464202900,10,-10,567000
SA206,20220218,20220218,112006000,11:20:10,2859,8198,53346,464826600,11,-11,623700
SA206,20220218,20220218,112007000,11:20:10,2859,8204,53340,465166800,6,-6,340200
SA206,20220218,20220218,112008000,11:20:10,2859,8210,53334,465507000,6,-6,340200
SA206,20220218,20220218,112008500,11:20:10,2861,8212,53336,465620400,2,2,113400
SA206,20220218,20220218,112009000,11:20:10,2861,8212,53336,465620400,0,0,0
SA206,20220218,20220218,112009500,11:20:10,2859,8225,53323,466357500,13,-13,737100
SA206,20220218,20220218,112010000,11:20:10,2859,8231,53317,466697700,6,-6,340200
SA206,20220218,20220218,112010500,11:20:10,2861,8233,53317,466811100,2,0,113400
SA206,20220218,20220218,112011000,11:20:11,2859,8239,53311,467151300,6,-6,340200
SA206,20220218,20220218,112011500,11:20:12,2859,8239,53311,467151300,0,0,0
SA206,20220218,20220218,112012500,11:20:12,2859,8254,53296,468001800,15,-15,850500
SA206,20220218,20220218,112013000,11:20:13,2859,8254,53296,468001800,0,0,0
SA206,20220218,20220218,112013500,11:20:13,2860,8262,53288,468455400,8,-8,453600
SA206,20220218,20220218,112015000,11:20:15,2860,8270,53280,468909000,8,-8,453600
SA206,20220218,20220218,112015500,11:20:16,2860,8279,53271,469584880,9,-9,675880
SA206,20220218,20220218,112017000,11:20:17,2860,8279,53271,469584880,0,0,0
SA206,20220218,20220218,112017500,11:20:17,2860,8297,53253,470605840,18,-18,1020960
SA206,20220218,20220218,112018500,11:20:18,2860,8305,53245,471059600,8,-8,453760
SA206,20220218,20220218,112019000,11:20:19,2860,8316,53234,471683520,11,-11,623920
SA206,20220218,20220218,112023500,11:20:23,2860,8316,53234,471683520,0,0,0
SA206,20220218,20220218,112024000,11:20:24,2860,8316,53234,471683520,0,0,0
SA206,20220218,20220218,112024500,11:20:24,2860,8316,53234,471683520,0,0,0
SA206,20220218,20220218,112025500,11:20:26,2860,8316,53234,471683520,0,0,0
SA206,20220218,20220218,112026000,11:20:26,2860,8316,53234,471683520,0,0,0
SA206,20220218,20220218,112026500,11:20:26,2860,8316,53234,471683520,0,0,0
SA206,20220218,20220218,112029000,11:20:29,2860,8317,53233,471740240,1,-1,56720
SA206,20220218,20220218,112029500,11:20:30,2860,8317,53233,471740240,0,0,0
SA206,20220218,20220218,112030000,11:20:31,2859,8337,53232,472874640,20,-1,1134400
SA206,20220218,20220218,112030500,11:20:31,2859,8337,53232,472874640,0,0,0
SA206,20220218,20220218,112031500,11:20:32,2859,8337,53232,472874640,0,0,0
SA206,20220218,20220218,112033000,11:20:33,2859,8337,53232,472874640,0,0,0
SA206,20220218,20220218,112033500,11:20:33,2859,8337,53232,472874640,0,0,0
SA206,20220218,20220218,112034000,11:20:34,2859,8337,53232,472874640,0,0,0
SA206,20220218,20220218,112034500,11:20:35,2859,8337,53232,472874640,0,0,0
SA206,20220218,20220218,112035000,11:20:35,2859,8337,53232,472874640,0,0,0
SA206,20220218,20220218,112036500,11:20:37,2859,8337,53232,472874640,0,0,0
SA206,20220218,20220218,112040500,11:20:41,2859,8337,53232,472874640,0,0,0
SA206,20220218,20220218,112043500,11:20:44,2859,8337,53232,472874640,0,0,0
SA206,20220218,20220218,112044000,11:20:44,2859,8337,53232,472874640,0,0,0
SA206,20220218,20220218,112045500,11:20:46,2859,8337,53232,472874640,0,0,0
SA206,20220218,20220218,112046000,11:20:46,2859,8337,53232,472874640,0,0,0
SA206,20220218,20220218,112046500,11:20:46,2859,8337,53232,472874640,0,0,0
SA206,20220218,20220218,112047000,11:20:47,2859,8337,53232,472874640,0,0,0
SA206,20220218,20220218,112047500,11:20:48,2859,8337,53232,472874640,0,0,0
SA206,20220218,20220218,112048000,11:20:48,2861,8341,53236,473101520,4,4,226880
SA206,20220218,20220218,112048500,11:20:50,2861,8341,53236,473101520,0,0,0
SA206,20220218,20220218,112052000,11:20:53,2861,8342,53235,473158240,1,-1,56720
SA206,20220218,20220218,112053000,11:20:53,2861,8345,53232,473328400,3,-3,170160
SA206,20220218,20220218,112053500,11:20:53,2861,8345,53232,473328400,0,0,0
SA206,20220218,20220218,112054000,11:20:54,2861,8345,53232,473328400,0,0,0
SA206,20220218,20220218,112054500,11:20:55,2861,8345,53232,473328400,0,0,0
SA206,20220218,20220218,112055000,11:20:55,2861,8345,53232,473328400,0,0,0
SA206,20220218,20220218,112055500,11:20:56,2861,8345,53232,473328400,0,0,0
SA206,20220218,20220218,112056000,11:20:56,2861,8345,53232,473328400,0,0,0
SA206,20220218,20220218,112059000,11:20:59,2861,8345,53232,473328400,0,0,0
SA206,20220218,20220218,112059500,11:21:00,2861,8345,53232,473328400,0,0,0
SA206,20220218,20220218,112102000,11:21:03,2861,8345,53232,473328400,0,0,0
SA206,20220218,20220218,112102500,11:21:03,2861,8345,53232,473328400,0,0,0
SA206,20220218,20220218,112103500,11:21:04,2861,8345,53232,473328400,0,0,0
SA206,20220218,20220218,112104000,11:21:04,2861,8345,53232,473328400,0,0,0
SA206,20220218,20220218,112104500,11:21:05,2862,8352,53230,473725440,7,-2,397040
SA206,20220218,20220218,112105000,11:21:06,2862,8352,53230,473725440,0,0,0
SA206,20220218,20220218,112106000,11:21:07,2862,8352,53230,473725440,0,0,0
SA206,20220218,20220218,112106500,11:21:07,2863,8355,53232,473895600,3,2,170160
SA206,20220218,20220218,112107000,11:21:10,2863,8357,53232,474009040,2,0,113440
SA206,20220218,20220218,112107500,11:21:10,2863,8357,53232,474009040,0,0,0
SA206,20220218,20220218,112110000,11:21:10,2863,8357,53232,474009040,0,0,0
SA206,20220218,20220218,112110500,11:21:11,2864,8359,53231,474122480,2,-1,113440
SA206,20220218,20220218,112113000,11:21:13,2864,8362,53234,474292640,3,3,170160
SA206,20220218,20220218,112114500,11:21:14,2864,8363,53235,474349360,1,1,56720
SA206,20220218,20220218,112115000,11:21:15,2863,8368,53235,474632960,5,0,283600
SA206,20220218,20220218,112115500,11:21:15,2862,8370,53235,474746400,2,0,113440
SA206,20220218,20220218,112116000,11:21:16,2862,8370,53235,474746400,0,0,0
SA206,20220218,20220218,112116500,11:21:17,2862,8387,53252,475710640,17,17,964240
SA206,20220218,20220218,112117000,11:21:17,2862,8387,53252,475710640,0,0,0
SA206,20220218,20220218,112118000,11:21:18,2862,8405,53270,476731600,18,18,1020960
SA206,20220218,20220218,112119000,11:21:19,2862,8407,53272,476845040,2,2,113440
SA206,20220218,20220218,112119500,11:21:19,2862,8407,53272,476845040,0,0,0
SA206,20220218,20220218,112120000,11:21:20,2862,8422,53287,477695840,15,15,850800
SA206,20220218,20220218,112120500,11:21:22,2862,8422,53287,477695840,0,0,0
SA206,20220218,20220218,112121000,11:21:22,2862,8422,53287,477695840,0,0,0
SA206,20220218,20220218,112121500,11:21:22,2863,8438,53303,478603360,16,16,907520
SA206,20220218,20220218,112122000,11:21:22,2863,8444,53308,478943680,6,5,340320
SA206,20220218,20220218,112122500,11:21:22,2863,8444,53308,478943680,0,0,0
SA206,20220218,20220218,112123000,11:21:23,2863,8457,53321,479681040,13,13,737360
SA206,20220218,20220218,112123500,11:21:23,2863,8457,53321,479681040,0,0,0
SA206,20220218,20220218,112124500,11:21:25,2863,8471,53335,480475120,14,14,794080
SA206,20220218,20220218,112125500,11:23:32,2863,8473,53337,480588560,2,2,113440
SA206,20220218,20220218,112126000,11:23:33,2863,8484,53348,481212480,11,11,623920
SA206,20220218,20220218,112332000,11:23:33,2868,8970,53472,509137200,486,124,27924720
SA206,20220218,20220218,112333000,11:23:33,2868,8972,53474,509250720,2,2,113520
SA206,20220218,20220218,112334000,11:23:34,2868,8984,53486,509931840,12,12,681120
SA206,20220218,20220218,112334500,11:23:34,2868,8984,53486,509931840,0,0,0
SA206,20220218,20220218,112335500,11:23:35,2868,8999,53501,510783240,15,15,851400
SA206,20220218,20220218,112336000,11:23:37,2868,9001,53503,510896760,2,2,113520
SA206,20220218,20220218,112337000,11:23:38,2868,9016,53517,511748160,15,14,851400
SA206,20220218,20220218,112337500,11:23:38,2868,9016,53517,511748160,0,0,0
SA206,20220218,20220218,112338000,11:23:38,2869,9033,53534,512713080,17,17,964920
SA206,20220218,20220218,112339000,11:23:39,2869,9035,53535,512826600,2,1,113520
SA206,20220218,20220218,112339500,11:23:39,2869,9035,53535,512826600,0,0,0
SA206,20220218,20220218,112340000,11:23:40,2869,9035,53535,512826600,0,0,0
SA206,20220218,20220218,112341000,11:23:41,2869,9035,53535,512826600,0,0,0
SA206,20220218,20220218,112341500,11:23:42,2869,9035,53535,512826600,0,0,0
SA206,20220218,20220218,112343000,11:23:43,2869,9035,53535,512826600,0,0,0
SA206,20220218,20220218,112343500,11:23:43,2869,9035,53535,512826600,0,0,0
SA206,20220218,20220218,112344000,11:23:48,2869,9035,53535,512826600,0,0,0
SA206,20220218,20220218,112345000,11:23:48,2869,9035,53535,512826600,0,0,0
SA206,20220218,20220218,112347500,11:23:48,2869,9035,53535,512826600,0,0,0
SA206,20220218,20220218,112348500,11:23:49,2869,9035,53535,512826600,0,0,0
SA206,20220218,20220218,112349000,11:23:49,2869,9035,53535,512826600,0,0,0
SA206,20220218,20220218,112349500,11:23:50,2869,9035,53535,512826600,0,0,0
SA206,20220218,20220218,112350000,11:23:50,2869,9035,53535,512826600,0,0,0
SA206,20220218,20220218,112350500,11:23:50,2874,9053,53539,513848280,18,4,1021680
SA206,20220218,20220218,112351500,11:23:51,2877,9155,53615,519820900,102,76,5972620
SA206,20220218,20220218,112352000,11:23:52,2877,9170,53619,520672600,15,4,851700
SA206,20220218,20220218,112352500,11:23:52,2876,9181,53619,521297180,11,0,624580
SA206,20220218,20220218,112353000,11:23:53,2875,9182,53619,521353960,1,0,56780
SA206,20220218,20220218,112353500,11:23:53,2875,9182,53619,521353960,0,0,0
SA206,20220218,20220218,112354500,11:23:55,2875,9182,53619,521353960,0,0,0
SA206,20220218,20220218,112355000,11:23:55,2875,9182,53619,521353960,0,0,0
SA206,20220218,20220218,112356000,11:23:56,2876,9185,53619,521524300,3,0,170340
SA206,20220218,20220218,112356500,11:23:56,2876,9185,53619,521524300,0,0,0
SA206,20220218,20220218,112357000,11:23:57,2876,9185,53619,521524300,0,0,0
SA206,20220218,20220218,112358000,11:23:58,2876,9185,53619,521524300,0,0,0
SA206,20220218,20220218,112358500,11:23:58,2876,9185,53619,521524300,0,0,0
SA206,20220218,20220218,112359000,11:23:59,2874,9189,53617,521751420,4,-2,227120
SA206,20220218,20220218,112400000,11:24:00,2874,9190,53618,521808200,1,1,56780
SA206,20220218,20220218,112401000,11:24:01,2874,9194,53620,522035320,4,2,227120
SA206,20220218,20220218,112402000,11:24:02,2874,9196,53622,522148880,2,2,113560
SA206,20220218,20220218,112402500,11:24:02,2874,9196,53622,522148880,0,0,0
SA206,20220218,20220218,112403000,11:24:03,2874,9215,53629,523227700,19,7,1078820
SA206,20220218,20220218,112403500,11:24:04,2874,9225,53629,523795500,10,0,567800
SA206,20220218,20220218,112404000,11:24:04,2874,9225,53629,523795500,0,0,0
SA206,20220218,20220218,112404500,11:24:04,2874,9225,53629,523795500,0,0,0
SA206,20220218,20220218,112405000,11:24:05,2877,9247,53635,525044660,22,6,1249160
SA206,20220218,20220218,112405500,11:24:05,2875,9248,53635,525101440,1,0,56780
SA206,20220218,20220218,112406000,11:24:06,2875,9250,53635,525215000,2,0,113560
SA206,20220218,20220218,112406500,11:24:06,2875,9250,53635,525215000,0,0,0
SA206,20220218,20220218,112407000,11:24:07,2875,9250,53635,525215000,0,0,0
SA206,20220218,20220218,112407500,11:24:08,2875,9250,53635,525215000,0,0,0
SA206,20220218,20220218,112408000,11:24:08,2875,9250,53635,525215000,0,0,0
SA206,20220218,20220218,112409000,11:24:11,2875,9250,53635,525215000,0,0,0
SA206,20220218,20220218,112409500,11:24:12,2875,9250,53635,525215000,0,0,0
SA206,20220218,20220218,112410000,11:24:12,2875,9250,53635,525215000,0,0,0
SA206,20220218,20220218,112411500,11:24:12,2875,9250,53635,525215000,0,0,0
SA206,20220218,20220218,112412000,11:24:12,2875,9250,53635,525215000,0,0,0
SA206,20220218,20220218,112412500,11:24:13,2875,9250,53635,525215000,0,0,0
SA206,20220218,20220218,112413000,11:24:13,2875,9250,53635,525215000,0,0,0
SA206,20220218,20220218,112413500,11:24:14,2873,9251,53635,525271780,1,0,56780
SA206,20220218,20220218,112415500,11:24:15,2873,9251,53635,525271780,0,0,0
SA206,20220218,20220218,112416500,11:24:17,2873,9253,53637,525385340,2,2,113560
SA206,20220218,20220218,112417000,11:24:17,2873,9253,53637,525385340,0,0,0
SA206,20220218,20220218,112417500,11:24:18,2873,9253,53637,525385340,0,0,0
SA206,20220218,20220218,112418500,11:24:19,2873,9253,53637,525385340,0,0,0
SA206,20220218,20220218,112419000,11:24:19,2873,9253,53637,525385340,0,0,0
SA206,20220218,20220218,112419500,11:24:20,2873,9253,53637,525385340,0,0,0
SA206,20220218,20220218,112420000,11:24:20,2873,9253,53637,525385340,0,0,0
SA206,20220218,20220218,112420500,11:24:20,2873,9255,53637,525498900,2,0,113560
SA206,20220218,20220218,112421000,11:24:21,2873,9255,53637,525498900,0,0,0
SA206,20220218,20220218,112421500,11:24:22,2873,9255,53637,525498900,0,0,0
SA206,20220218,20220218,112422000,11:24:22,2873,9255,53637,525498900,0,0,0
SA206,20220218,20220218,112423000,11:24:23,2873,9255,53637,525498900,0,0,0
SA206,20220218,20220218,112423500,11:24:24,2872,9256,53637,525555680,1,0,56780
SA206,20220218,20220218,112424000,11:24:24,2872,9256,53637,525555680,0,0,0
SA206,20220218,20220218,112424500,11:24:24,2872,9256,53637,525555680,0,0,0
SA206,20220218,20220218,112425000,11:24:25,2872,9260,53637,525782800,4,0,227120
SA206,20220218,20220218,112425500,11:24:25,2872,9261,53637,525839580,1,0,56780
SA206,20220218,20220218,112426000,11:24:26,2872,9262,53637,525896360,1,0,56780
SA206,20220218,20220218,112427000,11:24:27,2872,9264,53637,526009920,2,0,113560
SA206,20220218,20220218,112427500,11:24:28,2872,9264,53637,526009920,0,0,0
SA206,20220218,20220218,112428000,11:24:28,2873,9265,53638,526066700,1,1,56780
SA206,20220218,20220218,112428500,11:24:28,2873,9265,53638,526066700,0,0,0
SA206,20220218,20220218,112430000,11:24:30,2873,9265,53638,526066700,0,0,0
SA206,20220218,20220218,112430500,11:24:30,2875,9305,53633,528337900,40,-5,2271200
SA206,20220218,20220218,112431000,11:24:31,2874,9308,53630,528508240,3,-3,170340
SA206,20220218,20220218,112431500,11:24:31,2874,9310,53628,528621800,2,-2,113560
SA206,20220218,20220218,112432000,11:24:32,2874,9311,53627,528678580,1,-1,56780
SA206,20220218,20220218,112432500,11:24:32,2874,9311,53627,528678580,0,0,0
SA206,20220218,20220218,112433500,11:24:33,2874,9311,53627,528678580,0,0,0
SA206,20220218,20220218,112434000,11:24:34,2874,9311,53627,528678580,0,0,0
SA206,20220218,20220218,112435500,11:24:35,2874,9311,53627,528678580,0,0,0
SA206,20220218,20220218,112436500,11:24:36,2874,9311,53627,528678580,0,0,0
SA206,20220218,20220218,112437000,11:24:37,2874,9311,53627,528678580,0,0,0
SA206,20220218,20220218,112437500,11:24:39,2874,9311,53627,528678580,0,0,0
SA206,20220218,20220218,112438000,11:24:39,2874,9311,53627,528678580,0,0,0
SA206,20220218,20220218,112438500,11:24:39,2875,9312,53627,528735360,1,0,56780
SA206,20220218,20220218,112439000,11:24:40,2875,9312,53627,528735360,0,0,0
SA206,20220218,20220218,112439500,11:24:40,2875,9312,53627,528735360,0,0,0
SA206,20220218,20220218,112440000,11:24:40,2875,9312,53627,528735360,0,0,0
SA206,20220218,20220218,112440500,11:24:40,2875,9312,53627,528735360,0,0,0
SA206,20220218,20220218,112441000,11:24:41,2875,9312,53627,528735360,0,0,0
SA206,20220218,20220218,112441500,11:24:41,2875,9312,53627,528735360,0,0,0
SA206,20220218,20220218,112442000,11:24:42,2875,9312,53627,528735360,0,0,0
SA206,20220218,20220218,112442500,11:24:42,2875,9312,53627,528735360,0,0,0
SA206,20220218,20220218,112443500,11:24:43,2875,9313,53627,528792140,1,0,56780
SA206,20220218,20220218,112444000,11:24:44,2875,9313,53627,528792140,0,0,0
SA206,20220218,20220218,112444500,11:24:44,2875,9313,53627,528792140,0,0,0
SA206,20220218,20220218,112445000,11:24:45,2875,9323,53637,529359940,10,10,567800
SA206,20220218,20220218,112445500,11:24:45,2875,9323,53637,529359940,0,0,0
SA206,20220218,20220218,112446000,11:24:46,2875,9323,53637,529359940,0,0,0
SA206,20220218,20220218,112446500,11:24:46,2874,9324,53637,529416720,1,0,56780
SA206,20220218,20220218,112447500,11:24:47,2874,9324,53637,529416720,0,0,0
SA206,20220218,20220218,112448000,11:24:48,2874,9324,53637,529416720,0,0,0
SA206,20220218,20220218,112448500,11:24:49,2874,9324,53637,529416720,0,0,0
SA206,20220218,20220218,112449000,11:24:49,2874,9324,53637,529416720,0,0,0
SA206,20220218,20220218,112449500,11:24:49,2874,9324,53637,529416720,0,0,0
SA206,20220218,20220218,112450000,11:24:50,2874,9324,53637,529416720,0,0,0
SA206,20220218,20220218,112450500,11:24:50,2874,9324,53637,529416720,0,0,0
SA206,20220218,20220218,112451000,11:24:51,2874,9324,53637,529416720,0,0,0
SA206,20220218,20220218,112451500,11:24:52,2874,9324,53637,529416720,0,0,0
SA206,20220218,20220218,112454500,11:24:54,2874,9324,53637,529416720,0,0,0
SA206,20220218,20220218,112455000,11:24:55,2877,9328,53641,529643840,4,4,227120
SA206,20220218,20220218,112457000,11:24:57,2877,9328,53641,529643840,0,0,0
SA206,20220218,20220218,112458000,11:24:58,2877,9330,53643,529757400,2,2,113560
SA206,20220218,20220218,112458500,11:24:58,2877,9330,53643,529757400,0,0,0
SA206,20220218,20220218,112459000,11:24:59,2877,9330,53643,529757400,0,0,0
SA206,20220218,20220218,112501000,11:25:02,2877,9330,53643,529757400,0,0,0
SA206,20220218,20220218,112501500,11:25:05,2877,9330,53643,529757400,0,0,0
SA206,20220218,20220218,112502500,11:25:06,2877,9330,53643,529757400,0,0,0
SA206,20220218,20220218,112504500,11:25:06,2877,9330,53643,529757400,0,0,0
SA206,20220218,20220218,112506500,11:25:07,2877,9330,53643,529757400,0,0,0
SA206,20220218,20220218,112507000,11:25:07,2877,9330,53643,529757400,0,0,0
SA206,20220218,20220218,112507500,11:25:07,2877,9330,53643,529757400,0,0,0
SA206,20220218,20220218,112508500,11:25:09,2877,9330,53643,529757400,0,0,0
SA206,20220218,20220218,112509000,11:25:09,2877,9330,53643,529757400,0,0,0
SA206,20220218,20220218,112509500,11:25:09,2877,9330,53643,529757400,0,0,0
SA206,20220218,20220218,112510000,11:25:10,2877,9330,53643,529757400,0,0,0
SA206,20220218,20220218,112510500,11:25:10,2875,9338,53639,530211640,8,-4,454240
SA206,20220218,20220218,112511000,11:25:11,2875,9358,53640,531347240,20,1,1135600
SA206,20220218,20220218,112511500,11:25:11,2875,9358,53640,531347240,0,0,0
SA206,20220218,20220218,112513000,11:25:13,2875,9358,53640,531347240,0,0,0
SA206,20220218,20220218,112513500,11:25:15,2875,9358,53640,531347240,0,0,0
SA206,20220218,20220218,112514000,11:25:15,2875,9358,53640,531347240,0,0,0
SA206,20220218,20220218,112514500,11:25:16,2875,9358,53640,531347240,0,0,0
SA206,20220218,20220218,112515000,11:25:16,2875,9358,53640,531347240,0,0,0
SA206,20220218,20220218,112515500,11:25:16,2875,9358,53640,531347240,0,0,0
SA206,20220218,20220218,112517500,11:25:18,2875,9358,53640,531347240,0,0,0
SA206,20220218,20220218,112518000,11:25:19,2875,9358,53640,531347240,0,0,0
SA206,20220218,20220218,112519000,11:25:19,2874,9359,53640,531404020,1,0,56780
SA206,20220218,20220218,112519500,11:25:19,2874,9359,53640,531404020,0,0,0
SA206,20220218,20220218,112520000,11:25:21,2874,9359,53640,531404020,0,0,0
SA206,20220218,20220218,112520500,11:25:21,2874,9360,53640,531460800,1,0,56780
SA206,20220218,20220218,112521000,11:25:21,2874,9360,53640,531460800,0,0,0
SA206,20220218,20220218,112521500,11:25:22,2874,9360,53640,531460800,0,0,0
SA206,20220218,20220218,112522000,11:25:22,2874,9360,53640,531460800,0,0,0
SA206,20220218,20220218,112522500,11:25:22,2877,9370,53645,532028600,10,5,567800
SA206,20220218,20220218,112523000,11:25:23,2877,9370,53645,532028600,0,0,0
SA206,20220218,20220218,112523500,11:25:24,2877,9370,53645,532028600,0,0,0
SA206,20220218,20220218,112525000,11:25:25,2877,9379,53642,532539620,9,-3,511020
SA206,20220218,20220218,112525500,11:25:26,2877,9380,53641,532596400,1,-1,56780
SA206,20220218,20220218,112526500,11:25:27,2877,9380,53641,532596400,0,0,0
SA206,20220218,20220218,112528000,11:25:28,2877,9380,53641,532596400,0,0,0
SA206,20220218,20220218,112528500,11:25:28,2876,9384,53641,532823520,4,0,227120
SA206,20220218,20220218,112529000,11:25:29,2876,9384,53641,532823520,0,0,0
SA206,20220218,20220218,112529500,11:25:30,2876,9384,53641,532823520,0,0,0
SA206,20220218,20220218,112530500,11:25:31,2876,9384,53641,532823520,0,0,0
SA206,20220218,20220218,112531000,11:25:31,2876,9384,53641,532823520,0,0,0
SA206,20220218,20220218,112531500,11:25:32,2876,9384,53641,532823520,0,0,0
SA206,20220218,20220218,112532000,11:25:32,2876,9384,53641,532823520,0,0,0
SA206,20220218,20220218,112532500,11:25:33,2876,9384,53641,532823520,0,0,0
SA206,20220218,20220218,112533000,11:25:33,2874,9396,53639,533504880,12,-2,681360
SA206,20220218,20220218,112533500,11:25:33,2874,9396,53639,533504880,0,0,0
SA206,20220218,20220218,112534000,11:25:34,2874,9396,53639,533504880,0,0,0
SA206,20220218,20220218,112534500,11:25:35,2874,9396,53639,533504880,0,0,0
SA206,20220218,20220218,112536000,11:25:37,2874,9396,53639,533504880,0,0,0
SA206,20220218,20220218,112536500,11:25:37,2874,9396,53639,533504880,0,0,0
SA206,20220218,20220218,112537500,11:25:38,2874,9396,53639,533504880,0,0,0
SA206,20220218,20220218,112538000,11:25:38,2874,9396,53639,533504880,0,0,0
SA206,20220218,20220218,112538500,11:25:39,2874,9396,53639,533504880,0,0,0
SA206,20220218,20220218,112539000,11:25:39,2874,9396,53639,533504880,0,0,0
SA206,20220218,20220218,112539500,11:25:40,2874,9396,53639,533504880,0,0,0
SA206,20220218,20220218,112542000,11:25:42,2874,9396,53639,533504880,0,0,0
SA206,20220218,20220218,112542500,11:25:43,2874,9398,53641,533618440,2,2,113560
SA206,20220218,20220218,112543000,11:25:43,2874,9398,53641,533618440,0,0,0
SA206,20220218,20220218,112543500,11:25:43,2874,9398,53641,533618440,0,0,0
SA206,20220218,20220218,112544000,11:25:44,2874,9398,53641,533618440,0,0,0
SA206,20220218,20220218,112549500,11:25:49,2874,9398,53641,533618440,0,0,0
SA206,20220218,20220218,112550000,11:25:50,2874,9398,53641,533618440,0,0,0
SA206,20220218,20220218,112551000,11:25:51,2874,9398,53641,533618440,0,0,0
SA206,20220218,20220218,112551500,11:25:51,2874,9398,53641,533618440,0,0,0
SA206,20220218,20220218,112552500,11:25:52,2874,9398,53641,533618440,0,0,0
SA206,20220218,20220218,112555500,11:25:56,2874,9398,53641,533618440,0,0,0
SA206,20220218,20220218,112556500,11:25:57,2874,9398,53641,533618440,0,0,0
SA206,20220218,20220218,112558500,11:25:59,2874,9398,53641,533618440,0,0,0
SA206,20220218,20220218,112559000,11:26:00,2874,9398,53641,533618440,0,0,0
SA206,20220218,20220218,112559500,11:26:00,2874,9398,53641,533618440,0,0,0
SA206,20220218,20220218,112600000,11:26:00,2874,9398,53641,533618440,0,0,0
SA206,20220218,20220218,112600500,11:26:01,2874,9398,53641,533618440,0,0,0
SA206,20220218,20220218,112601000,11:26:01,2874,9398,53641,533618440,0,0,0
SA206,20220218,20220218,112601500,11:26:01,2874,9398,53641,533618440,0,0,0
SA206,20220218,20220218,112602000,11:26:03,2875,9399,53642,533675220,1,1,56780
SA206,20220218,20220218,112602500,11:26:03,2876,9405,53640,534015900,6,-2,340680
SA206,20220218,20220218,112603000,11:26:03,2876,9405,53640,534015900,0,0,0
SA206,20220218,20220218,112603500,11:26:04,2876,9405,53640,534015900,0,0,0
SA206,20220218,20220218,112604000,11:26:05,2876,9405,53640,534015900,0,0,0
SA206,20220218,20220218,112604500,11:26:05,2876,9405,53640,534015900,0,0,0
SA206,20220218,20220218,112605000,11:26:05,2875,9407,53640,534129460,2,0,113560
SA206,20220218,20220218,112605500,11:26:06,2877,9408,53639,534186240,1,-1,56780
SA206,20220218,20220218,112606000,11:26:06,2877,9408,53639,534186240,0,0,0
SA206,20220218,20220218,112606500,11:26:09,2877,9408,53639,534186240,0,0,0
SA206,20220218,20220218,112607000,11:26:09,2876,9410,53638,534299800,2,-1,113560
SA206,20220218,20220218,112607500,11:26:09,2876,9410,53638,534299800,0,0,0
SA206,20220218,20220218,112609000,11:26:09,2876,9410,53638,534299800,0,0,0
SA206,20220218,20220218,112609500,11:26:10,2876,9410,53638,534299800,0,0,0
SA206,20220218,20220218,112610000,11:26:10,2876,9410,53638,534299800,0,0,0
SA206,20220218,20220218,112610500,11:26:11,2876,9410,53638,534299800,0,0,0
SA206,20220218,20220218,112614000,11:26:15,2876,9410,53638,534299800,0,0,0
SA206,20220218,20220218,112614500,11:26:16,2876,9410,53638,534299800,0,0,0
SA206,20220218,20220218,112615000,11:26:16,2876,9410,53638,534299800,0,0,0
SA206,20220218,20220218,112615500,11:26:16,2876,9410,53638,534299800,0,0,0
SA206,20220218,20220218,112616000,11:26:16,2876,9410,53638,534299800,0,0,0
SA206,20220218,20220218,112616500,11:26:17,2876,9410,53638,534299800,0,0,0
SA206,20220218,20220218,112617000,11:26:17,2876,9410,53638,534299800,0,0,0
SA206,20220218,20220218,112617500,11:26:17,2876,9410,53638,534299800,0,0,0
SA206,20220218,20220218,112618000,11:26:18,2876,9410,53638,534299800,0,0,0
SA206,20220218,20220218,112618500,11:26:19,2876,9410,53638,534299800,0,0,0
SA206,20220218,20220218,112619000,11:26:19,2875,9411,53638,534356580,1,0,56780
SA206,20220218,20220218,112619500,11:26:20,2875,9411,53638,534356580,0,0,0
SA206,20220218,20220218,112620500,11:26:20,2875,9411,53638,534356580,0,0,0
SA206,20220218,20220218,112621000,11:26:21,2875,9411,53638,534356580,0,0,0
SA206,20220218,20220218,112624500,11:26:24,2875,9411,53638,534356580,0,0,0
SA206,20220218,20220218,112625000,11:26:25,2875,9411,53638,534356580,0,0,0
SA206,20220218,20220218,112626500,11:26:27,2875,9415,53637,534772000,4,-1,415420
SA206,20220218,20220218,112627000,11:26:27,2875,9415,53637,534772000,0,0,0
SA206,20220218,20220218,112627500,11:26:27,2875,9415,53637,534772000,0,0,0
SA206,20220218,20220218,112628000,11:26:28,2875,9415,53637,534772000,0,0,0
SA206,20220218,20220218,112628500,11:26:28,2875,9415,53637,534772000,0,0,0
SA206,20220218,20220218,112629000,11:26:29,2875,9415,53637,534772000,0,0,0
SA206,20220218,20220218,112629500,11:26:30,2875,9415,53637,534772000,0,0,0
SA206,20220218,20220218,112630000,11:26:31,2875,9415,53637,534772000,0,0,0
SA206,20220218,20220218,112630500,11:26:31,2875,9415,53637,534772000,0,0,0
SA206,20220218,20220218,112631000,11:26:31,2875,9415,53637,534772000,0,0,0
SA206,20220218,20220218,112631500,11:26:32,2875,9415,53637,534772000,0,0,0
SA206,20220218,20220218,112632000,11:26:32,2875,9415,53637,534772000,0,0,0
SA206,20220218,20220218,112632500,11:26:32,2875,9415,53637,534772000,0,0,0
SA206,20220218,20220218,112633000,11:26:33,2875,9415,53637,534772000,0,0,0
SA206,20220218,20220218,112633500,11:26:34,2875,9415,53637,534772000,0,0,0
SA206,20220218,20220218,112635000,11:26:37,2875,9415,53637,534772000,0,0,0
SA206,20220218,20220218,112637000,11:26:38,2875,9415,53637,534772000,0,0,0
SA206,20220218,20220218,112651500,11:27:10,2875,9415,53637,534772000,0,0,0
SA206,20220218,20220218,112710000,11:27:12,2875,9415,53637,534772000,0,0,0
SA206,20220218,20220218,112710500,11:27:12,2879,9493,53636,539202400,78,-1,4430400
SA206,20220218,20220218,112712000,11:27:12,2879,9493,53636,539202400,0,0,0
SA206,20220218,20220218,112712500,11:27:13,2879,9493,53636,539202400,0,0,0
SA206,20220218,20220218,112713000,11:27:14,2879,9493,53636,539202400,0,0,0
SA206,20220218,20220218,112713500,11:27:14,2879,9493,53636,539202400,0,0,0
SA206,20220218,20220218,112714000,11:27:15,2879,9493,53636,539202400,0,0,0
SA206,20220218,20220218,112714500,11:27:15,2879,9493,53636,539202400,0,0,0
SA206,20220218,20220218,112715000,11:27:16,2880,9502,53639,539713600,9,3,511200
SA206,20220218,20220218,112715500,11:27:16,2880,9502,53639,539713600,0,0,0
SA206,20220218,20220218,112716000,11:27:17,2880,9502,53639,539713600,0,0,0
SA206,20220218,20220218,112716500,11:27:17,2880,9502,53639,539713600,0,0,0
SA206,20220218,20220218,112717000,11:27:17,2880,9502,53639,539713600,0,0,0
SA206,20220218,20220218,112718500,11:27:19,2880,9502,53639,539713600,0,0,0
SA206,20220218,20220218,112719000,11:27:19,2881,9503,53638,539770400,1,-1,56800
SA206,20220218,20220218,112719500,11:27:20,2881,9503,53638,539770400,0,0,0
SA206,20220218,20220218,112721000,11:27:21,2881,9504,53637,539827200,1,-1,56800
SA206,20220218,20220218,112722500,11:27:26,2882,9507,53636,539997600,3,-1,170400
SA206,20220218,20220218,112723000,11:27:27,2881,9509,53634,540111200,2,-2,113600
SA206,20220218,20220218,112723500,11:27:27,2881,9509,53634,540111200,0,0,0
SA206,20220218,20220218,112724000,11:27:27,2881,9509,53634,540111200,0,0,0
SA206,20220218,20220218,112726500,11:27:27,2881,9509,53634,540111200,0,0,0
SA206,20220218,20220218,112727500,11:27:27,2881,9509,53634,540111200,0,0,0
SA206,20220218,20220218,112728000,11:27:28,2881,9509,53634,540111200,0,0,0
SA206,20220218,20220218,112728500,11:27:28,2881,9509,53634,540111200,0,0,0
SA206,20220218,20220218,112729000,11:27:29,2881,9509,53634,540111200,0,0,0
SA206,20220218,20220218,112729500,11:27:30,2881,9509,53634,540111200,0,0,0
SA206,20220218,20220218,112730000,11:27:30,2881,9509,53634,540111200,0,0,0
SA206,20220218,20220218,112732000,11:27:36,2881,9509,53634,540111200,0,0,0
SA206,20220218,20220218,112735500,11:27:36,2881,9509,53634,540111200,0,0,0
SA206,20220218,20220218,112736000,11:27:37,2881,9509,53634,540111200,0,0,0
SA206,20220218,20220218,112736500,11:27:38,2881,9509,53634,540111200,0,0,0
SA206,20220218,20220218,112737000,11:27:38,2880,9549,53630,542383200,40,-4,2272000
SA206,20220218,20220218,112737500,11:27:38,2880,9549,53630,542383200,0,0,0
SA206,20220218,20220218,112738000,11:27:39,2880,9549,53630,542383200,0,0,0
SA206,20220218,20220218,112738500,11:27:39,2880,9549,53630,542383200,0,0,0
SA206,20220218,20220218,112739000,11:27:39,2880,9549,53630,542383200,0,0,0
SA206,20220218,20220218,112739500,11:27:40,2880,9549,53630,542383200,0,0,0
SA206,20220218,20220218,112740000,11:27:40,2880,9549,53630,542383200,0,0,0
SA206,20220218,20220218,112740500,11:27:40,2880,9549,53630,542383200,0,0,0
SA206,20220218,20220218,112741000,11:27:41,2880,9549,53630,542383200,0,0,0
SA206,20220218,20220218,112741500,11:27:42,2880,9549,53630,542383200,0,0,0
SA206,20220218,20220218,112742000,11:27:42,2880,9549,53630,542383200,0,0,0
SA206,20220218,20220218,112742500,11:27:43,2878,9553,53630,542610400,4,0,227200
SA206,20220218,20220218,112743000,11:27:43,2878,9553,53630,542610400,0,0,0
SA206,20220218,20220218,112743500,11:27:43,2878,9553,53630,542610400,0,0,0
SA206,20220218,20220218,112744000,11:27:44,2878,9553,53630,542610400,0,0,0
SA206,20220218,20220218,112744500,11:27:45,2878,9553,53630,542610400,0,0,0
SA206,20220218,20220218,112745000,11:27:46,2878,9553,53630,542610400,0,0,0
SA206,20220218,20220218,112745500,11:27:46,2878,9553,53630,542610400,0,0,0
SA206,20220218,20220218,112746000,11:27:46,2878,9553,53630,542610400,0,0,0
SA206,20220218,20220218,112746500,11:27:47,2878,9553,53630,542610400,0,0,0
SA206,20220218,20220218,112747000,11:27:47,2878,9553,53630,542610400,0,0,0
SA206,20220218,20220218,112747500,11:27:48,2878,9553,53630,542610400,0,0,0
SA206,20220218,20220218,112748000,11:27:53,2878,9553,53630,542610400,0,0,0
SA206,20220218,20220218,112748500,11:27:54,2878,9553,53630,542610400,0,0,0
SA206,20220218,20220218,112749000,11:27:54,2878,9553,53630,542610400,0,0,0
SA206,20220218,20220218,112749500,11:27:54,2880,9554,53630,542667200,1,0,56800
SA206,20220218,20220218,112751500,11:27:54,2880,9554,53630,542667200,0,0,0
SA206,20220218,20220218,112800500,11:28:01,2880,9554,53630,542667200,0,0,0
SA206,20220218,20220218,112801000,11:28:01,2880,9554,53630,542667200,0,0,0
SA206,20220218,20220218,112801500,11:28:02,2880,9554,53630,542667200,0,0,0
SA206,20220218,20220218,112802000,11:28:03,2880,9554,53630,542667200,0,0,0
SA206,20220218,20220218,112802500,11:28:03,2880,9554,53630,542667200,0,0,0
SA206,20220218,20220218,112803000,11:28:04,2880,9554,53630,542667200,0,0,0
SA206,20220218,20220218,112803500,11:28:04,2880,9554,53630,542667200,0,0,0
SA206,20220218,20220218,112804500,11:28:05,2880,9554,53630,542667200,0,0,0
SA206,20220218,20220218,112805500,11:28:06,2880,9554,53630,542667200,0,0,0
SA206,20220218,20220218,112806000,11:28:10,2880,9554,53630,542667200,0,0,0
SA206,20220218,20220218,112806500,11:28:10,2880,9554,53630,542667200,0,0,0
SA206,20220218,20220218,112810000,11:28:11,2880,9556,53630,542780800,2,0,113600
SA206,20220218,20220218,112810500,11:28:12,2880,9556,53630,542780800,0,0,0
SA206,20220218,20220218,112811000,11:28:12,2880,9556,53630,542780800,0,0,0
SA206,20220218,20220218,112811500,11:28:12,2880,9556,53630,542780800,0,0,0
SA206,20220218,20220218,112812000,11:28:13,2880,9556,53630,542780800,0,0,0
SA206,20220218,20220218,112812500,11:28:13,2880,9556,53630,542780800,0,0,0
SA206,20220218,20220218,112813000,11:28:13,2882,9560,53634,543008000,4,4,227200
SA206,20220218,20220218,112813500,11:28:14,2882,9560,53634,543008000,0,0,0
SA206,20220218,20220218,112814000,11:28:14,2882,9560,53634,543008000,0,0,0
SA206,20220218,20220218,112814500,11:28:14,2882,9560,53634,543008000,0,0,0
SA206,20220218,20220218,112815000,11:28:15,2882,9560,53634,543008000,0,0,0
SA206,20220218,20220218,112815500,11:28:15,2882,9560,53634,543008000,0,0,0
SA206,20220218,20220218,112816000,11:28:16,2882,9560,53634,543008000,0,0,0
SA206,20220218,20220218,112816500,11:28:16,2882,9560,53634,543008000,0,0,0
SA206,20220218,20220218,112817000,11:28:17,2882,9560,53634,543008000,0,0,0
SA206,20220218,20220218,112817500,11:28:17,2882,9560,53634,543008000,0,0,0
SA206,20220218,20220218,112818000,11:28:18,2882,9560,53634,543008000,0,0,0
SA206,20220218,20220218,112818500,11:28:18,2882,9560,53634,543008000,0,0,0
SA206,20220218,20220218,112819000,11:28:19,2885,9562,53634,543121600,2,0,113600
SA206,20220218,20220218,112819500,11:28:20,2885,9562,53634,543121600,0,0,0
SA206,20220218,20220218,112820000,11:28:20,2885,9562,53634,543121600,0,0,0
SA206,20220218,20220218,112820500,11:28:20,2885,9562,53634,543121600,0,0,0
SA206,20220218,20220218,112821000,11:28:21,2885,9562,53634,543121600,0,0,0
SA206,20220218,20220218,112821500,11:28:22,2885,9562,53634,543121600,0,0,0
SA206,20220218,20220218,112822000,11:28:22,2885,9562,53634,543121600,0,0,0
SA206,20220218,20220218,112823000,11:28:23,2885,9562,53634,543121600,0,0,0
SA206,20220218,20220218,112823500,11:28:23,2885,9562,53634,543121600,0,0,0
SA206,20220218,20220218,112824000,11:28:24,2885,9562,53634,543121600,0,0,0
SA206,20220218,20220218,112825000,11:28:25,2885,9562,53634,543121600,0,0,0
SA206,20220218,20220218,112825500,11:28:25,2885,9562,53634,543121600,0,0,0
SA206,20220218,20220218,112826000,11:28:26,2885,9562,53634,543121600,0,0,0
SA206,20220218,20220218,112826500,11:28:27,2885,9562,53634,543121600,0,0,0
SA206,20220218,20220218,112827000,11:28:27,2885,9562,53634,543121600,0,0,0
SA206,20220218,20220218,112827500,11:28:27,2885,9562,53634,543121600,0,0,0
SA206,20220218,20220218,112828500,11:28:28,2885,9562,53634,543121600,0,0,0
SA206,20220218,20220218,112829000,11:28:29,2884,9570,53636,543576000,8,2,454400
SA206,20220218,20220218,112829500,11:28:29,2884,9570,53636,543576000,0,0,0
SA206,20220218,20220218,112830000,11:28:30,2884,9570,53636,543576000,0,0,0
SA206,20220218,20220218,112830500,11:28:31,2884,9570,53636,543576000,0,0,0
SA206,20220218,20220218,112831000,11:28:31,2884,9570,53636,543576000,0,0,0
SA206,20220218,20220218,112831500,11:28:32,2884,9570,53636,543576000,0,0,0
SA206,20220218,20220218,112832000,11:28:32,2884,9570,53636,543576000,0,0,0
SA206,20220218,20220218,112832500,11:28:33,2884,9570,53636,543576000,0,0,0
SA206,20220218,20220218,112833000,11:28:33,2885,9572,53637,543689600,2,1,113600
SA206,20220218,20220218,112833500,11:28:34,2885,9572,53637,543689600,0,0,0
SA206,20220218,20220218,112834000,11:28:34,2885,9572,53637,543689600,0,0,0
SA206,20220218,20220218,112835500,11:28:37,2885,9572,53637,543689600,0,0,0
SA206,20220218,20220218,112836000,11:28:37,2885,9572,53637,543689600,0,0,0
SA206,20220218,20220218,112836500,11:28:37,2885,9572,53637,543689600,0,0,0
SA206,20220218,20220218,112837000,11:28:37,2885,9572,53637,543689600,0,0,0
SA206,20220218,20220218,112837500,11:28:38,2885,9572,53637,543689600,0,0,0
SA206,20220218,20220218,112838000,11:28:38,2885,9574,53637,543803200,2,0,113600
SA206,20220218,20220218,112838500,11:28:38,2885,9574,53637,543803200,0,0,0
SA206,20220218,20220218,112839500,11:28:40,2885,9574,53637,543803200,0,0,0
SA206,20220218,20220218,112840000,11:28:40,2885,9574,53637,543803200,0,0,0
SA206,20220218,20220218,112840500,11:28:40,2885,9574,53637,543803200,0,0,0
SA206,20220218,20220218,112841000,11:28:41,2885,9577,53637,543973600,3,0,170400
SA206,20220218,20220218,112841500,11:28:42,2885,9577,53637,543973600,0,0,0
SA206,20220218,20220218,112842000,11:28:42,2885,9585,53645,544428000,8,8,454400
SA206,20220218,20220218,112842500,11:28:42,2885,9593,53640,544882400,8,-5,454400
SA206,20220218,20220218,112843000,11:28:43,2885,9593,53640,544882400,0,0,0
SA206,20220218,20220218,112843500,11:28:44,2885,9593,53640,544882400,0,0,0
SA206,20220218,20220218,112844000,11:28:44,2885,9593,53640,544882400,0,0,0
SA206,20220218,20220218,112844500,11:28:45,2885,9593,53640,544882400,0,0,0
SA206,20220218,20220218,112845000,11:28:45,2885,9593,53640,544882400,0,0,0
SA206,20220218,20220218,112845500,11:28:45,2885,9593,53640,544882400,0,0,0
SA206,20220218,20220218,112846000,11:28:46,2887,9596,53640,545052800,3,0,170400
SA206,20220218,20220218,112846500,11:28:46,2887,9596,53640,545052800,0,0,0
SA206,20220218,20220218,112847500,11:28:48,2887,9596,53640,545052800,0,0,0
SA206,20220218,20220218,112848000,11:28:48,2887,9596,53640,545052800,0,0,0
SA206,20220218,20220218,112848500,11:28:48,2887,9596,53640,545052800,0,0,0
SA206,20220218,20220218,112849000,11:28:49,2887,9596,53640,545052800,0,0,0
SA206,20220218,20220218,112849500,11:28:50,2887,9596,53640,545052800,0,0,0
SA206,20220218,20220218,112850500,11:28:51,2887,9596,53640,545052800,0,0,0
SA206,20220218,20220218,112851000,11:28:51,2887,9597,53640,545109600,1,0,56800
SA206,20220218,20220218,112851500,11:28:51,2887,9597,53640,545109600,0,0,0
SA206,20220218,20220218,112852000,11:28:53,2885,9609,53640,545791200,12,0,681600
SA206,20220218,20220218,112852500,11:28:54,2885,9609,53640,545791200,0,0,0
SA206,20220218,20220218,112853000,11:28:54,2886,9611,53642,545904800,2,2,113600
SA206,20220218,20220218,112853500,11:28:54,2886,9611,53642,545904800,0,0,0
SA206,20220218,20220218,112855000,11:28:55,2886,9611,53642,545904800,0,0,0
SA206,20220218,20220218,112855500,11:28:56,2886,9611,53642,545904800,0,0,0
SA206,20220218,20220218,112856000,11:28:56,2886,9611,53642,545904800,0,0,0
SA206,20220218,20220218,112856500,11:28:56,2886,9611,53642,545904800,0,0,0
SA206,20220218,20220218,112857000,11:28:57,2886,9611,53642,545904800,0,0,0
SA206,20220218,20220218,112857500,11:28:58,2886,9611,53642,545904800,0,0,0
SA206,20220218,20220218,112858000,11:28:58,2886,9611,53642,545904800,0,0,0
SA206,20220218,20220218,112858500,11:28:59,2886,9611,53642,545904800,0,0,0
SA206,20220218,20220218,112859000,11:28:59,2884,9615,53642,546132000,4,0,227200
SA206,20220218,20220218,112859500,11:29:00,2884,9615,53642,546132000,0,0,0
SA206,20220218,20220218,112900000,11:29:00,2884,9615,53642,546132000,0,0,0
SA206,20220218,20220218,112900500,11:29:01,2884,9615,53642,546132000,0,0,0
SA206,20220218,20220218,112901000,11:29:01,2884,9616,53642,546188800,1,0,56800
SA206,20220218,20220218,112901500,11:29:02,2884,9616,53642,546188800,0,0,0
SA206,20220218,20220218,112902000,11:29:02,2884,9616,53642,546188800,0,0,0
SA206,20220218,20220218,112902500,11:29:03,2884,9616,53642,546188800,0,0,0
SA206,20220218,20220218,112904000,11:29:04,2884,9616,53642,546188800,0,0,0
SA206,20220218,20220218,112904500,11:29:04,2884,9616,53642,546188800,0,0,0
SA206,20220218,20220218,112905000,11:29:05,2884,9616,53642,546188800,0,0,0
SA206,20220218,20220218,112905500,11:29:06,2884,9616,53642,546188800,0,0,0
SA206,20220218,20220218,112906000,11:29:06,2884,9616,53642,546188800,0,0,0
SA206,20220218,20220218,112906500,11:29:06,2885,9652,53639,548426640,36,-3,2237840
SA206,20220218,20220218,112907000,11:29:07,2885,9652,53639,548426640,0,0,0
SA206,20220218,20220218,112907500,11:29:08,2885,9652,53639,548426640,0,0,0
SA206,20220218,20220218,112908000,11:29:08,2885,9652,53639,548426640,0,0,0
SA206,20220218,20220218,112908500,11:29:08,2885,9652,53639,548426640,0,0,0
SA206,20220218,20220218,112909000,11:29:09,2885,9652,53639,548426640,0,0,0
SA206,20220218,20220218,112909500,11:29:09,2888,9656,53642,548653920,4,3,227280
SA206,20220218,20220218,112910000,11:29:10,2887,9658,53644,548767560,2,2,113640
SA206,20220218,20220218,112910500,11:29:10,2887,9658,53644,548767560,0,0,0
SA206,20220218,20220218,112911000,11:29:11,2888,9660,53645,548881200,2,1,113640
SA206,20220218,20220218,112911500,11:29:12,2888,9660,53645,548881200,0,0,0
SA206,20220218,20220218,112913000,11:29:13,2888,9660,53645,548881200,0,0,0
SA206,20220218,20220218,112914000,11:29:14,2888,9663,53645,549051660,3,0,170460
SA206,20220218,20220218,112914500,11:29:15,2888,9663,53645,549051660,0,0,0
SA206,20220218,20220218,112915000,11:29:15,2890,9664,53644,549108480,1,-1,56820
SA206,20220218,20220218,112915500,11:29:16,2890,9664,53644,549108480,0,0,0
SA206,20220218,20220218,112916000,11:29:16,2890,9664,53644,549108480,0,0,0
SA206,20220218,20220218,112916500,11:29:20,2889,9666,53645,549222120,2,1,113640
SA206,20220218,20220218,112917000,11:29:20,2889,9666,53645,549222120,0,0,0
SA206,20220218,20220218,112917500,11:29:21,2889,9668,53646,549335760,2,1,113640
SA206,20220218,20220218,112918000,11:29:21,2889,9668,53646,549335760,0,0,0
SA206,20220218,20220218,112920500,11:29:21,2889,9674,53647,549676680,6,1,340920
SA206,20220218,20220218,112921000,11:29:22,2889,9674,53647,549676680,0,0,0
SA206,20220218,20220218,112921500,11:29:24,2889,9674,53647,549676680,0,0,0
SA206,20220218,20220218,112924000,11:29:24,2889,9674,53647,549676680,0,0,0
SA206,20220218,20220218,112924500,11:29:24,2889,9676,53648,549790320,2,1,113640
SA206,20220218,20220218,112925000,11:29:25,2889,9678,53649,549903960,2,1,113640
SA206,20220218,20220218,112925500,11:29:25,2889,9680,53649,550017600,2,0,113640
SA206,20220218,20220218,112926000,11:29:26,2889,9680,53649,550017600,0,0,0
SA206,20220218,20220218,112927000,11:29:27,2889,9680,53649,550017600,0,0,0
SA206,20220218,20220218,112927500,11:29:28,2889,9680,53649,550017600,0,0,0
SA206,20220218,20220218,112928000,11:29:28,2889,9680,53649,550017600,0,0,0
SA206,20220218,20220218,112928500,11:29:29,2889,9680,53649,550017600,0,0,0
SA206,20220218,20220218,112929000,11:29:29,2889,9688,53648,550472160,8,-1,454560
SA206,20220218,20220218,112929500,11:29:30,2889,9688,53648,550472160,0,0,0
SA206,20220218,20220218,112930500,11:29:31,2889,9688,53648,550472160,0,0,0
SA206,20220218,20220218,112931000,11:29:32,2889,9688,53648,550472160,0,0,0
SA206,20220218,20220218,112931500,11:29:32,2890,9690,53649,550585800,2,1,113640
SA206,20220218,20220218,112932500,11:29:36,2890,9690,53649,550585800,0,0,0
SA206,20220218,20220218,112933000,11:29:37,2890,9690,53649,550585800,0,0,0
SA206,20220218,20220218,112933500,11:29:38,2890,9692,53650,550699440,2,1,113640
SA206,20220218,20220218,112936500,11:29:38,2890,9692,53650,550699440,0,0,0
SA206,20220218,20220218,112937500,11:29:38,2889,9696,53650,550926720,4,0,227280
SA206,20220218,20220218,112938000,11:29:38,2889,9696,53650,550926720,0,0,0
SA206,20220218,20220218,112938500,11:29:39,2889,9698,53650,551040360,2,0,113640
SA206,20220218,20220218,112939000,11:29:39,2889,9698,53650,551040360,0,0,0
SA206,20220218,20220218,112940000,11:29:40,2889,9698,53650,551040360,0,0,0
SA206,20220218,20220218,112941000,11:29:41,2889,9698,53650,551040360,0,0,0
SA206,20220218,20220218,112941500,11:29:42,2889,9698,53650,551040360,0,0,0
SA206,20220218,20220218,112942000,11:29:43,2888,9707,53652,551551740,9,2,511380
SA206,20220218,20220218,112944000,11:29:45,2888,9707,53652,551551740,0,0,0
SA206,20220218,20220218,112944500,11:29:45,2889,9708,53652,551608560,1,0,56820
SA206,20220218,20220218,112945000,11:29:46,2889,9708,53652,551608560,0,0,0
SA206,20220218,20220218,112945500,11:29:46,2889,9708,53652,551608560,0,0,0
SA206,20220218,20220218,112947500,11:29:48,2889,9708,53652,551608560,0,0,0
SA206,20220218,20220218,112949000,11:29:50,2889,9708,53652,551608560,0,0,0
SA206,20220218,20220218,112950500,11:29:51,2887,9710,53652,551722200,2,0,113640
SA206,20220218,20220218,112951500,11:29:52,2887,9710,53652,551722200,0,0,0
SA206,20220218,20220218,112952000,11:29:52,2889,9711,53651,551779020,1,-1,56820
SA206,20220218,20220218,112952500,11:29:53,2889,9711,53651,551779020,0,0,0
SA206,20220218,20220218,112953000,11:29:54,2889,9711,53651,551779020,0,0,0
SA206,20220218,20220218,112953500,11:29:54,2889,9711,53651,551779020,0,0,0
SA206,20220218,20220218,112954000,11:29:54,2889,9711,53651,551779020,0,0,0
SA206,20220218,20220218,112954500,11:29:54,2889,9711,53651,551779020,0,0,0
SA206,20220218,20220218,112955000,11:29:55,2889,9711,53651,551779020,0,0,0
SA206,20220218,20220218,112955500,11:29:56,2889,9711,53651,551779020,0,0,0
SA206,20220218,20220218,112956000,11:30:00,2889,9711,53651,551779020,0,0,0
SA206,20220218,20220218,112956500,11:30:00,2889,9711,53651,551779020,0,0,0
SA206,20220218,20220218,112957000,11:30:00,2889,9711,53651,551779020,0,0,0
SA206,20220218,20220218,112959500,11:30:02,2889,9711,53651,551779020,0,0,0
SA206,20220218,20220218,113000000,11:30:03,2889,9711,53651,551779020,0,0,0
SA206,20220218,20220218,133001000,13:30:01,2887,9715,53650,552006300,4,-1,227280
SA206,20220218,20220218,133001500,13:30:02,2887,9715,53650,552006300,0,0,0
SA206,20220218,20220218,133002000,13:30:08,2887,9715,53650,552006300,0,0,0
SA206,20220218,20220218,133002500,13:30:10,2887,9715,53650,552006300,0,0,0
SA206,20220218,20220218,133006500,13:30:10,2889,9725,53651,552574500,10,1,568200
SA206,20220218,20220218,133009000,13:30:10,2889,9725,53651,552574500,0,0,0
SA206,20220218,20220218,133010500,13:30:12,2890,9727,53649,552688140,2,-2,113640
SA206,20220218,20220218,133011000,13:30:13,2890,9728,53649,552744960,1,0,56820
SA206,20220218,20220218,133012500,13:30:13,2890,9728,53649,552744960,0,0,0
SA206,20220218,20220218,133013000,13:30:14,2890,9728,53649,552744960,0,0,0
SA206,20220218,20220218,133014000,13:30:16,2892,9729,53648,552801780,1,-1,56820
SA206,20220218,20220218,133014500,13:30:16,2895,9732,53647,552972240,3,-1,170460
SA206,20220218,20220218,133015000,13:30:17,2895,9733,53647,553029060,1,0,56820
SA206,20220218,20220218,133017000,13:30:18,2895,9733,53647,553029060,0,0,0
SA206,20220218,20220218,133019500,13:30:21,2895,9733,53647,553029060,0,0,0
SA206,20220218,20220218,133021000,13:30:21,2895,9733,53647,553029060,0,0,0
SA206,20220218,20220218,133021500,13:30:22,2895,9733,53647,553029060,0,0,0
SA206,20220218,20220218,133022000,13:30:38,2895,9733,53647,553029060,0,0,0
SA206,20220218,20220218,133022500,13:30:38,2895,9733,53647,553029060,0,0,0
SA206,20220218,20220218,133023000,13:30:40,2895,9736,53645,553199520,3,-2,170460
SA206,20220218,20220218,133038000,13:30:40,2895,9736,53645,553199520,0,0,0
SA206,20220218,20220218,133040000,13:30:42,2895,9736,53645,553199520,0,0,0
SA206,20220218,20220218,133041000,13:30:43,2895,9736,53645,553199520,0,0,0
SA206,20220218,20220218,133043000,13:30:44,2895,9736,53645,553199520,0,0,0
SA206,20220218,20220218,133043500,13:30:45,2895,9736,53645,553199520,0,0,0
SA206,20220218,20220218,133044000,13:30:46,2893,9741,53641,553483620,5,-4,284100
SA206,20220218,20220218,133045000,13:30:46,2893,9741,53641,553483620,0,0,0
SA206,20220218,20220218,133045500,13:30:47,2893,9742,53641,553540440,1,0,56820
SA206,20220218,20220218,133046000,13:30:47,2893,9742,53641,553540440,0,0,0
SA206,20220218,20220218,133046500,13:30:47,2892,9745,53643,553710900,3,2,170460
SA206,20220218,20220218,133047000,13:30:48,2892,9745,53643,553710900,0,0,0
SA206,20220218,20220218,133047500,13:30:48,2892,9745,53643,553710900,0,0,0
SA206,20220218,20220218,133048000,13:30:49,2892,9745,53643,553710900,0,0,0
SA206,20220218,20220218,133048500,13:30:49,2892,9745,53643,553710900,0,0,0
SA206,20220218,20220218,133049000,13:30:50,2892,9745,53643,553710900,0,0,0
SA206,20220218,20220218,133049500,13:30:50,2892,9745,53643,553710900,0,0,0
SA206,20220218,20220218,133050000,13:30:51,2892,9745,53643,553710900,0,0,0
SA206,20220218,20220218,133050500,13:30:51,2892,9745,53643,553710900,0,0,0
SA206,20220218,20220218,133051000,13:30:52,2892,9745,53643,553710900,0,0,0
SA206,20220218,20220218,133053500,13:30:54,2892,9745,53643,553710900,0,0,0
SA206,20220218,20220218,133054500,13:30:55,2892,9746,53643,553767720,1,0,56820
SA206,20220218,20220218,133055000,13:30:56,2892,9746,53643,553767720,0,0,0
SA206,20220218,20220218,133059500,13:30:59,2892,9746,53643,553767720,0,0,0
SA206,20220218,20220218,133100000,13:31:00,2893,9750,53643,553995000,4,0,227280
SA206,20220218,20220218,133100500,13:31:01,2893,9750,53643,553995000,0,0,0
SA206,20220218,20220218,133101000,13:31:01,2893,9750,53643,553995000,0,0,0
SA206,20220218,20220218,133101500,13:31:01,2893,9750,53643,553995000,0,0,0
SA206,20220218,20220218,133102000,13:31:02,2893,9750,53643,553995000,0,0,0
SA206,20220218,20220218,133102500,13:31:02,2893,9750,53643,553995000,0,0,0
SA206,20220218,20220218,133103000,13:31:03,2893,9750,53643,553995000,0,0,0
SA206,20220218,20220218,133103500,13:31:05,2893,9750,53643,553995000,0,0,0
SA206,20220218,20220218,133104000,13:31:06,2893,9750,53643,553995000,0,0,0
SA206,20220218,20220218,133104500,13:31:06,2893,9751,53643,554051820,1,0,56820
SA206,20220218,20220218,133105500,13:31:07,2893,9751,53643,554051820,0,0,0
SA206,20220218,20220218,133106000,13:31:08,2892,9755,53641,554279100,4,-2,227280
SA206,20220218,20220218,133107000,13:31:08,2892,9755,53641,554279100,0,0,0
SA206,20220218,20220218,133107500,13:31:09,2892,9755,53641,554279100,0,0,0
SA206,20220218,20220218,133108500,13:31:09,2892,9755,53641,554279100,0,0,0
SA206,20220218,20220218,133109000,13:31:09,2892,9755,53641,554279100,0,0,0
SA206,20220218,20220218,133111000,13:31:11,2892,9755,53641,554279100,0,0,0
SA206,20220218,20220218,133111500,13:31:12,2892,9755,53641,554279100,0,0,0
SA206,20220218,20220218,133115500,13:31:16,2892,9755,53641,554279100,0,0,0
SA206,20220218,20220218,133116000,13:31:16,2892,9755,53641,554279100,0,0,0
SA206,20220218,20220218,133116500,13:31:17,2892,9755,53641,554279100,0,0,0
SA206,20220218,20220218,133117500,13:31:18,2892,9755,53641,554279100,0,0,0
SA206,20220218,20220218,133118000,13:31:19,2892,9755,53641,554279100,0,0,0
SA206,20220218,20220218,133119000,13:31:19,2892,9755,53641,554279100,0,0,0
SA206,20220218,20220218,133120000,13:31:20,2892,9755,53641,554279100,0,0,0
SA206,20220218,20220218,133120500,13:31:21,2891,9756,53641,554335920,1,0,56820
SA206,20220218,20220218,133121000,13:31:21,2891,9756,53641,554335920,0,0,0
SA206,20220218,20220218,133121500,13:31:22,2891,9756,53641,554335920,0,0,0
SA206,20220218,20220218,133122000,13:31:23,2891,9756,53641,554335920,0,0,0
SA206,20220218,20220218,133158500,13:31:58,2891,9756,53641,554335920,0,0,0
SA206,20220218,20220218,133159500,13:32:00,2891,9757,53641,554392740,1,0,56820
SA206,20220218,20220218,133200000,13:32:01,2889,9768,53646,555017760,11,5,625020
SA206,20220218,20220218,133200500,13:32:01,2889,9768,53646,555017760,0,0,0
SA206,20220218,20220218,133201000,13:32:01,2889,9768,53646,555017760,0,0,0
SA206,20220218,20220218,133201500,13:32:01,2889,9768,53646,555017760,0,0,0
SA206,20220218,20220218,133202000,13:32:03,2889,9768,53646,555017760,0,0,0
SA206,20220218,20220218,133202500,13:32:04,2889,9768,53646,555017760,0,0,0
SA206,20220218,20220218,133203000,13:32:05,2889,9768,53646,555017760,0,0,0
SA206,20220218,20220218,133204000,13:32:05,2889,9768,53646,555017760,0,0,0
SA206,20220218,20220218,133205000,13:32:05,2889,9768,53646,555017760,0,0,0
SA206,20220218,20220218,133205500,13:32:06,2889,9768,53646,555017760,0,0,0
SA206,20220218,20220218,133206500,13:32:07,2889,9768,53646,555017760,0,0,0
SA206,20220218,20220218,133207000,13:32:07,2889,9768,53646,555017760,0,0,0
SA206,20220218,20220218,133208000,13:32:09,2889,9768,53646,555017760,0,0,0
SA206,20220218,20220218,133210500,13:32:14,2889,9768,53646,555017760,0,0,0
SA206,20220218,20220218,133211000,13:32:14,2889,9768,53646,555017760,0,0,0
SA206,20220218,20220218,133213000,13:32:15,2889,9768,53646,555017760,0,0,0
SA206,20220218,20220218,133213500,13:32:15,2889,9768,53646,555017760,0,0,0
SA206,20220218,20220218,133214500,13:32:16,2889,9768,53646,555017760,0,0,0
SA206,20220218,20220218,133215000,13:32:16,2889,9768,53646,555017760,0,0,0
SA206,20220218,20220218,133215500,13:32:16,2889,9768,53646,555017760,0,0,0
SA206,20220218,20220218,133216500,13:32:17,2889,9768,53646,555017760,0,0,0
SA206,20220218,20220218,133217000,13:32:18,2889,9768,53646,555017760,0,0,0
SA206,20220218,20220218,133217500,13:32:18,2889,9768,53646,555017760,0,0,0
SA206,20220218,20220218,133219000,13:32:20,2889,9768,53646,555017760,0,0,0
SA206,20220218,20220218,133219500,13:32:20,2889,9768,53646,555017760,0,0,0
SA206,20220218,20220218,133220000,13:32:20,2889,9768,53646,555017760,0,0,0
SA206,20220218,20220218,133221000,13:32:21,2889,9768,53646,555017760,0,0,0
SA206,20220218,20220218,133221500,13:32:22,2889,9768,53646,555017760,0,0,0
SA206,20220218,20220218,133222000,13:32:22,2889,9768,53646,555017760,0,0,0
SA206,20220218,20220218,133237000,13:32:37,2889,9768,53646,555017760,0,0,0
SA206,20220218,20220218,133237500,13:32:38,2889,9768,53646,555017760,0,0,0
SA206,20220218,20220218,133239500,13:32:40,2889,9768,53646,555017760,0,0,0
SA206,20220218,20220218,133240000,13:32:40,2889,9768,53646,555017760,0,0,0
SA206,20220218,20220218,133242500,13:32:42,2889,9768,53646,555017760,0,0,0
SA206,20220218,20220218,133246500,13:32:47,2889,9768,53646,555017760,0,0,0
SA206,20220218,20220218,133247000,13:32:47,2889,9768,53646,555017760,0,0,0
SA206,20220218,20220218,133250000,13:32:52,2889,9768,53646,555017760,0,0,0
SA206,20220218,20220218,133252000,13:32:53,2889,9768,53646,555017760,0,0,0
SA206,20220218,20220218,133254000,13:32:54,2889,9768,53646,555017760,0,0,0
SA206,20220218,20220218,133254500,13:32:55,2889,9768,53646,555017760,0,0,0
SA206,20220218,20220218,133256000,13:32:56,2889,9768,53646,555017760,0,0,0
SA206,20220218,20220218,133256500,13:32:58,2887,9774,53648,555358680,6,2,340920
SA206,20220218,20220218,133257000,13:32:59,2887,9776,53648,555472320,2,0,113640
SA206,20220218,20220218,133257500,13:33:00,2887,9776,53648,555472320,0,0,0
SA206,20220218,20220218,133258000,13:33:00,2887,9776,53648,555472320,0,0,0
SA206,20220218,20220218,133259500,13:33:00,2887,9776,53648,555472320,0,0,0
SA206,20220218,20220218,133300000,13:33:01,2887,9776,53648,555472320,0,0,0
SA206,20220218,20220218,133300500,13:33:02,2887,9776,53648,555472320,0,0,0
SA206,20220218,20220218,133301000,13:33:02,2887,9776,53648,555472320,0,0,0
SA206,20220218,20220218,133301500,13:33:02,2887,9776,53648,555472320,0,0,0
SA206,20220218,20220218,133302000,13:33:03,2887,9776,53648,555472320,0,0,0
SA206,20220218,20220218,133302500,13:33:03,2887,9776,53648,555472320,0,0,0
SA206,20220218,20220218,133303000,13:33:04,2887,9776,53648,555472320,0,0,0
SA206,20220218,20220218,133303500,13:33:04,2887,9777,53647,555529140,1,-1,56820
SA206,20220218,20220218,133304000,13:33:04,2887,9777,53647,555529140,0,0,0
SA206,20220218,20220218,133304500,13:33:05,2887,9777,53647,555529140,0,0,0
SA206,20220218,20220218,133305000,13:33:05,2887,9777,53647,555529140,0,0,0
SA206,20220218,20220218,133307000,13:33:07,2887,9777,53647,555529140,0,0,0
SA206,20220218,20220218,133307500,13:33:08,2887,9778,53647,555585960,1,0,56820
SA206,20220218,20220218,133308000,13:33:08,2889,9780,53646,555699600,2,-1,113640
SA206,20220218,20220218,133309500,13:33:11,2889,9780,53646,555699600,0,0,0
SA206,20220218,20220218,133312000,13:33:14,2889,9780,53646,555699600,0,0,0
SA206,20220218,20220218,133313500,13:33:14,2890,9782,53648,555813240,2,2,113640
SA206,20220218,20220218,133314000,13:33:17,2890,9782,53648,555813240,0,0,0
SA206,20220218,20220218,133314500,13:33:17,2890,9782,53648,555813240,0,0,0
SA206,20220218,20220218,133315000,13:33:18,2890,9782,53648,555813240,0,0,0
SA206,20220218,20220218,133315500,13:33:18,2890,9782,53648,555813240,0,0,0
SA206,20220218,20220218,133317000,13:33:18,2890,9782,53648,555813240,0,0,0
SA206,20220218,20220218,133318000,13:33:19,2890,9782,53648,555813240,0,0,0
SA206,20220218,20220218,133318500,13:33:19,2890,9782,53648,555813240,0,0,0
SA206,20220218,20220218,133319000,13:33:20,2890,9782,53648,555813240,0,0,0
SA206,20220218,20220218,133320000,13:33:21,2890,9782,53648,555813240,0,0,0
SA206,20220218,20220218,133322000,13:33:22,2890,9782,53648,555813240,0,0,0
SA206,20220218,20220218,133322500,13:33:22,2890,9782,53648,555813240,0,0,0
SA206,20220218,20220218,133323500,13:33:24,2891,9785,53649,555983700,3,1,170460
SA206,20220218,20220218,133324000,13:33:24,2891,9789,53647,556210980,4,-2,227280
SA206,20220218,20220218,133324500,13:33:25,2891,9789,53647,556210980,0,0,0
SA206,20220218,20220218,133325000,13:33:26,2891,9789,53647,556210980,0,0,0
SA206,20220218,20220218,133325500,13:33:27,2891,9789,53647,556210980,0,0,0
SA206,20220218,20220218,133326500,13:33:29,2890,9790,53646,556267800,1,-1,56820
SA206,20220218,20220218,133327000,13:33:29,2890,9790,53646,556267800,0,0,0
SA206,20220218,20220218,133327500,13:33:30,2890,9790,53646,556267800,0,0,0
SA206,20220218,20220218,133329500,13:33:30,2890,9790,53646,556267800,0,0,0
SA206,20220218,20220218,133330500,13:33:32,2890,9790,53646,556267800,0,0,0
SA206,20220218,20220218,133332000,13:33:32,2890,9790,53646,556267800,0,0,0
SA206,20220218,20220218,133332500,13:33:33,2890,9790,53646,556267800,0,0,0
SA206,20220218,20220218,133333000,13:33:33,2890,9790,53646,556267800,0,0,0
SA206,20220218,20220218,133333500,13:33:34,2890,9790,53646,556267800,0,0,0
SA206,20220218,20220218,133335000,13:33:35,2890,9790,53646,556267800,0,0,0
SA206,20220218,20220218,133335500,13:33:35,2890,9790,53646,556267800,0,0,0
SA206,20220218,20220218,133336000,13:33:36,2890,9790,53646,556267800,0,0,0
SA206,20220218,20220218,133336500,13:33:36,2890,9790,53646,556267800,0,0,0
SA206,20220218,20220218,133337000,13:33:37,2890,9790,53646,556267800,0,0,0
SA206,20220218,20220218,133337500,13:33:37,2890,9790,53646,556267800,0,0,0
SA206,20220218,20220218,133338500,13:33:39,2890,9790,53646,556267800,0,0,0
SA206,20220218,20220218,133339000,13:33:39,2890,9790,53646,556267800,0,0,0
SA206,20220218,20220218,133339500,13:33:40,2890,9790,53646,556267800,0,0,0
SA206,20220218,20220218,133341000,13:33:41,2890,9790,53646,556267800,0,0,0
SA206,20220218,20220218,133342000,13:33:42,2890,9790,53646,556267800,0,0,0
SA206,20220218,20220218,133343500,13:33:44,2890,9790,53646,556267800,0,0,0
SA206,20220218,20220218,133344000,13:33:45,2890,9790,53646,556267800,0,0,0
SA206,20220218,20220218,133344500,13:33:45,2890,9790,53646,556267800,0,0,0
SA206,20220218,20220218,133345000,13:33:45,2890,9790,53646,556267800,0,0,0
SA206,20220218,20220218,133345500,13:33:47,2890,9790,53646,556267800,0,0,0
SA206,20220218,20220218,133346000,13:33:48,2890,9790,53646,556267800,0,0,0
SA206,20220218,20220218,133346500,13:33:48,2890,9790,53646,556267800,0,0,0
SA206,20220218,20220218,133347000,13:33:49,2890,9790,53646,556267800,0,0,0
SA206,20220218,20220218,133347500,13:33:49,2890,9790,53646,556267800,0,0,0
SA206,20220218,20220218,133348000,13:33:49,2890,9790,53646,556267800,0,0,0
SA206,20220218,20220218,133350000,13:33:50,2890,9790,53646,556267800,0,0,0
SA206,20220218,20220218,133351000,13:33:51,2890,9790,53646,556267800,0,0,0
SA206,20220218,20220218,133353500,13:33:53,2890,9790,53646,556267800,0,0,0
SA206,20220218,20220218,133354000,13:33:54,2890,9790,53646,556267800,0,0,0
SA206,20220218,20220218,133354500,13:33:55,2886,9797,53647,556665540,7,1,397740
SA206,20220218,20220218,133355000,13:33:56,2886,9797,53647,556665540,0,0,0
SA206,20220218,20220218,133355500,13:33:56,2886,9797,53647,556665540,0,0,0
SA206,20220218,20220218,133356000,13:33:56,2886,9797,53647,556665540,0,0,0
SA206,20220218,20220218,133357500,13:33:58,2886,9797,53647,556665540,0,0,0
SA206,20220218,20220218,133359000,13:33:59,2886,9797,53647,556665540,0,0,0
SA206,20220218,20220218,133410000,13:34:11,2886,9797,53647,556665540,0,0,0
SA206,20220218,20220218,133410500,13:34:12,2886,9797,53647,556665540,0,0,0
SA206,20220218,20220218,133411000,13:34:12,2886,9797,53647,556665540,0,0,0
SA206,20220218,20220218,133411500,13:34:12,2886,9807,53646,557233740,10,-1,568200
SA206,20220218,20220218,133412000,13:34:12,2886,9807,53646,557233740,0,0,0
SA206,20220218,20220218,133413500,13:34:14,2886,9807,53646,557233740,0,0,0
SA206,20220218,20220218,133414000,13:34:14,2886,9807,53646,557233740,0,0,0
SA206,20220218,20220218,133414500,13:34:15,2886,9807,53646,557233740,0,0,0
SA206,20220218,20220218,133415000,13:34:15,2886,9807,53646,557233740,0,0,0
SA206,20220218,20220218,133416500,13:34:17,2886,9807,53646,557233740,0,0,0
SA206,20220218,20220218,133417000,13:34:17,2886,9807,53646,557233740,0,0,0
SA206,20220218,20220218,133417500,13:34:17,2886,9807,53646,557233740,0,0,0
SA206,20220218,20220218,133418000,13:34:18,2886,9807,53646,557233740,0,0,0
SA206,20220218,20220218,133419500,13:34:20,2886,9807,53646,557233740,0,0,0
SA206,20220218,20220218,133420000,13:34:20,2886,9807,53646,557233740,0,0,0
SA206,20220218,20220218,133420500,13:34:21,2888,9813,53646,557574660,6,0,340920
SA206,20220218,20220218,133423500,13:34:24,2888,9813,53646,557574660,0,0,0
SA206,20220218,20220218,133424000,13:34:24,2888,9813,53646,557574660,0,0,0
SA206,20220218,20220218,133424500,13:34:24,2888,9813,53646,557574660,0,0,0
SA206,20220218,20220218,133425000,13:34:25,2888,9813,53646,557574660,0,0,0
SA206,20220218,20220218,133425500,13:34:26,2888,9813,53646,557574660,0,0,0
SA206,20220218,20220218,133426000,13:34:26,2888,9813,53646,557574660,0,0,0
SA206,20220218,20220218,133426500,13:34:26,2888,9813,53646,557574660,0,0,0
SA206,20220218,20220218,133427000,13:34:27,2888,9813,53646,557574660,0,0,0
SA206,20220218,20220218,133427500,13:34:28,2888,9813,53646,557574660,0,0,0
SA206,20220218,20220218,133428000,13:34:28,2888,9813,53646,557574660,0,0,0
SA206,20220218,20220218,133428500,13:34:29,2888,9813,53646,557574660,0,0,0
SA206,20220218,20220218,133431000,13:34:31,2888,9813,53646,557574660,0,0,0
SA206,20220218,20220218,133432500,13:34:32,2888,9813,53646,557574660,0,0,0
SA206,20220218,20220218,133433500,13:34:34,2888,9813,53646,557574660,0,0,0
SA206,20220218,20220218,133434000,13:34:34,2888,9813,53646,557574660,0,0,0
SA206,20220218,20220218,133434500,13:34:35,2888,9813,53646,557574660,0,0,0
SA206,20220218,20220218,133435500,13:34:36,2888,9813,53646,557574660,0,0,0
SA206,20220218,20220218,133436000,13:34:36,2888,9813,53646,557574660,0,0,0
SA206,20220218,20220218,133436500,13:34:36,2888,9813,53646,557574660,0,0,0
SA206,20220218,20220218,133437000,13:34:37,2888,9813,53646,557574660,0,0,0
SA206,20220218,20220218,133437500,13:34:38,2888,9813,53646,557574660,0,0,0
SA206,20220218,20220218,133440500,13:34:41,2888,9813,53646,557574660,0,0,0
SA206,20220218,20220218,133441000,13:34:41,2888,9813,53646,557574660,0,0,0
SA206,20220218,20220218,133441500,13:34:43,2888,9813,53646,557574660,0,0,0
SA206,20220218,20220218,133443500,13:34:45,2888,9813,53646,557574660,0,0,0
SA206,20220218,20220218,133444500,13:34:46,2888,9813,53646,557574660,0,0,0
SA206,20220218,20220218,133445000,13:34:46,2888,9813,53646,557574660,0,0,0
SA206,20220218,20220218,133445500,13:34:46,2885,9815,53645,557688300,2,-1,113640
SA206,20220218,20220218,133446000,13:34:46,2885,9816,53645,557745120,1,0,56820
SA206,20220218,20220218,133446500,13:34:47,2885,9816,53645,557745120,0,0,0
SA206,20220218,20220218,133449000,13:34:49,2885,9816,53645,557745120,0,0,0
SA206,20220218,20220218,133449500,13:34:49,2885,9816,53645,557745120,0,0,0
SA206,20220218,20220218,133450000,13:34:51,2885,9816,53645,557745120,0,0,0
SA206,20220218,20220218,133451000,13:34:51,2885,9816,53645,557745120,0,0,0
SA206,20220218,20220218,133452000,13:34:52,2885,9816,53645,557745120,0,0,0
SA206,20220218,20220218,133452500,13:34:53,2885,9816,53645,557745120,0,0,0
SA206,20220218,20220218,133453000,13:34:53,2885,9816,53645,557745120,0,0,0
SA206,20220218,20220218,133453500,13:34:55,2885,9816,53645,557745120,0,0,0
SA206,20220218,20220218,133454000,13:34:56,2885,9816,53645,557745120,0,0,0
SA206,20220218,20220218,133454500,13:34:56,2885,9816,53645,557745120,0,0,0
SA206,20220218,20220218,133455500,13:34:56,2885,9816,53645,557745120,0,0,0
SA206,20220218,20220218,133456000,13:34:57,2885,9816,53645,557745120,0,0,0
SA206,20220218,20220218,133456500,13:34:57,2885,9816,53645,557745120,0,0,0
SA206,20220218,20220218,133457000,13:34:57,2885,9816,53645,557745120,0,0,0
SA206,20220218,20220218,133458000,13:34:58,2885,9816,53645,557745120,0,0,0
SA206,20220218,20220218,133458500,13:34:59,2885,9816,53645,557745120,0,0,0
SA206,20220218,20220218,133459000,13:34:59,2885,9816,53645,557745120,0,0,0
SA206,20220218,20220218,133459500,13:35:00,2884,9817,53645,557801940,1,0,56820
SA206,20220218,20220218,133500000,13:35:00,2884,9817,53645,557801940,0,0,0
SA206,20220218,20220218,133500500,13:35:04,2884,9817,53645,557801940,0,0,0
SA206,20220218,20220218,133501000,13:35:04,2884,9817,53645,557801940,0,0,0
SA206,20220218,20220218,133501500,13:35:06,2885,9829,53649,558483780,12,4,681840
SA206,20220218,20220218,133502000,13:35:10,2885,9829,53649,558483780,0,0,0
SA206,20220218,20220218,133504500,13:35:10,2885,9829,53649,558483780,0,0,0
SA206,20220218,20220218,133510000,13:35:10,2885,9829,53649,558483780,0,0,0
SA206,20220218,20220218,133510500,13:35:11,2885,9829,53649,558483780,0,0,0
SA206,20220218,20220218,133511000,13:35:11,2885,9829,53649,558483780,0,0,0
SA206,20220218,20220218,133511500,13:35:12,2885,9829,53649,558483780,0,0,0
SA206,20220218,20220218,133512000,13:35:13,2885,9829,53649,558483780,0,0,0
SA206,20220218,20220218,133512500,13:35:13,2885,9829,53649,558483780,0,0,0
SA206,20220218,20220218,133513000,13:35:13,2885,9829,53649,558483780,0,0,0
SA206,20220218,20220218,133513500,13:35:14,2885,9829,53649,558483780,0,0,0
SA206,20220218,20220218,133514000,13:35:14,2885,9829,53649,558483780,0,0,0
SA206,20220218,20220218,133514500,13:35:15,2885,9829,53649,558483780,0,0,0
SA206,20220218,20220218,133515000,13:35:15,2885,9829,53649,558483780,0,0,0
SA206,20220218,20220218,133515500,13:35:16,2885,9829,53649,558483780,0,0,0
SA206,20220218,20220218,133516000,13:35:16,2885,9829,53649,558483780,0,0,0
SA206,20220218,20220218,133516500,13:35:17,2885,9829,53649,558483780,0,0,0
SA206,20220218,20220218,133517000,13:35:17,2885,9829,53649,558483780,0,0,0
SA206,20220218,20220218,133517500,13:35:18,2885,9829,53649,558483780,0,0,0
SA206,20220218,20220218,133518000,13:35:19,2885,9829,53649,558483780,0,0,0
SA206,20220218,20220218,133518500,13:35:19,2885,9829,53649,558483780,0,0,0
SA206,20220218,20220218,133519000,13:35:19,2885,9829,53649,558483780,0,0,0
SA206,20220218,20220218,133519500,13:35:20,2885,9829,53649,558483780,0,0,0
SA206,20220218,20220218,133520000,13:35:20,2885,9829,53649,558483780,0,0,0
SA206,20220218,20220218,133520500,13:35:21,2885,9829,53649,558483780,0,0,0
SA206,20220218,20220218,133521000,13:35:22,2885,9829,53649,558483780,0,0,0
SA206,20220218,20220218,133521500,13:35:22,2885,9829,53649,558483780,0,0,0
SA206,20220218,20220218,133522000,13:35:22,2885,9829,53649,558483780,0,0,0
SA206,20220218,20220218,133524500,13:35:25,2885,9829,53649,558483780,0,0,0
SA206,20220218,20220218,133525000,13:35:25,2885,9829,53649,558483780,0,0,0
SA206,20220218,20220218,133525500,13:35:26,2885,9829,53649,558483780,0,0,0
SA206,20220218,20220218,133526000,13:35:26,2885,9829,53649,558483780,0,0,0
SA206,20220218,20220218,133526500,13:35:27,2885,9829,53649,558483780,0,0,0
SA206,20220218,20220218,133527000,13:35:27,2885,9829,53649,558483780,0,0,0
SA206,20220218,20220218,133528000,13:35:32,2885,9829,53649,558483780,0,0,0
SA206,20220218,20220218,133531000,13:35:32,2885,9829,53649,558483780,0,0,0
SA206,20220218,20220218,133531500,13:35:41,2885,9829,53649,558483780,0,0,0
SA206,20220218,20220218,133532000,13:35:42,2885,9829,53649,558483780,0,0,0
SA206,20220218,20220218,133540000,13:35:43,2885,9829,53649,558483780,0,0,0
SA206,20220218,20220218,133542000,13:35:43,2885,9829,53649,558483780,0,0,0
SA206,20220218,20220218,133543500,13:35:44,2885,9829,53649,558483780,0,0,0
SA206,20220218,20220218,133544000,13:35:45,2885,9829,53649,558483780,0,0,0
SA206,20220218,20220218,133544500,13:35:45,2885,9829,53649,558483780,0,0,0
SA206,20220218,20220218,133547000,13:35:47,2885,9829,53649,558483780,0,0,0
SA206,20220218,20220218,133548000,13:35:48,2885,9829,53649,558483780,0,0,0
SA206,20220218,20220218,133548500,13:35:49,2885,9829,53649,558483780,0,0,0
SA206,20220218,20220218,133549000,13:35:49,2885,9829,53649,558483780,0,0,0
SA206,20220218,20220218,133549500,13:35:49,2885,9829,53649,558483780,0,0,0
SA206,20220218,20220218,133550000,13:35:50,2885,9829,53649,558483780,0,0,0
SA206,20220218,20220218,133550500,13:35:51,2885,9829,53649,558483780,0,0,0
SA206,20220218,20220218,133551000,13:35:51,2885,9829,53649,558483780,0,0,0
SA206,20220218,20220218,133551500,13:35:52,2885,9829,53649,558483780,0,0,0
SA206,20220218,20220218,133552000,13:35:52,2885,9829,53649,558483780,0,0,0
SA206,20220218,20220218,133552500,13:35:53,2885,9829,53649,558483780,0,0,0
SA206,20220218,20220218,133553000,13:35:53,2885,9829,53649,558483780,0,0,0
SA206,20220218,20220218,133553500,13:35:55,2885,9829,53649,558483780,0,0,0
SA206,20220218,20220218,133554000,13:35:55,2885,9829,53649,558483780,0,0,0
SA206,20220218,20220218,133554500,13:35:56,2885,9829,53649,558483780,0,0,0
SA206,20220218,20220218,133556000,13:35:56,2885,9829,53649,558483780,0,0,0
SA206,20220218,20220218,133556500,13:35:57,2885,9829,53649,558483780,0,0,0
SA206,20220218,20220218,133557000,13:35:59,2885,9829,53649,558483780,0,0,0
SA206,20220218,20220218,133557500,13:36:01,2885,9829,53649,558483780,0,0,0
SA206,20220218,20220218,133558000,13:36:01,2885,9829,53649,558483780,0,0,0
SA206,20220218,20220218,133559000,13:36:03,2885,9829,53649,558483780,0,0,0
SA206,20220218,20220218,133601500,13:36:03,2885,9829,53649,558483780,0,0,0
SA206,20220218,20220218,133602500,13:36:03,2885,9829,53649,558483780,0,0,0
SA206,20220218,20220218,133603000,13:36:05,2885,9829,53649,558483780,0,0,0
SA206,20220218,20220218,133603500,13:36:05,2885,9829,53649,558483780,0,0,0
SA206,20220218,20220218,133604000,13:36:06,2885,9829,53649,558483780,0,0,0
SA206,20220218,20220218,133605000,13:36:06,2885,9829,53649,558483780,0,0,0
SA206,20220218,20220218,133606500,13:36:07,2884,9834,53647,558767880,5,-2,284100
SA206,20220218,20220218,133607000,13:36:08,2884,9835,53646,558824700,1,-1,56820
SA206,20220218,20220218,133607500,13:36:08,2884,9835,53646,558824700,0,0,0
SA206,20220218,20220218,133608000,13:36:08,2884,9835,53646,558824700,0,0,0
SA206,20220218,20220218,133608500,13:36:08,2884,9835,53646,558824700,0,0,0
SA206,20220218,20220218,133609000,13:36:09,2884,9835,53646,558824700,0,0,0
SA206,20220218,20220218,133609500,13:36:10,2884,9835,53646,558824700,0,0,0
SA206,20220218,20220218,133610000,13:36:11,2884,9835,53646,558824700,0,0,0
SA206,20220218,20220218,133610500,13:36:11,2884,9836,53646,558881520,1,0,56820
SA206,20220218,20220218,133611000,13:36:12,2884,9846,53652,559449720,10,6,568200
SA206,20220218,20220218,133611500,13:36:12,2885,9847,53651,559506540,1,-1,56820
SA206,20220218,20220218,133612000,13:36:12,2885,9847,53651,559506540,0,0,0
SA206,20220218,20220218,133612500,13:36:12,2885,9847,53651,559506540,0,0,0
SA206,20220218,20220218,133614000,13:36:14,2884,9849,53653,559620180,2,2,113640
SA206,20220218,20220218,133614500,13:36:14,2884,9849,53653,559620180,0,0,0
SA206,20220218,20220218,133615000,13:36:15,2884,9849,53653,559620180,0,0,0
SA206,20220218,20220218,133615500,13:36:15,2884,9849,53653,559620180,0,0,0
SA206,20220218,20220218,133616000,13:36:16,2884,9849,53653,559620180,0,0,0
SA206,20220218,20220218,133616500,13:36:17,2884,9849,53653,559620180,0,0,0
SA206,20220218,20220218,133617000,13:36:17,2884,9850,53653,559677000,1,0,56820
SA206,20220218,20220218,133617500,13:36:19,2884,9850,53653,559677000,0,0,0
SA206,20220218,20220218,133618000,13:36:19,2884,9850,53653,559677000,0,0,0
SA206,20220218,20220218,133618500,13:36:19,2884,9850,53653,559677000,0,0,0
SA206,20220218,20220218,133619000,13:36:19,2884,9850,53653,559677000,0,0,0
SA206,20220218,20220218,133619500,13:36:20,2884,9850,53653,559677000,0,0,0
SA206,20220218,20220218,133620000,13:36:20,2884,9850,53653,559677000,0,0,0
SA206,20220218,20220218,133620500,13:36:20,2884,9850,53653,559677000,0,0,0
SA206,20220218,20220218,133622000,13:36:22,2884,9850,53653,559677000,0,0,0
SA206,20220218,20220218,133622500,13:36:22,2884,9850,53653,559677000,0,0,0
SA206,20220218,20220218,133623000,13:36:23,2884,9850,53653,559677000,0,0,0
SA206,20220218,20220218,133623500,13:36:23,2884,9850,53653,559677000,0,0,0
SA206,20220218,20220218,133625500,13:36:26,2884,9850,53653,559677000,0,0,0
SA206,20220218,20220218,133626500,13:36:27,2884,9850,53653,559677000,0,0,0
SA206,20220218,20220218,133627000,13:36:28,2884,9850,53653,559677000,0,0,0
SA206,20220218,20220218,133629500,13:36:30,2884,9850,53653,559677000,0,0,0
SA206,20220218,20220218,133630000,13:36:30,2884,9850,53653,559677000,0,0,0
SA206,20220218,20220218,133630500,13:36:31,2884,9850,53653,559677000,0,0,0
SA206,20220218,20220218,133631000,13:36:31,2884,9850,53653,559677000,0,0,0
SA206,20220218,20220218,133631500,13:36:31,2884,9850,53653,559677000,0,0,0
SA206,20220218,20220218,133632000,13:36:32,2884,9850,53653,559677000,0,0,0
SA206,20220218,20220218,133634500,13:36:35,2884,9850,53653,559677000,0,0,0
SA206,20220218,20220218,133635000,13:36:36,2884,9850,53653,559677000,0,0,0
SA206,20220218,20220218,133639000,13:36:39,2884,9859,53654,560385560,9,1,708560
SA206,20220218,20220218,133639500,13:36:40,2884,9859,53654,560385560,0,0,0
SA206,20220218,20220218,133640000,13:36:40,2884,9859,53654,560385560,0,0,0
SA206,20220218,20220218,133642000,13:36:42,2884,9859,53654,560385560,0,0,0
SA206,20220218,20220218,133642500,13:36:43,2884,9859,53654,560385560,0,0,0
SA206,20220218,20220218,133643000,13:36:43,2884,9859,53654,560385560,0,0,0
SA206,20220218,20220218,133643500,13:36:44,2884,9859,53654,560385560,0,0,0
SA206,20220218,20220218,133644000,13:36:44,2884,9859,53654,560385560,0,0,0
SA206,20220218,20220218,133644500,13:36:44,2884,9859,53654,560385560,0,0,0
SA206,20220218,20220218,133645000,13:36:45,2884,9859,53654,560385560,0,0,0
SA206,20220218,20220218,133645500,13:36:46,2884,9859,53654,560385560,0,0,0
SA206,20220218,20220218,133646000,13:36:46,2884,9859,53654,560385560,0,0,0
SA206,20220218,20220218,133646500,13:36:46,2884,9859,53654,560385560,0,0,0
SA206,20220218,20220218,133647000,13:36:47,2884,9859,53654,560385560,0,0,0
SA206,20220218,20220218,133647500,13:36:48,2884,9859,53654,560385560,0,0,0
SA206,20220218,20220218,133648000,13:36:48,2884,9859,53654,560385560,0,0,0
SA206,20220218,20220218,133648500,13:36:49,2884,9859,53654,560385560,0,0,0
SA206,20220218,20220218,133649000,13:36:49,2884,9859,53654,560385560,0,0,0
SA206,20220218,20220218,133650500,13:36:50,2884,9859,53654,560385560,0,0,0
SA206,20220218,20220218,133652000,13:36:52,2884,9859,53654,560385560,0,0,0
SA206,20220218,20220218,133652500,13:36:53,2884,9859,53654,560385560,0,0,0
SA206,20220218,20220218,133653000,13:36:53,2884,9859,53654,560385560,0,0,0
SA206,20220218,20220218,133653500,13:36:54,2884,9859,53654,560385560,0,0,0
SA206,20220218,20220218,133654000,13:36:54,2884,9859,53654,560385560,0,0,0
SA206,20220218,20220218,133654500,13:36:54,2884,9859,53654,560385560,0,0,0
SA206,20220218,20220218,133655000,13:36:55,2884,9859,53654,560385560,0,0,0
SA206,20220218,20220218,133655500,13:36:56,2884,9859,53654,560385560,0,0,0
SA206,20220218,20220218,133657000,13:36:58,2884,9859,53654,560385560,0,0,0
SA206,20220218,20220218,133658500,13:36:59,2884,9859,53654,560385560,0,0,0
SA206,20220218,20220218,133700500,13:37:00,2884,9859,53654,560385560,0,0,0
SA206,20220218,20220218,133701000,13:37:01,2884,9859,53654,560385560,0,0,0
SA206,20220218,20220218,133701500,13:37:02,2884,9859,53654,560385560,0,0,0
SA206,20220218,20220218,133702000,13:37:02,2884,9859,53654,560385560,0,0,0
SA206,20220218,20220218,133702500,13:37:03,2884,9859,53654,560385560,0,0,0
SA206,20220218,20220218,133704000,13:37:04,2884,9859,53654,560385560,0,0,0
SA206,20220218,20220218,133705000,13:37:05,2884,9859,53654,560385560,0,0,0
SA206,20220218,20220218,133710000,13:37:11,2884,9859,53654,560385560,0,0,0
SA206,20220218,20220218,133710500,13:37:11,2884,9859,53654,560385560,0,0,0
SA206,20220218,20220218,133711000,13:37:11,2886,9873,53660,561181320,14,6,795760
SA206,20220218,20220218,133711500,13:37:13,2886,9873,53660,561181320,0,0,0
SA206,20220218,20220218,133715500,13:37:16,2886,9878,53655,561465520,5,-5,284200
SA206,20220218,20220218,133716000,13:37:16,2886,9880,53654,561579200,2,-1,113680
SA206,20220218,20220218,133716500,13:37:17,2886,9880,53654,561579200,0,0,0
SA206,20220218,20220218,133717500,13:37:18,2886,9880,53654,561579200,0,0,0
SA206,20220218,20220218,133718000,13:37:18,2886,9880,53654,561579200,0,0,0
SA206,20220218,20220218,133718500,13:37:19,2886,9880,53654,561579200,0,0,0
SA206,20220218,20220218,133720000,13:37:21,2886,9880,53654,561579200,0,0,0
SA206,20220218,20220218,133721000,13:37:21,2886,9880,53654,561579200,0,0,0
SA206,20220218,20220218,133721500,13:37:22,2886,9880,53654,561579200,0,0,0
SA206,20220218,20220218,133722500,13:37:23,2886,9880,53654,561579200,0,0,0
SA206,20220218,20220218,133723500,13:37:23,2886,9880,53654,561579200,0,0,0
SA206,20220218,20220218,133724000,13:37:24,2886,9880,53654,561579200,0,0,0
SA206,20220218,20220218,133724500,13:37:25,2886,9880,53654,561579200,0,0,0
SA206,20220218,20220218,133725000,13:37:25,2886,9880,53654,561579200,0,0,0
SA206,20220218,20220218,133725500,13:37:26,2886,9880,53654,561579200,0,0,0
SA206,20220218,20220218,133726000,13:37:26,2886,9880,53654,561579200,0,0,0
SA206,20220218,20220218,133726500,13:37:27,2886,9880,53654,561579200,0,0,0
SA206,20220218,20220218,133729500,13:37:30,2886,9880,53654,561579200,0,0,0
SA206,20220218,20220218,133733000,13:37:33,2886,9880,53654,561579200,0,0,0
SA206,20220218,20220218,133733500,13:37:33,2884,9881,53654,561636040,1,0,56840
SA206,20220218,20220218,133734000,13:37:34,2884,9881,53654,561636040,0,0,0
SA206,20220218,20220218,133734500,13:37:34,2884,9881,53654,561636040,0,0,0
SA206,20220218,20220218,133735000,13:37:35,2884,9881,53654,561636040,0,0,0
SA206,20220218,20220218,133735500,13:37:36,2884,9881,53654,561636040,0,0,0
SA206,20220218,20220218,133736000,13:37:36,2884,9881,53654,561636040,0,0,0
SA206,20220218,20220218,133736500,13:37:37,2884,9881,53654,561636040,0,0,0
SA206,20220218,20220218,133738000,13:37:38,2884,9881,53654,561636040,0,0,0
SA206,20220218,20220218,133738500,13:37:39,2884,9881,53654,561636040,0,0,0
SA206,20220218,20220218,133741000,13:37:41,2884,9881,53654,561636040,0,0,0
SA206,20220218,20220218,133741500,13:37:42,2884,9881,53654,561636040,0,0,0
SA206,20220218,20220218,133742000,13:37:42,2884,9881,53654,561636040,0,0,0
SA206,20220218,20220218,133743000,13:37:43,2884,9881,53654,561636040,0,0,0
SA206,20220218,20220218,133743500,13:37:44,2884,9881,53654,561636040,0,0,0
SA206,20220218,20220218,133744000,13:37:45,2884,9881,53654,561636040,0,0,0
SA206,20220218,20220218,133744500,13:37:45,2884,9881,53654,561636040,0,0,0
SA206,20220218,20220218,133745000,13:37:45,2884,9881,53654,561636040,0,0,0
SA206,20220218,20220218,133745500,13:37:45,2884,9881,53654,561636040,0,0,0
SA206,20220218,20220218,133746000,13:37:46,2884,9881,53654,561636040,0,0,0
SA206,20220218,20220218,133746500,13:37:47,2884,9881,53654,561636040,0,0,0
SA206,20220218,20220218,133747000,13:37:47,2884,9881,53654,561636040,0,0,0
SA206,20220218,20220218,133747500,13:37:48,2884,9881,53654,561636040,0,0,0
SA206,20220218,20220218,133748000,13:37:48,2884,9881,53654,561636040,0,0,0
SA206,20220218,20220218,133748500,13:37:48,2884,9881,53654,561636040,0,0,0
SA206,20220218,20220218,133749000,13:37:49,2884,9881,53654,561636040,0,0,0
SA206,20220218,20220218,133749500,13:37:49,2884,9881,53654,561636040,0,0,0
SA206,20220218,20220218,133750000,13:37:50,2884,9881,53654,561636040,0,0,0
SA206,20220218,20220218,133751000,13:37:51,2884,9881,53654,561636040,0,0,0
SA206,20220218,20220218,133751500,13:37:53,2884,9881,53654,561636040,0,0,0
SA206,20220218,20220218,133752500,13:37:54,2884,9881,53654,561636040,0,0,0
SA206,20220218,20220218,133753500,13:37:54,2884,9881,53654,561636040,0,0,0
SA206,20220218,20220218,133801000,13:38:02,2884,9881,53654,561636040,0,0,0
SA206,20220218,20220218,133801500,13:38:03,2884,9881,53654,561636040,0,0,0
SA206,20220218,20220218,133806500,13:38:09,2884,9881,53654,561636040,0,0,0
SA206,20220218,20220218,133807000,13:38:09,2884,9881,53654,561636040,0,0,0
SA206,20220218,20220218,133809000,13:38:09,2887,9897,53662,562545480,16,8,909440
SA206,20220218,20220218,133809500,13:38:10,2887,9897,53662,562545480,0,0,0
SA206,20220218,20220218,133810000,13:38:10,2887,9897,53662,562545480,0,0,0
SA206,20220218,20220218,133810500,13:38:10,2887,9897,53662,562545480,0,0,0
SA206,20220218,20220218,133811000,13:38:14,2887,9897,53662,562545480,0,0,0
SA206,20220218,20220218,133817500,13:38:18,2887,9897,53662,562545480,0,0,0
SA206,20220218,20220218,133818000,13:38:18,2887,9897,53662,562545480,0,0,0
SA206,20220218,20220218,133818500,13:38:19,2887,9897,53662,562545480,0,0,0
SA206,20220218,20220218,133821000,13:38:22,2889,9910,53657,563284400,13,-5,738920
SA206,20220218,20220218,133821500,13:38:23,2889,9910,53657,563284400,0,0,0
SA206,20220218,20220218,133822500,13:38:23,2891,9911,53657,563341240,1,0,56840
SA206,20220218,20220218,133824000,13:38:24,2891,9911,53657,563341240,0,0,0
SA206,20220218,20220218,133824500,13:38:41,2891,9911,53657,563341240,0,0,0
SA206,20220218,20220218,133825000,13:38:41,2891,9911,53657,563341240,0,0,0
SA206,20220218,20220218,133825500,13:38:42,2891,9911,53657,563341240,0,0,0
SA206,20220218,20220218,133840500,13:38:42,2891,9911,53657,563341240,0,0,0
SA206,20220218,20220218,133841000,13:38:43,2891,9911,53657,563341240,0,0,0
SA206,20220218,20220218,133841500,13:38:43,2891,9911,53657,563341240,0,0,0
SA206,20220218,20220218,133842000,13:38:43,2891,9911,53657,563341240,0,0,0
SA206,20220218,20220218,133842500,13:38:43,2891,9911,53657,563341240,0,0,0
SA206,20220218,20220218,133844500,13:38:44,2891,9911,53657,563341240,0,0,0
SA206,20220218,20220218,133845000,13:38:45,2891,9911,53657,563341240,0,0,0
SA206,20220218,20220218,133848000,13:38:48,2891,9911,53657,563341240,0,0,0
SA206,20220218,20220218,133850000,13:38:50,2891,9911,53657,563341240,0,0,0
SA206,20220218,20220218,133851500,13:38:51,2891,9911,53657,563341240,0,0,0
SA206,20220218,20220218,133854000,13:38:54,2891,9911,53657,563341240,0,0,0
SA206,20220218,20220218,133857000,13:38:57,2891,9911,53657,563341240,0,0,0
SA206,20220218,20220218,133859500,13:38:59,2891,9911,53657,563341240,0,0,0
SA206,20220218,20220218,133902500,13:39:02,2891,9911,53657,563341240,0,0,0
SA206,20220218,20220218,133908500,13:39:08,2891,9911,53657,563341240,0,0,0
SA206,20220218,20220218,133910000,13:39:10,2891,9911,53657,563341240,0,0,0
SA206,20220218,20220218,133911500,13:39:11,2891,9911,53657,563341240,0,0,0
SA206,20220218,20220218,133913500,13:39:14,2891,9911,53657,563341240,0,0,0
SA206,20220218,20220218,133914000,13:39:15,2889,9924,53660,564080160,13,3,738920
SA206,20220218,20220218,133914500,13:39:16,2892,9947,53669,565387480,23,9,1307320
SA206,20220218,20220218,133915500,13:39:19,2892,9947,53669,565387480,0,0,0
SA206,20220218,20220218,133918500,13:39:19,2892,9947,53669,565387480,0,0,0
SA206,20220218,20220218,133919000,13:39:19,2892,9947,53669,565387480,0,0,0
SA206,20220218,20220218,133920000,13:39:20,2892,9950,53666,565558000,3,-3,170520
SA206,20220218,20220218,133921500,13:39:21,2892,9950,53666,565558000,0,0,0
SA206,20220218,20220218,133922500,13:39:23,2892,9950,53666,565558000,0,0,0
SA206,20220218,20220218,133924000,13:39:24,2892,9950,53666,565558000,0,0,0
SA206,20220218,20220218,133924500,13:39:24,2892,9950,53666,565558000,0,0,0
SA206,20220218,20220218,133925000,13:39:25,2892,9950,53666,565558000,0,0,0
SA206,20220218,20220218,133926000,13:39:26,2892,9950,53666,565558000,0,0,0
SA206,20220218,20220218,133928000,13:39:28,2892,9950,53666,565558000,0,0,0
SA206,20220218,20220218,133929000,13:39:29,2892,9950,53666,565558000,0,0,0
SA206,20220218,20220218,133931000,13:39:31,2892,9950,53666,565558000,0,0,0
SA206,20220218,20220218,133932500,13:39:33,2892,9950,53666,565558000,0,0,0
SA206,20220218,20220218,133933500,13:39:33,2892,9950,53666,565558000,0,0,0
SA206,20220218,20220218,133934500,13:39:34,2890,9956,53660,565899040,6,-6,341040
SA206,20220218,20220218,133936000,13:39:36,2890,9956,53660,565899040,0,0,0
SA206,20220218,20220218,133937000,13:39:37,2890,9956,53660,565899040,0,0,0
SA206,20220218,20220218,133938000,13:39:38,2890,9956,53660,565899040,0,0,0
SA206,20220218,20220218,133938500,13:39:38,2890,9956,53660,565899040,0,0,0
SA206,20220218,20220218,133939500,13:39:40,2890,9956,53660,565899040,0,0,0
SA206,20220218,20220218,133944500,13:39:44,2890,9956,53660,565899040,0,0,0
SA206,20220218,20220218,133945000,13:39:45,2892,9962,53659,566240080,6,-1,341040
SA206,20220218,20220218,133945500,13:39:46,2890,9966,53661,566467440,4,2,227360
SA206,20220218,20220218,133946000,13:39:47,2892,9967,53661,566524280,1,0,56840
SA206,20220218,20220218,133946500,13:39:47,2892,9967,53661,566524280,0,0,0
SA206,20220218,20220218,133947000,13:39:47,2892,9967,53661,566524280,0,0,0
SA206,20220218,20220218,133948000,13:39:48,2892,9967,53661,566524280,0,0,0
SA206,20220218,20220218,133948500,13:39:48,2892,9967,53661,566524280,0,0,0
SA206,20220218,20220218,133949000,13:39:49,2892,9967,53661,566524280,0,0,0
SA206,20220218,20220218,133949500,13:39:50,2892,9967,53661,566524280,0,0,0
SA206,20220218,20220218,133954000,13:39:55,2892,9967,53661,566524280,0,0,0
SA206,20220218,20220218,133954500,13:39:55,2892,9967,53661,566524280,0,0,0
SA206,20220218,20220218,133955000,13:39:55,2892,9967,53661,566524280,0,0,0
SA206,20220218,20220218,133955500,13:39:55,2892,9967,53661,566524280,0,0,0
SA206,20220218,20220218,133956000,13:39:56,2892,9967,53661,566524280,0,0,0
SA206,20220218,20220218,133956500,13:39:57,2892,9967,53661,566524280,0,0,0
SA206,20220218,20220218,133957000,13:39:58,2892,9967,53661,566524280,0,0,0
SA206,20220218,20220218,133958000,13:40:13,2892,9967,53661,566524280,0,0,0
SA206,20220218,20220218,134012500,13:40:13,2894,9980,53662,567263200,13,1,738920
SA206,20220218,20220218,134014000,13:40:14,2894,9980,53662,567263200,0,0,0
SA206,20220218,20220218,134014500,13:40:16,2894,9981,53661,567320040,1,-1,56840
SA206,20220218,20220218,134015000,13:40:16,2894,9982,53660,567376880,1,-1,56840
SA206,20220218,20220218,134015500,13:40:16,2894,9982,53660,567376880,0,0,0
SA206,20220218,20220218,134016500,13:40:17,2895,9983,53660,567433720,1,0,56840
SA206,20220218,20220218,134017000,13:40:17,2895,9983,53660,567433720,0,0,0
SA206,20220218,20220218,134019000,13:40:19,2895,9983,53660,567433720,0,0,0
SA206,20220218,20220218,134019500,13:40:20,2895,9983,53660,567433720,0,0,0
SA206,20220218,20220218,134020000,13:40:20,2896,9986,53659,567604240,3,-1,170520
SA206,20220218,20220218,134020500,13:40:21,2896,9987,53658,567661080,1,-1,56840
SA206,20220218,20220218,134021000,13:40:21,2896,9987,53658,567661080,0,0,0
SA206,20220218,20220218,134021500,13:40:22,2896,9987,53658,567661080,0,0,0
SA206,20220218,20220218,134022000,13:40:22,2896,9987,53658,567661080,0,0,0
SA206,20220218,20220218,134023000,13:40:23,2896,9987,53658,567661080,0,0,0
SA206,20220218,20220218,134023500,13:40:24,2896,9987,53658,567661080,0,0,0
SA206,20220218,20220218,134027000,13:40:27,2896,9987,53658,567661080,0,0,0
SA206,20220218,20220218,134027500,13:40:28,2894,9996,53659,568172640,9,1,511560
SA206,20220218,20220218,134028000,13:40:28,2894,9996,53659,568172640,0,0,0
SA206,20220218,20220218,134029500,13:40:30,2894,9996,53659,568172640,0,0,0
SA206,20220218,20220218,134030000,13:40:30,2894,9996,53659,568172640,0,0,0
SA206,20220218,20220218,134030500,13:40:31,2894,9998,53659,568286320,2,0,113680
SA206,20220218,20220218,134031000,13:40:31,2894,9998,53659,568286320,0,0,0
SA206,20220218,20220218,134031500,13:40:32,2894,9998,53659,568286320,0,0,0
SA206,20220218,20220218,134032000,13:40:32,2894,9998,53659,568286320,0,0,0
SA206,20220218,20220218,134032500,13:40:32,2894,9998,53659,568286320,0,0,0
SA206,20220218,20220218,134033000,13:40:33,2894,9998,53659,568286320,0,0,0
SA206,20220218,20220218,134033500,13:40:34,2894,9998,53659,568286320,0,0,0
SA206,20220218,20220218,134035000,13:40:35,2894,10000,53659,568400000,2,0,113680
SA206,20220218,20220218,134035500,13:40:36,2894,10000,53659,568400000,0,0,0
SA206,20220218,20220218,134036500,13:40:36,2894,10000,53659,568400000,0,0,0
SA206,20220218,20220218,134037500,13:40:37,2894,10000,53659,568400000,0,0,0
SA206,20220218,20220218,134038000,13:40:38,2894,10000,53659,568400000,0,0,0
SA206,20220218,20220218,134038500,13:40:38,2894,10000,53659,568400000,0,0,0
SA206,20220218,20220218,134039000,13:40:40,2894,10000,53659,568400000,0,0,0
SA206,20220218,20220218,134039500,13:40:40,2894,10000,53659,568400000,0,0,0
SA206,20220218,20220218,134040500,13:40:41,2894,10000,53659,568400000,0,0,0
SA206,20220218,20220218,134041000,13:40:42,2894,10000,53659,568400000,0,0,0
SA206,20220218,20220218,134041500,13:40:42,2894,10000,53659,568400000,0,0,0
SA206,20220218,20220218,134042500,13:40:43,2894,10000,53659,568400000,0,0,0
SA206,20220218,20220218,134043500,13:40:44,2894,10000,53659,568400000,0,0,0
SA206,20220218,20220218,134044000,13:40:44,2894,10000,53659,568400000,0,0,0
SA206,20220218,20220218,134044500,13:40:44,2894,10000,53659,568400000,0,0,0
SA206,20220218,20220218,134045500,13:40:45,2894,10000,53659,568400000,0,0,0
SA206,20220218,20220218,134046500,13:40:46,2894,10000,53659,568400000,0,0,0
SA206,20220218,20220218,134047000,13:40:47,2894,10000,53659,568400000,0,0,0
SA206,20220218,20220218,134048500,13:40:48,2894,10000,53659,568400000,0,0,0
SA206,20220218,20220218,134049000,13:40:49,2894,10000,53659,568400000,0,0,0
SA206,20220218,20220218,134050000,13:40:50,2894,10000,53659,568400000,0,0,0
SA206,20220218,20220218,134051000,13:40:51,2894,10000,53659,568400000,0,0,0
SA206,20220218,20220218,134051500,13:40:55,2894,10000,53659,568400000,0,0,0
SA206,20220218,20220218,134052000,13:40:55,2894,10000,53659,568400000,0,0,0
SA206,20220218,20220218,134054500,13:40:55,2894,10000,53659,568400000,0,0,0
SA206,20220218,20220218,134055500,13:40:57,2894,10000,53659,568400000,0,0,0
SA206,20220218,20220218,134056000,13:40:58,2894,10000,53659,568400000,0,0,0
SA206,20220218,20220218,134059000,13:40:59,2894,10000,53659,568400000,0,0,0
SA206,20220218,20220218,134100000,13:41:00,2894,10000,53659,568400000,0,0,0
SA206,20220218,20220218,134100500,13:41:00,2894,10000,53659,568400000,0,0,0
SA206,20220218,20220218,134105000,13:41:06,2894,10000,53659,568400000,0,0,0
SA206,20220218,20220218,134107000,13:41:09,2894,10000,53659,568400000,0,0,0
SA206,20220218,20220218,134107500,13:41:09,2893,10005,53658,568684200,5,-1,284200
SA206,20220218,20220218,134108000,13:41:09,2893,10006,53657,568741040,1,-1,56840
SA206,20220218,20220218,134109000,13:41:10,2893,10006,53657,568741040,0,0,0
SA206,20220218,20220218,134110000,13:41:10,2893,10006,53657,568741040,0,0,0
SA206,20220218,20220218,134110500,13:41:10,2893,10006,53657,568741040,0,0,0
SA206,20220218,20220218,134111000,13:41:11,2893,10006,53657,568741040,0,0,0
SA206,20220218,20220218,134111500,13:41:12,2893,10006,53657,568741040,0,0,0
SA206,20220218,20220218,134112000,13:41:12,2893,10006,53657,568741040,0,0,0
SA206,20220218,20220218,134113000,13:41:13,2893,10006,53657,568741040,0,0,0
SA206,20220218,20220218,134113500,13:41:13,2893,10006,53657,568741040,0,0,0
SA206,20220218,20220218,134114000,13:41:15,2893,10006,53657,568741040,0,0,0
SA206,20220218,20220218,134114500,13:41:16,2893,10006,53657,568741040,0,0,0
SA206,20220218,20220218,134115000,13:41:16,2893,10006,53657,568741040,0,0,0
SA206,20220218,20220218,134117000,13:41:17,2893,10006,53657,568741040,0,0,0
SA206,20220218,20220218,134117500,13:41:18,2893,10006,53657,568741040,0,0,0
SA206,20220218,20220218,134118000,13:41:19,2893,10006,53657,568741040,0,0,0
SA206,20220218,20220218,134118500,13:41:19,2893,10006,53657,568741040,0,0,0
SA206,20220218,20220218,134119500,13:41:20,2893,10006,53657,568741040,0,0,0
SA206,20220218,20220218,134120500,13:41:23,2893,10006,53657,568741040,0,0,0
SA206,20220218,20220218,134121000,13:41:23,2893,10006,53657,568741040,0,0,0
SA206,20220218,20220218,134121500,13:41:24,2893,10006,53657,568741040,0,0,0
SA206,20220218,20220218,134123000,13:41:24,2893,10006,53657,568741040,0,0,0
SA206,20220218,20220218,134124000,13:41:24,2893,10006,53657,568741040,0,0,0
SA206,20220218,20220218,134124500,13:41:26,2893,10006,53657,568741040,0,0,0
SA206,20220218,20220218,134125000,13:41:27,2893,10006,53657,568741040,0,0,0
SA206,20220218,20220218,134125500,13:41:27,2893,10006,53657,568741040,0,0,0
SA206,20220218,20220218,134128000,13:41:28,2893,10006,53657,568741040,0,0,0
SA206,20220218,20220218,134128500,13:41:29,2893,10006,53657,568741040,0,0,0
SA206,20220218,20220218,134129000,13:41:29,2893,10006,53657,568741040,0,0,0
SA206,20220218,20220218,134129500,13:41:30,2894,10008,53657,568854720,2,0,113680
SA206,20220218,20220218,134130000,13:41:30,2898,10204,53725,580199440,196,68,11344720
SA206,20220218,20220218,134130500,13:41:31,2901,10225,53735,581393500,21,10,1194060
SA206,20220218,20220218,134131000,13:41:31,2900,10228,53734,581564080,3,-1,170580
SA206,20220218,20220218,134131500,13:41:32,2901,10229,53735,581620940,1,1,56860
SA206,20220218,20220218,134132000,13:41:33,2902,10235,53740,581962100,6,5,341160
SA206,20220218,20220218,134132500,13:41:33,2903,10265,53740,583873200,30,0,1911100
SA206,20220218,20220218,134133000,13:41:33,2902,10268,53742,584043840,3,2,170640
SA206,20220218,20220218,134133500,13:41:34,2902,10270,53742,584157600,2,0,113760
SA206,20220218,20220218,134134500,13:41:34,2902,10271,53742,584214480,1,0,56880
SA206,20220218,20220218,134135000,13:41:35,2901,10275,53744,584442000,4,2,227520
SA206,20220218,20220218,134135500,13:41:35,2901,10277,53744,584555760,2,0,113760
SA206,20220218,20220218,134136000,13:41:39,2901,10284,53745,584953920,7,1,398160
SA206,20220218,20220218,134136500,13:41:39,2901,10293,53752,585465840,9,7,511920
SA206,20220218,20220218,134139500,13:41:41,2901,10298,53753,585750240,5,1,284400
SA206,20220218,20220218,134140000,13:41:42,2901,10302,53753,585977760,4,0,227520
SA206,20220218,20220218,134140500,13:41:42,2901,10304,53754,586091520,2,1,113760
SA206,20220218,20220218,134142000,13:41:42,2901,10304,53754,586091520,0,0,0
SA206,20220218,20220218,134142500,13:41:42,2902,10306,53754,586205280,2,0,113760
SA206,20220218,20220218,134143000,13:41:44,2902,10307,53753,586262160,1,-1,56880
SA206,20220218,20220218,134144500,13:41:45,2902,10307,53753,586262160,0,0,0
SA206,20220218,20220218,134145000,13:41:45,2902,10307,53753,586262160,0,0,0
SA206,20220218,20220218,134146000,13:41:46,2902,10307,53753,586262160,0,0,0
SA206,20220218,20220218,134146500,13:41:47,2902,10308,53753,586319040,1,0,56880
SA206,20220218,20220218,134147000,13:41:47,2902,10308,53753,586319040,0,0,0
SA206,20220218,20220218,134147500,13:41:48,2902,10309,53754,586375920,1,1,56880
SA206,20220218,20220218,134148000,13:41:48,2902,10309,53754,586375920,0,0,0
SA206,20220218,20220218,134148500,13:41:49,2902,10309,53754,586375920,0,0,0
SA206,20220218,20220218,134149000,13:41:49,2902,10309,53754,586375920,0,0,0
SA206,20220218,20220218,134149500,13:41:50,2902,10309,53754,586375920,0,0,0
SA206,20220218,20220218,134150000,13:41:50,2902,10309,53754,586375920,0,0,0
SA206,20220218,20220218,134150500,13:41:51,2902,10310,53754,586432800,1,0,56880
SA206,20220218,20220218,134151000,13:41:51,2902,10310,53754,586432800,0,0,0
SA206,20220218,20220218,134151500,13:41:52,2902,10315,53755,586717200,5,1,284400
SA206,20220218,20220218,134152000,13:41:52,2902,10316,53754,586774080,1,-1,56880
SA206,20220218,20220218,134152500,13:41:53,2902,10318,53756,586887840,2,2,113760
SA206,20220218,20220218,134153500,13:41:57,2902,10318,53756,586887840,0,0,0
SA206,20220218,20220218,134154000,13:42:02,2903,10319,53756,586944720,1,0,56880
SA206,20220218,20220218,134154500,13:42:02,2903,10319,53756,586944720,0,0,0
SA206,20220218,20220218,134202000,13:42:10,2903,10319,53756,586944720,0,0,0
SA206,20220218,20220218,134202500,13:42:11,2903,10319,53756,586944720,0,0,0
SA206,20220218,20220218,134210000,13:42:12,2903,10319,53756,586944720,0,0,0
SA206,20220218,20220218,134211000,13:42:12,2902,10363,53759,589447440,44,3,2502720
SA206,20220218,20220218,134211500,13:42:12,2902,10370,53753,589845600,7,-6,398160
SA206,20220218,20220218,134212000,13:42:13,2902,10370,53753,589845600,0,0,0
SA206,20220218,20220218,134212500,13:42:13,2902,10370,53753,589845600,0,0,0
SA206,20220218,20220218,134213500,13:42:14,2902,10370,53753,589845600,0,0,0
SA206,20220218,20220218,134214000,13:42:14,2902,10371,53753,589902480,1,0,56880
SA206,20220218,20220218,134214500,13:42:15,2902,10371,53753,589902480,0,0,0
SA206,20220218,20220218,134215000,13:42:15,2902,10371,53753,589902480,0,0,0
SA206,20220218,20220218,134215500,13:42:16,2902,10371,53753,589902480,0,0,0
SA206,20220218,20220218,134216000,13:42:16,2902,10371,53753,589902480,0,0,0
SA206,20220218,20220218,134217000,13:42:19,2902,10372,53752,589959360,1,-1,56880
SA206,20220218,20220218,134217500,13:42:20,2902,10372,53752,589959360,0,0,0
SA206,20220218,20220218,134218000,13:42:20,2901,10375,53752,590130000,3,0,170640
SA206,20220218,20220218,134218500,13:42:20,2901,10375,53752,590130000,0,0,0
SA206,20220218,20220218,134219500,13:42:20,2902,10378,53753,590300640,3,1,170640
SA206,20220218,20220218,134220000,13:42:21,2902,10378,53753,590300640,0,0,0
SA206,20220218,20220218,134221000,13:42:21,2901,10381,53756,590471280,3,3,170640
SA206,20220218,20220218,134221500,13:42:22,2901,10381,53756,590471280,0,0,0
SA206,20220218,20220218,134222000,13:42:22,2901,10381,53756,590471280,0,0,0
SA206,20220218,20220218,134222500,13:42:22,2901,10381,53756,590471280,0,0,0
SA206,20220218,20220218,134223000,13:42:23,2901,10381,53756,590471280,0,0,0
SA206,20220218,20220218,134223500,13:42:24,2901,10381,53756,590471280,0,0,0
SA206,20220218,20220218,134224000,13:42:25,2901,10381,53756,590471280,0,0,0
SA206,20220218,20220218,134225000,13:42:25,2902,10401,53755,591608880,20,-1,1137600
SA206,20220218,20220218,134225500,13:42:26,2899,10406,53752,591893280,5,-3,284400
SA206,20220218,20220218,134226000,13:42:27,2899,10407,53752,591950160,1,0,56880
SA206,20220218,20220218,134226500,13:42:28,2899,10407,53752,591950160,0,0,0
SA206,20220218,20220218,134227000,13:42:28,2899,10407,53752,591950160,0,0,0
SA206,20220218,20220218,134228000,13:42:29,2899,10407,53752,591950160,0,0,0
SA206,20220218,20220218,134228500,13:42:29,2899,10408,53752,592007040,1,0,56880
SA206,20220218,20220218,134229000,13:42:29,2899,10408,53752,592007040,0,0,0
SA206,20220218,20220218,134229500,13:42:29,2899,10408,53752,592007040,0,0,0
SA206,20220218,20220218,134241000,13:42:41,2900,10409,53751,592063920,1,-1,56880
SA206,20220218,20220218,134245500,13:42:45,2900,10410,53750,592120800,1,-1,56880
SA206,20220218,20220218,134249000,13:42:49,2900,10420,53743,592898000,10,-7,777200
SA206,20220218,20220218,134254500,13:42:54,2900,10420,53743,592898000,0,0,0
SA206,20220218,20220218,134255500,13:42:55,2900,10420,53743,592898000,0,0,0
SA206,20220218,20220218,134257000,13:42:59,2899,10421,53742,592954900,1,-1,56900
SA206,20220218,20220218,134257500,13:42:59,2899,10421,53742,592954900,0,0,0
SA206,20220218,20220218,134258500,13:42:59,2899,10421,53742,592954900,0,0,0
SA206,20220218,20220218,134300000,13:43:01,2899,10421,53742,592954900,0,0,0
SA206,20220218,20220218,134300500,13:43:02,2899,10421,53742,592954900,0,0,0
SA206,20220218,20220218,134301000,13:43:02,2899,10421,53742,592954900,0,0,0
SA206,20220218,20220218,134303000,13:43:05,2899,10421,53742,592954900,0,0,0
SA206,20220218,20220218,134303500,13:43:11,2899,10421,53742,592954900,0,0,0
SA206,20220218,20220218,134304000,13:43:11,2899,10421,53742,592954900,0,0,0
SA206,20220218,20220218,134305000,13:43:11,2899,10421,53742,592954900,0,0,0
SA206,20220218,20220218,134310500,13:43:12,2899,10421,53742,592954900,0,0,0
SA206,20220218,20220218,134311000,13:43:14,2900,10423,53740,593068700,2,-2,113800
SA206,20220218,20220218,134312000,13:43:14,2900,10423,53740,593068700,0,0,0
SA206,20220218,20220218,134312500,13:43:14,2900,10423,53740,593068700,0,0,0
SA206,20220218,20220218,134314000,13:43:14,2900,10423,53740,593068700,0,0,0
SA206,20220218,20220218,134314500,13:43:15,2899,10425,53738,593182500,2,-2,113800
SA206,20220218,20220218,134315000,13:43:15,2899,10425,53738,593182500,0,0,0
SA206,20220218,20220218,134315500,13:43:15,2899,10428,53735,593353200,3,-3,170700
SA206,20220218,20220218,134316000,13:43:16,2899,10428,53735,593353200,0,0,0
SA206,20220218,20220218,134316500,13:43:17,2899,10428,53735,593353200,0,0,0
