SA202,20220218,20220218,112002000,11:20:08,2744,154,1025,8322160,154,0,8322160
SA202,20220218,20220218,112012500,11:20:12,2744,154,1025,8322160,0,0,0
SA202,20220218,20220218,112019000,11:20:19,2744,154,1025,8322160,0,0,0
SA202,20220218,20220218,112019500,11:20:20,2744,154,1025,8322160,0,0,0
SA202,20220218,20220218,112020000,11:20:20,2744,154,1025,8322160,0,0,0
SA202,20220218,20220218,112020500,11:20:20,2744,154,1025,8322160,0,0,0
SA202,20220218,20220218,112021000,11:20:21,2744,154,1025,8322160,0,0,0
SA202,20220218,20220218,112021500,11:20:21,2744,154,1025,8322160,0,0,0
SA202,20220218,20220218,112025500,11:20:26,2744,154,1025,8322160,0,0,0
SA202,20220218,20220218,112030000,11:20:31,2744,154,1025,8322160,0,0,0
SA202,20220218,20220218,112032000,11:20:32,2744,154,1025,8322160,0,0,0
SA202,20220218,20220218,112033000,11:20:33,2744,154,1025,8322160,0,0,0
SA202,20220218,20220218,112033500,11:20:33,2744,154,1025,8322160,0,0,0
SA202,20220218,20220218,112034000,11:20:34,2744,154,1025,8322160,0,0,0
SA202,20220218,20220218,112034500,11:20:34,2744,154,1025,8322160,0,0,0
SA202,20220218,20220218,112035000,11:20:35,2744,154,1025,8322160,0,0,0
SA202,20220218,20220218,112036000,11:20:36,2744,154,1025,8322160,0,0,0
SA202,20220218,20220218,112036500,11:20:37,2744,154,1025,8322160,0,0,0
SA202,20220218,20220218,112037000,11:20:37,2744,154,1025,8322160,0,0,0
SA202,20220218,20220218,112037500,11:20:38,2744,154,1025,8322160,0,0,0
SA202,20220218,20220218,112038000,11:20:38,2744,154,1025,8322160,0,0,0
SA202,20220218,20220218,112038500,11:20:38,2744,154,1025,8322160,0,0,0
SA202,20220218,20220218,112039000,11:20:39,2744,154,1025,8322160,0,0,0
SA202,20220218,20220218,112039500,11:20:40,2744,154,1025,8322160,0,0,0
SA202,20220218,20220218,112040000,11:20:40,2744,154,1025,8322160,0,0,0
SA202,20220218,20220218,112040500,11:20:41,2744,154,1025,8322160,0,0,0
SA202,20220218,20220218,112041000,11:20:41,2744,154,1025,8322160,0,0,0
SA202,20220218,20220218,112042000,11:20:42,2744,154,1025,8322160,0,0,0
SA202,20220218,20220218,112042500,11:20:42,2744,154,1025,8322160,0,0,0
SA202,20220218,20220218,112043000,11:20:43,2744,154,1025,8322160,0,0,0
SA202,20220218,20220218,112043500,11:20:44,2744,154,1025,8322160,0,0,0
SA202,20220218,20220218,112044000,11:20:44,2744,154,1025,8322160,0,0,0
SA202,20220218,20220218,112044500,11:20:45,2744,154,1025,8322160,0,0,0
SA202,20220218,20220218,112045500,11:20:46,2744,154,1025,8322160,0,0,0
SA202,20220218,20220218,112046500,11:20:46,2744,154,1025,8322160,0,0,0
SA202,20220218,20220218,112047000,11:20:47,2744,154,1025,8322160,0,0,0
SA202,20220218,20220218,112053000,11:20:53,2744,154,1025,8322160,0,0,0
SA202,20220218,20220218,112053500,11:20:53,2744,154,1025,8322160,0,0,0
SA202,20220218,20220218,112054000,11:20:54,2744,154,1025,8322160,0,0,0
SA202,20220218,20220218,112055000,11:20:55,2744,154,1025,8322160,0,0,0
SA202,20220218,20220218,112104000,11:21:04,2744,154,1025,8322160,0,0,0
SA202,20220218,20220218,112106000,11:21:07,2744,154,1025,8322160,0,0,0
SA202,20220218,20220218,112107500,11:21:10,2744,154,1025,8322160,0,0,0
SA202,20220218,20220218,112110000,11:21:10,2744,154,1025,8322160,0,0,0
SA202,20220218,20220218,112112500,11:21:13,2744,154,1025,8322160,0,0,0
SA202,20220218,20220218,112113000,11:21:13,2744,154,1025,8322160,0,0,0
SA202,20220218,20220218,112113500,11:21:13,2744,154,1025,8322160,0,0,0
SA202,20220218,20220218,112114000,11:21:14,2744,154,1025,8322160,0,0,0
SA202,20220218,20220218,112114500,11:21:14,2744,154,1025,8322160,0,0,0
SA202,20220218,20220218,112116500,11:21:17,2744,154,1025,8322160,0,0,0
SA202,20220218,20220218,112117000,11:21:17,2744,154,1025,8322160,0,0,0
SA202,20220218,20220218,112120500,11:21:21,2744,154,1025,8322160,0,0,0
SA202,20220218,20220218,112121000,11:21:22,2744,154,1025,8322160,0,0,0
SA202,20220218,20220218,112126000,11:23:33,2744,154,1025,8322160,0,0,0
SA202,20220218,20220218,112126500,11:23:33,2744,154,1025,8322160,0,0,0
SA202,20220218,20220218,112332500,11:23:33,2744,154,1025,8322160,0,0,0
SA202,20220218,20220218,112333000,11:23:33,2744,154,1025,8322160,0,0,0
SA202,20220218,20220218,112334000,11:23:34,2744,154,1025,8322160,0,0,0
SA202,20220218,20220218,112334500,11:23:34,2744,154,1025,8322160,0,0,0
SA202,20220218,20220218,112335500,11:23:35,2744,154,1025,8322160,0,0,0
SA202,20220218,20220218,112338000,11:23:38,2744,154,1025,8322160,0,0,0
SA202,20220218,20220218,112340000,11:23:40,2744,154,1025,8322160,0,0,0
SA202,20220218,20220218,112344000,11:23:45,2744,154,1025,8322160,0,0,0
SA202,20220218,20220218,112346500,11:23:48,2744,154,1025,8322160,0,0,0
SA202,20220218,20220218,112348500,11:23:49,2744,154,1025,8322160,0,0,0
SA202,20220218,20220218,112349500,11:23:50,2744,154,1025,8322160,0,0,0
SA202,20220218,20220218,112350000,11:23:50,2744,154,1025,8322160,0,0,0
SA202,20220218,20220218,112350500,11:23:50,2744,154,1025,8322160,0,0,0
SA202,20220218,20220218,112351500,11:23:51,2744,154,1025,8322160,0,0,0
SA202,20220218,20220218,112352500,11:23:52,2744,154,1025,8322160,0,0,0
SA202,20220218,20220218,112353500,11:23:53,2744,154,1025,8322160,0,0,0
SA202,20220218,20220218,112354500,11:23:55,2744,154,1025,8322160,0,0,0
SA202,20220218,20220218,112355000,11:23:55,2744,154,1025,8322160,0,0,0
SA202,20220218,20220218,112357000,11:23:57,2744,154,1025,8322160,0,0,0
SA202,20220218,20220218,112358000,11:23:58,2744,154,1025,8322160,0,0,0
SA202,20220218,20220218,112358500,11:23:58,2744,154,1025,8322160,0,0,0
SA202,20220218,20220218,112359000,11:23:59,2744,154,1025,8322160,0,0,0
SA202,20220218,20220218,112359500,11:23:59,2744,154,1025,8322160,0,0,0
SA202,20220218,20220218,112402000,11:24:02,2744,154,1025,8322160,0,0,0
SA202,20220218,20220218,112403000,11:24:03,2744,154,1025,8322160,0,0,0
SA202,20220218,20220218,112403500,11:24:04,2744,154,1025,8322160,0,0,0
SA202,20220218,20220218,112404000,11:24:04,2744,154,1025,8322160,0,0,0
SA202,20220218,20220218,112406000,11:24:06,2744,154,1025,8322160,0,0,0
SA202,20220218,20220218,112406500,11:24:06,2744,154,1025,8322160,0,0,0
SA202,20220218,20220218,112409500,11:24:11,2744,154,1025,8322160,0,0,0
SA202,20220218,20220218,112410000,11:24:12,2744,154,1025,8322160,0,0,0
SA202,20220218,20220218,112412500,11:24:13,2744,154,1025,8322160,0,0,0
SA202,20220218,20220218,112413000,11:24:13,2744,154,1025,8322160,0,0,0
SA202,20220218,20220218,112417000,11:24:17,2744,154,1025,8322160,0,0,0
SA202,20220218,20220218,112417500,11:24:18,2744,154,1025,8322160,0,0,0
SA202,20220218,20220218,112418500,11:24:19,2744,154,1025,8322160,0,0,0
SA202,20220218,20220218,112419000,11:24:19,2744,154,1025,8322160,0,0,0
SA202,20220218,20220218,112419500,11:24:19,2744,154,1025,8322160,0,0,0
SA202,20220218,20220218,112420000,11:24:20,2744,154,1025,8322160,0,0,0
SA202,20220218,20220218,112420500,11:24:20,2744,154,1025,8322160,0,0,0
SA202,20220218,20220218,112421000,11:24:21,2744,154,1025,8322160,0,0,0
SA202,20220218,20220218,112421500,11:24:22,2744,154,1025,8322160,0,0,0
SA202,20220218,20220218,112422000,11:24:22,2744,154,1025,8322160,0,0,0
SA202,20220218,20220218,112423000,11:24:23,2744,154,1025,8322160,0,0,0
SA202,20220218,20220218,112423500,11:24:24,2744,154,1025,8322160,0,0,0
SA202,20220218,20220218,112424000,11:24:24,2744,154,1025,8322160,0,0,0
SA202,20220218,20220218,112424500,11:24:24,2744,154,1025,8322160,0,0,0
SA202,20220218,20220218,112425000,11:24:25,2744,154,1025,8322160,0,0,0
SA202,20220218,20220218,112425500,11:24:25,2744,154,1025,8322160,0,0,0
SA202,20220218,20220218,112426000,11:24:26,2744,154,1025,8322160,0,0,0
SA202,20220218,20220218,112426500,11:24:26,2744,154,1025,8322160,0,0,0
SA202,20220218,20220218,112427000,11:24:27,2744,154,1025,8322160,0,0,0
SA202,20220218,20220218,112427500,11:24:28,2744,154,1025,8322160,0,0,0
SA202,20220218,20220218,112428000,11:24:28,2744,154,1025,8322160,0,0,0
SA202,20220218,20220218,112429500,11:24:29,2744,154,1025,8322160,0,0,0
SA202,20220218,20220218,112430000,11:24:30,2744,154,1025,8322160,0,0,0
SA202,20220218,20220218,112430500,11:24:30,2744,154,1025,8322160,0,0,0
SA202,20220218,20220218,112431500,11:24:31,2744,154,1025,8322160,0,0,0
SA202,20220218,20220218,112432000,11:24:32,2744,154,1025,8322160,0,0,0
SA202,20220218,20220218,112435000,11:24:35,2744,154,1025,8322160,0,0,0
SA202,20220218,20220218,112435500,11:24:35,2744,154,1025,8322160,0,0,0
SA202,20220218,20220218,112436000,11:24:36,2744,154,1025,8322160,0,0,0
SA202,20220218,20220218,112436500,11:24:36,2744,154,1025,8322160,0,0,0
SA202,20220218,20220218,112437000,11:24:37,2744,154,1025,8322160,0,0,0
SA202,20220218,20220218,112437500,11:24:37,2744,154,1025,8322160,0,0,0
SA202,20220218,20220218,112438000,11:24:39,2744,154,1025,8322160,0,0,0
SA202,20220218,20220218,112438500,11:24:39,2744,154,1025,8322160,0,0,0
SA202,20220218,20220218,112439500,11:24:40,2744,154,1025,8322160,0,0,0
SA202,20220218,20220218,112440000,11:24:40,2744,154,1025,8322160,0,0,0
SA202,20220218,20220218,112440500,11:24:40,2744,154,1025,8322160,0,0,0
SA202,20220218,20220218,112441000,11:24:41,2744,154,1025,8322160,0,0,0
SA202,20220218,20220218,112441500,11:24:41,2744,154,1025,8322160,0,0,0
SA202,20220218,20220218,112442000,11:24:42,2744,154,1025,8322160,0,0,0
SA202,20220218,20220218,112442500,11:24:42,2744,154,1025,8322160,0,0,0
SA202,20220218,20220218,112443000,11:24:43,2744,154,1025,8322160,0,0,0
SA202,20220218,20220218,112446000,11:24:46,2744,154,1025,8322160,0,0,0
SA202,20220218,20220218,112446500,11:24:46,2744,154,1025,8322160,0,0,0
SA202,20220218,20220218,112447000,11:24:47,2744,154,1025,8322160,0,0,0
SA202,20220218,20220218,112448000,11:24:48,2744,154,1025,8322160,0,0,0
SA202,20220218,20220218,112448500,11:24:48,2744,154,1025,8322160,0,0,0
SA202,20220218,20220218,112450500,11:24:50,2744,154,1025,8322160,0,0,0
SA202,20220218,20220218,112451000,11:24:51,2744,154,1025,8322160,0,0,0
SA202,20220218,20220218,112454500,11:24:54,2744,154,1025,8322160,0,0,0
SA202,20220218,20220218,112458000,11:24:58,2744,154,1025,8322160,0,0,0
SA202,20220218,20220218,112458500,11:24:58,2744,154,1025,8322160,0,0,0
SA202,20220218,20220218,112459000,11:24:59,2744,154,1025,8322160,0,0,0
SA202,20220218,20220218,112459500,11:24:59,2744,154,1025,8322160,0,0,0
SA202,20220218,20220218,112500000,11:25:00,2744,154,1025,8322160,0,0,0
SA202,20220218,20220218,112500500,11:25:01,2744,154,1025,8322160,0,0,0
SA202,20220218,20220218,112501000,11:25:01,2744,154,1025,8322160,0,0,0
SA202,20220218,20220218,112502500,11:25:06,2744,154,1025,8322160,0,0,0
SA202,20220218,20220218,112504000,11:25:06,2744,154,1025,8322160,0,0,0
SA202,20220218,20220218,112508500,11:25:08,2744,154,1025,8322160,0,0,0
SA202,20220218,20220218,112510500,11:25:10,2744,154,1025,8322160,0,0,0
SA202,20220218,20220218,112521000,11:25:21,2744,154,1025,8322160,0,0,0
SA202,20220218,20220218,112522500,11:25:22,2744,154,1025,8322160,0,0,0
SA202,20220218,20220218,112525000,11:25:25,2744,154,1025,8322160,0,0,0
SA202,20220218,20220218,112525500,11:25:26,2744,154,1025,8322160,0,0,0
SA202,20220218,20220218,112526000,11:25:26,2744,154,1025,8322160,0,0,0
SA202,20220218,20220218,112526500,11:25:27,2744,154,1025,8322160,0,0,0
SA202,20220218,20220218,112527000,11:25:27,2744,154,1025,8322160,0,0,0
SA202,20220218,20220218,112528000,11:25:28,2744,154,1025,8322160,0,0,0
SA202,20220218,20220218,112528500,11:25:28,2744,154,1025,8322160,0,0,0
SA202,20220218,20220218,112530500,11:25:31,2744,154,1025,8322160,0,0,0
SA202,20220218,20220218,112532500,11:25:33,2744,154,1025,8322160,0,0,0
SA202,20220218,20220218,112533000,11:25:33,2744,154,1025,8322160,0,0,0
SA202,20220218,20220218,112534000,11:25:34,2744,154,1025,8322160,0,0,0
SA202,20220218,20220218,112535500,11:25:37,2744,154,1025,8322160,0,0,0
SA202,20220218,20220218,112536000,11:25:37,2744,154,1025,8322160,0,0,0
SA202,20220218,20220218,112537000,11:25:37,2744,154,1025,8322160,0,0,0
SA202,20220218,20220218,112537500,11:25:38,2744,154,1025,8322160,0,0,0
SA202,20220218,20220218,112538000,11:25:38,2744,154,1025,8322160,0,0,0
SA202,20220218,20220218,112539500,11:25:40,2744,154,1025,8322160,0,0,0
SA202,20220218,20220218,112540000,11:25:40,2744,154,1025,8322160,0,0,0
SA202,20220218,20220218,112540500,11:25:40,2744,154,1025,8322160,0,0,0
SA202,20220218,20220218,112541000,11:25:41,2744,154,1025,8322160,0,0,0
SA202,20220218,20220218,112541500,11:25:41,2744,154,1025,8322160,0,0,0
SA202,20220218,20220218,112542000,11:25:42,2744,154,1025,8322160,0,0,0
SA202,20220218,20220218,112542500,11:25:42,2744,154,1025,8322160,0,0,0
SA202,20220218,20220218,112543000,11:25:43,2744,154,1025,8322160,0,0,0
SA202,20220218,20220218,112550000,11:25:50,2744,154,1025,8322160,0,0,0
SA202,20220218,20220218,112550500,11:25:51,2744,154,1025,8322160,0,0,0
SA202,20220218,20220218,112551000,11:25:51,2744,154,1025,8322160,0,0,0
SA202,20220218,20220218,112558500,11:25:59,2744,154,1025,8322160,0,0,0
SA202,20220218,20220218,112559500,11:26:00,2744,154,1025,8322160,0,0,0
SA202,20220218,20220218,112600000,11:26:00,2744,154,1025,8322160,0,0,0
SA202,20220218,20220218,112601000,11:26:01,2744,154,1025,8322160,0,0,0
SA202,20220218,20220218,112601500,11:26:01,2744,154,1025,8322160,0,0,0
SA202,20220218,20220218,112602000,11:26:03,2744,154,1025,8322160,0,0,0
SA202,20220218,20220218,112603500,11:26:03,2744,154,1025,8322160,0,0,0
SA202,20220218,20220218,112605000,11:26:05,2744,154,1025,8322160,0,0,0
SA202,20220218,20220218,112606500,11:26:06,2744,154,1025,8322160,0,0,0
SA202,20220218,20220218,112609000,11:26:09,2744,154,1025,8322160,0,0,0
SA202,20220218,20220218,112609500,11:26:10,2744,154,1025,8322160,0,0,0
SA202,20220218,20220218,112610000,11:26:10,2744,154,1025,8322160,0,0,0
SA202,20220218,20220218,112614000,11:26:15,2744,154,1025,8322160,0,0,0
SA202,20220218,20220218,112614500,11:26:15,2744,154,1025,8322160,0,0,0
SA202,20220218,20220218,112618000,11:26:18,2744,154,1025,8322160,0,0,0
SA202,20220218,20220218,112620500,11:26:20,2744,154,1025,8322160,0,0,0
SA202,20220218,20220218,112621000,11:26:21,2744,154,1025,8322160,0,0,0
SA202,20220218,20220218,112621500,11:26:21,2744,154,1025,8322160,0,0,0
SA202,20220218,20220218,112622000,11:26:22,2744,154,1025,8322160,0,0,0
SA202,20220218,20220218,112622500,11:26:23,2744,154,1025,8322160,0,0,0
SA202,20220218,20220218,112623000,11:26:23,2744,154,1025,8322160,0,0,0
SA202,20220218,20220218,112623500,11:26:23,2744,154,1025,8322160,0,0,0
SA202,20220218,20220218,112624000,11:26:24,2744,154,1025,8322160,0,0,0
SA202,20220218,20220218,112624500,11:26:24,2744,154,1025,8322160,0,0,0
SA202,20220218,20220218,112625000,11:26:25,2744,154,1025,8322160,0,0,0
SA202,20220218,20220218,112625500,11:26:25,2744,154,1025,8322160,0,0,0
SA202,20220218,20220218,112626000,11:26:26,2744,154,1025,8322160,0,0,0
SA202,20220218,20220218,112626500,11:26:26,2744,154,1025,8322160,0,0,0
SA202,20220218,20220218,112627000,11:26:27,2744,154,1025,8322160,0,0,0
SA202,20220218,20220218,112627500,11:26:27,2744,154,1025,8322160,0,0,0
SA202,20220218,20220218,112628000,11:26:28,2744,154,1025,8322160,0,0,0
SA202,20220218,20220218,112628500,11:26:28,2744,154,1025,8322160,0,0,0
SA202,20220218,20220218,112629000,11:26:29,2744,154,1025,8322160,0,0,0
SA202,20220218,20220218,112629500,11:26:30,2744,154,1025,8322160,0,0,0
SA202,20220218,20220218,112630000,11:26:31,2744,154,1025,8322160,0,0,0
SA202,20220218,20220218,112630500,11:26:31,2744,154,1025,8322160,0,0,0
SA202,20220218,20220218,112631000,11:26:31,2744,154,1025,8322160,0,0,0
SA202,20220218,20220218,112631500,11:26:32,2744,154,1025,8322160,0,0,0
SA202,20220218,20220218,112632000,11:26:32,2744,154,1025,8322160,0,0,0
SA202,20220218,20220218,112637000,11:26:38,2744,154,1025,8322160,0,0,0
SA202,20220218,20220218,112637500,11:27:10,2744,154,1025,8322160,0,0,0
SA202,20220218,20220218,112638000,11:27:10,2744,154,1025,8322160,0,0,0
SA202,20220218,20220218,112638500,11:27:10,2744,154,1025,8322160,0,0,0
SA202,20220218,20220218,112651500,11:27:10,2744,154,1025,8322160,0,0,0
SA202,20220218,20220218,112708000,11:27:12,2744,154,1025,8322160,0,0,0
SA202,20220218,20220218,112710500,11:27:12,2744,154,1025,8322160,0,0,0
SA202,20220218,20220218,112712000,11:27:12,2744,154,1025,8322160,0,0,0
SA202,20220218,20220218,112712500,11:27:13,2744,154,1025,8322160,0,0,0
SA202,20220218,20220218,112713000,11:27:13,2744,154,1025,8322160,0,0,0
SA202,20220218,20220218,112713500,11:27:14,2744,154,1025,8322160,0,0,0
SA202,20220218,20220218,112714000,11:27:14,2744,154,1025,8322160,0,0,0
SA202,20220218,20220218,112714500,11:27:15,2744,154,1025,8322160,0,0,0
SA202,20220218,20220218,112716000,11:27:17,2744,154,1025,8322160,0,0,0
SA202,20220218,20220218,112718500,11:27:19,2744,154,1025,8322160,0,0,0
SA202,20220218,20220218,112719000,11:27:19,2744,154,1025,8322160,0,0,0
SA202,20220218,20220218,112726500,11:27:27,2744,154,1025,8322160,0,0,0
SA202,20220218,20220218,112727000,11:27:27,2744,154,1025,8322160,0,0,0
SA202,20220218,20220218,112732000,11:27:35,2744,154,1025,8322160,0,0,0
SA202,20220218,20220218,112735500,11:27:36,2744,154,1025,8322160,0,0,0
SA202,20220218,20220218,112736000,11:27:36,2744,154,1025,8322160,0,0,0
SA202,20220218,20220218,112736500,11:27:38,2744,154,1025,8322160,0,0,0
SA202,20220218,20220218,112737000,11:27:38,2744,154,1025,8322160,0,0,0
SA202,20220218,20220218,112739000,11:27:39,2744,154,1025,8322160,0,0,0
SA202,20220218,20220218,112740500,11:27:40,2744,154,1025,8322160,0,0,0
SA202,20220218,20220218,112741000,11:27:41,2744,154,1025,8322160,0,0,0
SA202,20220218,20220218,112742000,11:27:42,2744,154,1025,8322160,0,0,0
SA202,20220218,20220218,112742500,11:27:43,2744,154,1025,8322160,0,0,0
SA202,20220218,20220218,112743000,11:27:43,2744,154,1025,8322160,0,0,0
SA202,20220218,20220218,112743500,11:27:43,2744,154,1025,8322160,0,0,0
SA202,20220218,20220218,112746000,11:27:46,2744,154,1025,8322160,0,0,0
SA202,20220218,20220218,112750000,11:27:54,2744,154,1025,8322160,0,0,0
SA202,20220218,20220218,112801000,11:28:01,2744,154,1025,8322160,0,0,0
SA202,20220218,20220218,112802500,11:28:03,2744,154,1025,8322160,0,0,0
SA202,20220218,20220218,112805500,11:28:06,2744,154,1025,8322160,0,0,0
SA202,20220218,20220218,112810000,11:28:11,2744,154,1025,8322160,0,0,0
SA202,20220218,20220218,112810500,11:28:11,2744,154,1025,8322160,0,0,0
SA202,20220218,20220218,112811000,11:28:12,2744,154,1025,8322160,0,0,0
SA202,20220218,20220218,112812500,11:28:13,2744,154,1025,8322160,0,0,0
SA202,20220218,20220218,112813000,11:28:13,2744,154,1025,8322160,0,0,0
SA202,20220218,20220218,112814000,11:28:14,2744,154,1025,8322160,0,0,0
SA202,20220218,20220218,112816000,11:28:16,2744,154,1025,8322160,0,0,0
SA202,20220218,20220218,112816500,11:28:16,2744,154,1025,8322160,0,0,0
SA202,20220218,20220218,112817000,11:28:17,2744,154,1025,8322160,0,0,0
SA202,20220218,20220218,112817500,11:28:17,2744,154,1025,8322160,0,0,0
SA202,20220218,20220218,112818000,11:28:18,2744,154,1025,8322160,0,0,0
SA202,20220218,20220218,112819000,11:28:19,2744,154,1025,8322160,0,0,0
SA202,20220218,20220218,112820000,11:28:20,2744,154,1025,8322160,0,0,0
SA202,20220218,20220218,112820500,11:28:20,2744,154,1025,8322160,0,0,0
SA202,20220218,20220218,112821000,11:28:21,2744,154,1025,8322160,0,0,0
SA202,20220218,20220218,112825000,11:28:25,2744,154,1025,8322160,0,0,0
SA202,20220218,20220218,112825500,11:28:25,2744,154,1025,8322160,0,0,0
SA202,20220218,20220218,112827500,11:28:27,2744,154,1025,8322160,0,0,0
SA202,20220218,20220218,112828000,11:28:28,2744,154,1025,8322160,0,0,0
SA202,20220218,20220218,112828500,11:28:28,2744,154,1025,8322160,0,0,0
SA202,20220218,20220218,112829000,11:28:29,2744,154,1025,8322160,0,0,0
SA202,20220218,20220218,112829500,11:28:29,2744,154,1025,8322160,0,0,0
SA202,20220218,20220218,112830000,11:28:30,2744,154,1025,8322160,0,0,0
SA202,20220218,20220218,112830500,11:28:31,2744,154,1025,8322160,0,0,0
SA202,20220218,20220218,112833000,11:28:33,2744,154,1025,8322160,0,0,0
SA202,20220218,20220218,112833500,11:28:33,2744,154,1025,8322160,0,0,0
SA202,20220218,20220218,112835500,11:28:36,2744,154,1025,8322160,0,0,0
SA202,20220218,20220218,112836000,11:28:37,2744,154,1025,8322160,0,0,0
SA202,20220218,20220218,112837500,11:28:38,2744,154,1025,8322160,0,0,0
SA202,20220218,20220218,112838000,11:28:38,2744,154,1025,8322160,0,0,0
SA202,20220218,20220218,112838500,11:28:38,2744,154,1025,8322160,0,0,0
SA202,20220218,20220218,112839000,11:28:39,2744,154,1025,8322160,0,0,0
SA202,20220218,20220218,112839500,11:28:40,2744,154,1025,8322160,0,0,0
SA202,20220218,20220218,112840000,11:28:40,2744,154,1025,8322160,0,0,0
SA202,20220218,20220218,112841000,11:28:41,2744,154,1025,8322160,0,0,0
SA202,20220218,20220218,112841500,11:28:41,2744,154,1025,8322160,0,0,0
SA202,20220218,20220218,112842000,11:28:42,2744,154,1025,8322160,0,0,0
SA202,20220218,20220218,112842500,11:28:42,2744,154,1025,8322160,0,0,0
SA202,20220218,20220218,112843000,11:28:43,2744,154,1025,8322160,0,0,0
SA202,20220218,20220218,112843500,11:28:44,2744,154,1025,8322160,0,0,0
SA202,20220218,20220218,112844000,11:28:44,2744,154,1025,8322160,0,0,0
SA202,20220218,20220218,112844500,11:28:44,2744,154,1025,8322160,0,0,0
SA202,20220218,20220218,112845000,11:28:45,2744,154,1025,8322160,0,0,0
SA202,20220218,20220218,112845500,11:28:45,2744,154,1025,8322160,0,0,0
SA202,20220218,20220218,112846000,11:28:46,2744,154,1025,8322160,0,0,0
SA202,20220218,20220218,112847500,11:28:47,2744,154,1025,8322160,0,0,0
SA202,20220218,20220218,112848000,11:28:48,2744,154,1025,8322160,0,0,0
SA202,20220218,20220218,112848500,11:28:48,2744,154,1025,8322160,0,0,0
SA202,20220218,20220218,112849000,11:28:49,2744,154,1025,8322160,0,0,0
SA202,20220218,20220218,112849500,11:28:50,2744,154,1025,8322160,0,0,0
SA202,20220218,20220218,112850000,11:28:50,2744,154,1025,8322160,0,0,0
SA202,20220218,20220218,112850500,11:28:50,2744,154,1025,8322160,0,0,0
SA202,20220218,20220218,112851000,11:28:51,2744,154,1025,8322160,0,0,0
SA202,20220218,20220218,112851500,11:28:51,2744,154,1025,8322160,0,0,0
SA202,20220218,20220218,112852000,11:28:52,2744,154,1025,8322160,0,0,0
SA202,20220218,20220218,112852500,11:28:53,2744,154,1025,8322160,0,0,0
SA202,20220218,20220218,112854000,11:28:54,2744,154,1025,8322160,0,0,0
SA202,20220218,20220218,112854500,11:28:54,2744,154,1025,8322160,0,0,0
SA202,20220218,20220218,112855000,11:28:55,2744,154,1025,8322160,0,0,0
SA202,20220218,20220218,112855500,11:28:56,2744,154,1025,8322160,0,0,0
SA202,20220218,20220218,112856000,11:28:56,2744,154,1025,8322160,0,0,0
SA202,20220218,20220218,112856500,11:28:56,2744,154,1025,8322160,0,0,0
SA202,20220218,20220218,112857000,11:28:57,2744,154,1025,8322160,0,0,0
SA202,20220218,20220218,112857500,11:28:58,2744,154,1025,8322160,0,0,0
SA202,20220218,20220218,112858000,11:28:58,2744,154,1025,8322160,0,0,0
SA202,20220218,20220218,112858500,11:28:59,2744,154,1025,8322160,0,0,0
SA202,20220218,20220218,112859000,11:28:59,2744,154,1025,8322160,0,0,0
SA202,20220218,20220218,112859500,11:29:00,2744,154,1025,8322160,0,0,0
SA202,20220218,20220218,112900000,11:29:00,2744,154,1025,8322160,0,0,0
SA202,20220218,20220218,112900500,11:29:01,2744,154,1025,8322160,0,0,0
SA202,20220218,20220218,112901000,11:29:01,2744,154,1025,8322160,0,0,0
SA202,20220218,20220218,112901500,11:29:02,2744,154,1025,8322160,0,0,0
SA202,20220218,20220218,112902000,11:29:02,2744,154,1025,8322160,0,0,0
SA202,20220218,20220218,112902500,11:29:03,2744,154,1025,8322160,0,0,0
SA202,20220218,20220218,112903500,11:29:04,2744,154,1025,8322160,0,0,0
SA202,20220218,20220218,112904000,11:29:04,2744,154,1025,8322160,0,0,0
SA202,20220218,20220218,112904500,11:29:04,2744,154,1025,8322160,0,0,0
SA202,20220218,20220218,112905000,11:29:05,2744,154,1025,8322160,0,0,0
SA202,20220218,20220218,112905500,11:29:06,2744,154,1025,8322160,0,0,0
SA202,20220218,20220218,112906000,11:29:06,2744,154,1025,8322160,0,0,0
SA202,20220218,20220218,112906500,11:29:06,2744,154,1025,8322160,0,0,0
SA202,20220218,20220218,112907500,11:29:08,2744,154,1025,8322160,0,0,0
SA202,20220218,20220218,112908500,11:29:08,2744,154,1025,8322160,0,0,0
SA202,20220218,20220218,112909500,11:29:09,2744,154,1025,8322160,0,0,0
SA202,20220218,20220218,112910000,11:29:10,2744,154,1025,8322160,0,0,0
SA202,20220218,20220218,112910500,11:29:10,2744,154,1025,8322160,0,0,0
SA202,20220218,20220218,112913000,11:29:13,2744,154,1025,8322160,0,0,0
SA202,20220218,20220218,112914000,11:29:14,2744,154,1025,8322160,0,0,0
SA202,20220218,20220218,112914500,11:29:14,2744,154,1025,8322160,0,0,0
SA202,20220218,20220218,112915000,11:29:15,2744,154,1025,8322160,0,0,0
SA202,20220218,20220218,112915500,11:29:16,2744,154,1025,8322160,0,0,0
SA202,20220218,20220218,112920500,11:29:21,2744,154,1025,8322160,0,0,0
SA202,20220218,20220218,112921000,11:29:22,2744,154,1025,8322160,0,0,0
SA202,20220218,20220218,112921500,11:29:24,2744,154,1025,8322160,0,0,0
SA202,20220218,20220218,112923500,11:29:24,2744,154,1025,8322160,0,0,0
SA202,20220218,20220218,112926000,11:29:26,2744,154,1025,8322160,0,0,0
SA202,20220218,20220218,112926500,11:29:26,2744,154,1025,8322160,0,0,0
SA202,20220218,20220218,112927000,11:29:27,2744,154,1025,8322160,0,0,0
SA202,20220218,20220218,112927500,11:29:27,2744,154,1025,8322160,0,0,0
SA202,20220218,20220218,112928000,11:29:28,2744,154,1025,8322160,0,0,0
SA202,20220218,20220218,112928500,11:29:28,2744,154,1025,8322160,0,0,0
SA202,20220218,20220218,112929000,11:29:29,2744,154,1025,8322160,0,0,0
SA202,20220218,20220218,112929500,11:29:29,2744,154,1025,8322160,0,0,0
SA202,20220218,20220218,112930500,11:29:30,2744,154,1025,8322160,0,0,0
SA202,20220218,20220218,112932500,11:29:36,2744,154,1025,8322160,0,0,0
SA202,20220218,20220218,112933000,11:29:37,2744,154,1025,8322160,0,0,0
SA202,20220218,20220218,112936500,11:29:38,2744,154,1025,8322160,0,0,0
SA202,20220218,20220218,112937000,11:29:38,2744,154,1025,8322160,0,0,0
SA202,20220218,20220218,112938000,11:29:38,2744,154,1025,8322160,0,0,0
SA202,20220218,20220218,112939000,11:29:39,2744,154,1025,8322160,0,0,0
SA202,20220218,20220218,112941000,11:29:41,2744,154,1025,8322160,0,0,0
SA202,20220218,20220218,112941500,11:29:42,2744,154,1025,8322160,0,0,0
SA202,20220218,20220218,112944000,11:29:45,2744,154,1025,8322160,0,0,0
SA202,20220218,20220218,112947500,11:29:48,2744,154,1025,8322160,0,0,0
SA202,20220218,20220218,112948000,11:29:48,2744,154,1025,8322160,0,0,0
SA202,20220218,20220218,112948500,11:29:49,2744,154,1025,8322160,0,0,0
SA202,20220218,20220218,112949000,11:29:50,2744,154,1025,8322160,0,0,0
SA202,20220218,20220218,112951500,11:29:52,2744,154,1025,8322160,0,0,0
SA202,20220218,20220218,112952000,11:29:52,2744,154,1025,8322160,0,0,0
SA202,20220218,20220218,112952500,11:29:53,2744,154,1025,8322160,0,0,0
SA202,20220218,20220218,112953000,11:29:54,2744,154,1025,8322160,0,0,0
SA202,20220218,20220218,112953500,11:29:54,2744,154,1025,8322160,0,0,0
SA202,20220218,20220218,112954000,11:29:54,2744,154,1025,8322160,0,0,0
SA202,20220218,20220218,112954500,11:29:54,2744,154,1025,8322160,0,0,0
SA202,20220218,20220218,112955000,11:29:55,2744,154,1025,8322160,0,0,0
SA202,20220218,20220218,112955500,11:29:55,2744,154,1025,8322160,0,0,0
SA202,20220218,20220218,112956000,11:29:56,2744,154,1025,8322160,0,0,0
SA202,20220218,20220218,112956500,11:30:00,2744,154,1025,8322160,0,0,0
SA202,20220218,20220218,112957000,11:30:00,2744,154,1025,8322160,0,0,0
SA202,20220218,20220218,112957500,11:30:02,2744,154,1025,8322160,0,0,0
SA202,20220218,20220218,112959500,11:30:02,2744,154,1025,8322160,0,0,0
SA202,20220218,20220218,113000000,11:30:03,2744,154,1025,8322160,0,0,0
SA202,20220218,20220218,113000500,11:30:03,2744,154,1025,8322160,0,0,0
SA202,20220218,20220218,133001000,13:30:01,2744,154,1025,8322160,0,0,0
SA202,20220218,20220218,133001500,13:30:02,2744,154,1025,8322160,0,0,0
SA202,20220218,20220218,133002000,13:30:08,2744,154,1025,8322160,0,0,0
SA202,20220218,20220218,133002500,13:30:10,2744,154,1025,8322160,0,0,0
SA202,20220218,20220218,133006500,13:30:10,2744,154,1025,8322160,0,0,0
SA202,20220218,20220218,133009000,13:30:10,2744,154,1025,8322160,0,0,0
SA202,20220218,20220218,133011000,13:30:12,2744,154,1025,8322160,0,0,0
SA202,20220218,20220218,133011500,13:30:13,2744,154,1025,8322160,0,0,0
SA202,20220218,20220218,133012500,13:30:13,2744,154,1025,8322160,0,0,0
SA202,20220218,20220218,133013000,13:30:13,2744,154,1025,8322160,0,0,0
SA202,20220218,20220218,133014000,13:30:15,2744,154,1025,8322160,0,0,0
SA202,20220218,20220218,133015000,13:30:17,2744,154,1025,8322160,0,0,0
SA202,20220218,20220218,133015500,13:30:18,2744,154,1025,8322160,0,0,0
SA202,20220218,20220218,133017000,13:30:18,2744,154,1025,8322160,0,0,0
SA202,20220218,20220218,133019500,13:30:20,2744,154,1025,8322160,0,0,0
SA202,20220218,20220218,133021000,13:30:21,2744,154,1025,8322160,0,0,0
SA202,20220218,20220218,133021500,13:30:22,2744,154,1025,8322160,0,0,0
SA202,20220218,20220218,133022000,13:30:38,2744,154,1025,8322160,0,0,0
SA202,20220218,20220218,133022500,13:30:38,2744,154,1025,8322160,0,0,0
SA202,20220218,20220218,133037000,13:30:40,2744,154,1025,8322160,0,0,0
SA202,20220218,20220218,133047000,13:30:48,2744,154,1025,8322160,0,0,0
SA202,20220218,20220218,133047500,13:30:48,2744,154,1025,8322160,0,0,0
SA202,20220218,20220218,133048500,13:30:49,2744,154,1025,8322160,0,0,0
SA202,20220218,20220218,133049000,13:30:50,2744,154,1025,8322160,0,0,0
SA202,20220218,20220218,133051000,13:30:52,2744,154,1025,8322160,0,0,0
SA202,20220218,20220218,133051500,13:30:52,2744,154,1025,8322160,0,0,0
SA202,20220218,20220218,133054000,13:30:54,2744,154,1025,8322160,0,0,0
SA202,20220218,20220218,133054500,13:30:55,2744,154,1025,8322160,0,0,0
SA202,20220218,20220218,133059500,13:30:59,2744,154,1025,8322160,0,0,0
SA202,20220218,20220218,133100000,13:31:00,2744,154,1025,8322160,0,0,0
SA202,20220218,20220218,133100500,13:31:01,2744,154,1025,8322160,0,0,0
SA202,20220218,20220218,133101500,13:31:01,2744,154,1025,8322160,0,0,0
SA202,20220218,20220218,133102000,13:31:02,2744,154,1025,8322160,0,0,0
SA202,20220218,20220218,133104000,13:31:06,2744,154,1025,8322160,0,0,0
SA202,20220218,20220218,133106000,13:31:08,2744,154,1025,8322160,0,0,0
SA202,20220218,20220218,133106500,13:31:08,2744,154,1025,8322160,0,0,0
SA202,20220218,20220218,133108500,13:31:09,2744,154,1025,8322160,0,0,0
SA202,20220218,20220218,133109000,13:31:09,2744,154,1025,8322160,0,0,0
SA202,20220218,20220218,133109500,13:31:10,2744,154,1025,8322160,0,0,0
SA202,20220218,20220218,133110000,13:31:11,2744,154,1025,8322160,0,0,0
SA202,20220218,20220218,133111000,13:31:11,2744,154,1025,8322160,0,0,0
SA202,20220218,20220218,133111500,13:31:12,2744,154,1025,8322160,0,0,0
SA202,20220218,20220218,133112000,13:31:13,2744,154,1025,8322160,0,0,0
SA202,20220218,20220218,133114000,13:31:15,2744,154,1025,8322160,0,0,0
SA202,20220218,20220218,133114500,13:31:15,2744,154,1025,8322160,0,0,0
SA202,20220218,20220218,133115000,13:31:15,2744,154,1025,8322160,0,0,0
SA202,20220218,20220218,133115500,13:31:15,2744,154,1025,8322160,0,0,0
SA202,20220218,20220218,133116000,13:31:16,2744,154,1025,8322160,0,0,0
SA202,20220218,20220218,133116500,13:31:17,2744,154,1025,8322160,0,0,0
SA202,20220218,20220218,133117000,13:31:17,2744,154,1025,8322160,0,0,0
SA202,20220218,20220218,133117500,13:31:18,2744,154,1025,8322160,0,0,0
SA202,20220218,20220218,133119000,13:31:19,2744,154,1025,8322160,0,0,0
SA202,20220218,20220218,133119500,13:31:20,2744,154,1025,8322160,0,0,0
SA202,20220218,20220218,133120000,13:31:20,2744,154,1025,8322160,0,0,0
SA202,20220218,20220218,133122000,13:31:22,2744,154,1025,8322160,0,0,0
SA202,20220218,20220218,133122500,13:31:25,2744,154,1025,8322160,0,0,0
SA202,20220218,20220218,133200000,13:32:00,2744,154,1025,8322160,0,0,0
SA202,20220218,20220218,133201000,13:32:01,2744,154,1025,8322160,0,0,0
SA202,20220218,20220218,133201500,13:32:01,2744,154,1025,8322160,0,0,0
SA202,20220218,20220218,133202000,13:32:03,2744,154,1025,8322160,0,0,0
SA202,20220218,20220218,133202500,13:32:04,2744,154,1025,8322160,0,0,0
SA202,20220218,20220218,133205000,13:32:05,2744,154,1025,8322160,0,0,0
SA202,20220218,20220218,133205500,13:32:06,2744,154,1025,8322160,0,0,0
SA202,20220218,20220218,133206000,13:32:06,2744,154,1025,8322160,0,0,0
SA202,20220218,20220218,133210500,13:32:13,2744,154,1025,8322160,0,0,0
SA202,20220218,20220218,133213000,13:32:15,2744,154,1025,8322160,0,0,0
SA202,20220218,20220218,133214500,13:32:16,2744,154,1025,8322160,0,0,0
SA202,20220218,20220218,133215500,13:32:16,2744,154,1025,8322160,0,0,0
SA202,20220218,20220218,133216000,13:32:17,2744,154,1025,8322160,0,0,0
SA202,20220218,20220218,133217000,13:32:17,2744,154,1025,8322160,0,0,0
SA202,20220218,20220218,133220000,13:32:20,2744,154,1025,8322160,0,0,0
SA202,20220218,20220218,133220500,13:32:21,2744,154,1025,8322160,0,0,0
SA202,20220218,20220218,133221000,13:32:21,2744,154,1025,8322160,0,0,0
SA202,20220218,20220218,133234500,13:32:35,2744,154,1025,8322160,0,0,0
SA202,20220218,20220218,133237000,13:32:37,2744,154,1025,8322160,0,0,0
SA202,20220218,20220218,133237500,13:32:37,2744,154,1025,8322160,0,0,0
SA202,20220218,20220218,133240000,13:32:40,2744,154,1025,8322160,0,0,0
SA202,20220218,20220218,133240500,13:32:40,2744,154,1025,8322160,0,0,0
SA202,20220218,20220218,133241000,13:32:41,2744,154,1025,8322160,0,0,0
SA202,20220218,20220218,133242000,13:32:42,2744,154,1025,8322160,0,0,0
SA202,20220218,20220218,133246500,13:32:47,2744,154,1025,8322160,0,0,0
SA202,20220218,20220218,133254000,13:32:54,2744,154,1025,8322160,0,0,0
SA202,20220218,20220218,133256500,13:32:56,2744,154,1025,8322160,0,0,0
SA202,20220218,20220218,133258000,13:33:00,2744,154,1025,8322160,0,0,0
SA202,20220218,20220218,133258500,13:33:00,2744,154,1025,8322160,0,0,0
SA202,20220218,20220218,133300000,13:33:01,2744,154,1025,8322160,0,0,0
SA202,20220218,20220218,133300500,13:33:01,2744,154,1025,8322160,0,0,0
SA202,20220218,20220218,133303500,13:33:04,2744,154,1025,8322160,0,0,0
SA202,20220218,20220218,133307000,13:33:07,2744,154,1025,8322160,0,0,0
SA202,20220218,20220218,133312000,13:33:14,2744,154,1025,8322160,0,0,0
SA202,20220218,20220218,133317000,13:33:18,2744,154,1025,8322160,0,0,0
SA202,20220218,20220218,133317500,13:33:19,2744,154,1025,8322160,0,0,0
SA202,20220218,20220218,133321000,13:33:22,2744,154,1025,8322160,0,0,0
SA202,20220218,20220218,133321500,13:33:22,2744,154,1025,8322160,0,0,0
SA202,20220218,20220218,133322000,13:33:22,2744,154,1025,8322160,0,0,0
SA202,20220218,20220218,133322500,13:33:22,2744,154,1025,8322160,0,0,0
SA202,20220218,20220218,133323000,13:33:23,2744,154,1025,8322160,0,0,0
SA202,20220218,20220218,133323500,13:33:24,2744,154,1025,8322160,0,0,0
SA202,20220218,20220218,133324000,13:33:24,2744,154,1025,8322160,0,0,0
SA202,20220218,20220218,133324500,13:33:25,2744,154,1025,8322160,0,0,0
SA202,20220218,20220218,133325500,13:33:27,2744,154,1025,8322160,0,0,0
SA202,20220218,20220218,133326000,13:33:27,2744,154,1025,8322160,0,0,0
SA202,20220218,20220218,133326500,13:33:29,2744,154,1025,8322160,0,0,0
SA202,20220218,20220218,133327000,13:33:29,2744,154,1025,8322160,0,0,0
SA202,20220218,20220218,133327500,13:33:29,2744,154,1025,8322160,0,0,0
SA202,20220218,20220218,133328000,13:33:30,2744,154,1025,8322160,0,0,0
SA202,20220218,20220218,133329000,13:33:30,2744,154,1025,8322160,0,0,0
SA202,20220218,20220218,133329500,13:33:30,2744,154,1025,8322160,0,0,0
SA202,20220218,20220218,133330000,13:33:30,2744,154,1025,8322160,0,0,0
SA202,20220218,20220218,133330500,13:33:31,2744,154,1025,8322160,0,0,0
SA202,20220218,20220218,133332500,13:33:33,2744,154,1025,8322160,0,0,0
SA202,20220218,20220218,133333000,13:33:33,2744,154,1025,8322160,0,0,0
SA202,20220218,20220218,133333500,13:33:33,2744,154,1025,8322160,0,0,0
SA202,20220218,20220218,133334000,13:33:34,2744,154,1025,8322160,0,0,0
SA202,20220218,20220218,133334500,13:33:35,2744,154,1025,8322160,0,0,0
SA202,20220218,20220218,133335000,13:33:35,2744,154,1025,8322160,0,0,0
SA202,20220218,20220218,133335500,13:33:35,2744,154,1025,8322160,0,0,0
SA202,20220218,20220218,133336000,13:33:36,2744,154,1025,8322160,0,0,0
SA202,20220218,20220218,133336500,13:33:36,2744,154,1025,8322160,0,0,0
SA202,20220218,20220218,133337000,13:33:37,2744,154,1025,8322160,0,0,0
SA202,20220218,20220218,133337500,13:33:37,2744,154,1025,8322160,0,0,0
SA202,20220218,20220218,133338000,13:33:38,2744,154,1025,8322160,0,0,0
SA202,20220218,20220218,133338500,13:33:39,2744,154,1025,8322160,0,0,0
SA202,20220218,20220218,133339000,13:33:39,2744,154,1025,8322160,0,0,0
SA202,20220218,20220218,133342000,13:33:42,2744,154,1025,8322160,0,0,0
SA202,20220218,20220218,133343500,13:33:44,2744,154,1025,8322160,0,0,0
SA202,20220218,20220218,133344000,13:33:44,2744,154,1025,8322160,0,0,0
SA202,20220218,20220218,133344500,13:33:45,2744,154,1025,8322160,0,0,0
SA202,20220218,20220218,133345500,13:33:46,2744,154,1025,8322160,0,0,0
SA202,20220218,20220218,133346000,13:33:48,2744,154,1025,8322160,0,0,0
SA202,20220218,20220218,133346500,13:33:48,2744,154,1025,8322160,0,0,0
SA202,20220218,20220218,133347500,13:33:49,2744,154,1025,8322160,0,0,0
SA202,20220218,20220218,133348000,13:33:49,2744,154,1025,8322160,0,0,0
SA202,20220218,20220218,133348500,13:33:49,2744,154,1025,8322160,0,0,0
SA202,20220218,20220218,133349000,13:33:50,2744,154,1025,8322160,0,0,0
SA202,20220218,20220218,133349500,13:33:50,2744,154,1025,8322160,0,0,0
SA202,20220218,20220218,133350500,13:33:50,2744,154,1025,8322160,0,0,0
SA202,20220218,20220218,133351000,13:33:51,2744,154,1025,8322160,0,0,0
SA202,20220218,20220218,133351500,13:33:52,2744,154,1025,8322160,0,0,0
SA202,20220218,20220218,133352000,13:33:52,2744,154,1025,8322160,0,0,0
SA202,20220218,20220218,133353500,13:33:53,2744,154,1025,8322160,0,0,0
SA202,20220218,20220218,133354000,13:33:54,2744,154,1025,8322160,0,0,0
SA202,20220218,20220218,133354500,13:33:54,2744,154,1025,8322160,0,0,0
SA202,20220218,20220218,133356500,13:33:57,2744,154,1025,8322160,0,0,0
SA202,20220218,20220218,133357000,13:33:58,2744,154,1025,8322160,0,0,0
SA202,20220218,20220218,133357500,13:33:58,2744,154,1025,8322160,0,0,0
SA202,20220218,20220218,133358000,13:33:58,2744,154,1025,8322160,0,0,0
SA202,20220218,20220218,133358500,13:33:58,2744,154,1025,8322160,0,0,0
SA202,20220218,20220218,133359000,13:33:59,2744,154,1025,8322160,0,0,0
SA202,20220218,20220218,133359500,13:33:59,2744,154,1025,8322160,0,0,0
SA202,20220218,20220218,133400000,13:34:00,2744,154,1025,8322160,0,0,0
SA202,20220218,20220218,133400500,13:34:00,2744,154,1025,8322160,0,0,0
SA202,20220218,20220218,133401000,13:34:01,2744,154,1025,8322160,0,0,0
SA202,20220218,20220218,133401500,13:34:02,2744,154,1025,8322160,0,0,0
SA202,20220218,20220218,133402000,13:34:10,2744,154,1025,8322160,0,0,0
SA202,20220218,20220218,133403000,13:34:10,2744,154,1025,8322160,0,0,0
SA202,20220218,20220218,133403500,13:34:11,2744,154,1025,8322160,0,0,0
SA202,20220218,20220218,133410000,13:34:11,2744,154,1025,8322160,0,0,0
SA202,20220218,20220218,133410500,13:34:12,2744,154,1025,8322160,0,0,0
SA202,20220218,20220218,133411000,13:34:12,2744,154,1025,8322160,0,0,0
SA202,20220218,20220218,133411500,13:34:12,2744,154,1025,8322160,0,0,0
SA202,20220218,20220218,133419500,13:34:20,2744,154,1025,8322160,0,0,0
SA202,20220218,20220218,133420000,13:34:20,2744,154,1025,8322160,0,0,0
SA202,20220218,20220218,133420500,13:34:21,2744,154,1025,8322160,0,0,0
SA202,20220218,20220218,133421000,13:34:23,2744,154,1025,8322160,0,0,0
SA202,20220218,20220218,133421500,13:34:23,2744,154,1025,8322160,0,0,0
SA202,20220218,20220218,133423500,13:34:24,2744,154,1025,8322160,0,0,0
SA202,20220218,20220218,133424000,13:34:24,2744,154,1025,8322160,0,0,0
SA202,20220218,20220218,133424500,13:34:24,2744,154,1025,8322160,0,0,0
SA202,20220218,20220218,133425000,13:34:25,2744,154,1025,8322160,0,0,0
SA202,20220218,20220218,133425500,13:34:26,2744,154,1025,8322160,0,0,0
SA202,20220218,20220218,133426000,13:34:26,2744,154,1025,8322160,0,0,0
SA202,20220218,20220218,133426500,13:34:26,2744,154,1025,8322160,0,0,0
SA202,20220218,20220218,133427000,13:34:27,2744,154,1025,8322160,0,0,0
SA202,20220218,20220218,133427500,13:34:27,2744,154,1025,8322160,0,0,0
SA202,20220218,20220218,133428000,13:34:28,2744,154,1025,8322160,0,0,0
SA202,20220218,20220218,133428500,13:34:29,2744,154,1025,8322160,0,0,0
SA202,20220218,20220218,133429500,13:34:29,2744,154,1025,8322160,0,0,0
SA202,20220218,20220218,133430000,13:34:30,2744,154,1025,8322160,0,0,0
SA202,20220218,20220218,133430500,13:34:30,2744,154,1025,8322160,0,0,0
SA202,20220218,20220218,133431000,13:34:31,2744,154,1025,8322160,0,0,0
SA202,20220218,20220218,133432000,13:34:32,2744,154,1025,8322160,0,0,0
SA202,20220218,20220218,133432500,13:34:32,2744,154,1025,8322160,0,0,0
SA202,20220218,20220218,133433000,13:34:33,2744,154,1025,8322160,0,0,0
SA202,20220218,20220218,133433500,13:34:34,2744,154,1025,8322160,0,0,0
SA202,20220218,20220218,133434000,13:34:34,2744,154,1025,8322160,0,0,0
SA202,20220218,20220218,133434500,13:34:35,2744,154,1025,8322160,0,0,0
SA202,20220218,20220218,133435500,13:34:36,2744,154,1025,8322160,0,0,0
SA202,20220218,20220218,133436000,13:34:36,2744,154,1025,8322160,0,0,0
SA202,20220218,20220218,133436500,13:34:36,2744,154,1025,8322160,0,0,0
SA202,20220218,20220218,133437000,13:34:37,2744,154,1025,8322160,0,0,0
SA202,20220218,20220218,133440500,13:34:41,2744,154,1025,8322160,0,0,0
SA202,20220218,20220218,133441500,13:34:42,2744,154,1025,8322160,0,0,0
SA202,20220218,20220218,133442000,13:34:44,2744,154,1025,8322160,0,0,0
SA202,20220218,20220218,133442500,13:34:44,2744,154,1025,8322160,0,0,0
SA202,20220218,20220218,133443000,13:34:45,2744,154,1025,8322160,0,0,0
SA202,20220218,20220218,133444000,13:34:45,2744,154,1025,8322160,0,0,0
SA202,20220218,20220218,133444500,13:34:46,2744,154,1025,8322160,0,0,0
SA202,20220218,20220218,133449500,13:34:49,2744,154,1025,8322160,0,0,0
SA202,20220218,20220218,133450000,13:34:51,2744,154,1025,8322160,0,0,0
SA202,20220218,20220218,133450500,13:34:51,2744,154,1025,8322160,0,0,0
SA202,20220218,20220218,133451000,13:34:51,2744,154,1025,8322160,0,0,0
SA202,20220218,20220218,133451500,13:34:51,2744,154,1025,8322160,0,0,0
SA202,20220218,20220218,133454500,13:34:56,2744,154,1025,8322160,0,0,0
SA202,20220218,20220218,133455000,13:34:56,2744,154,1025,8322160,0,0,0
SA202,20220218,20220218,133455500,13:34:56,2744,154,1025,8322160,0,0,0
SA202,20220218,20220218,133456000,13:34:56,2744,154,1025,8322160,0,0,0
SA202,20220218,20220218,133456500,13:34:57,2744,154,1025,8322160,0,0,0
SA202,20220218,20220218,133458000,13:34:58,2744,154,1025,8322160,0,0,0
SA202,20220218,20220218,133458500,13:34:59,2744,154,1025,8322160,0,0,0
SA202,20220218,20220218,133459000,13:34:59,2744,154,1025,8322160,0,0,0
SA202,20220218,20220218,133459500,13:35:00,2744,154,1025,8322160,0,0,0
SA202,20220218,20220218,133500000,13:35:00,2744,154,1025,8322160,0,0,0
SA202,20220218,20220218,133500500,13:35:00,2744,154,1025,8322160,0,0,0
SA202,20220218,20220218,133501000,13:35:04,2744,154,1025,8322160,0,0,0
SA202,20220218,20220218,133502000,13:35:10,2744,154,1025,8322160,0,0,0
SA202,20220218,20220218,133504000,13:35:10,2744,154,1025,8322160,0,0,0
SA202,20220218,20220218,133510000,13:35:10,2744,154,1025,8322160,0,0,0
SA202,20220218,20220218,133510500,13:35:11,2744,154,1025,8322160,0,0,0
SA202,20220218,20220218,133511500,13:35:11,2744,154,1025,8322160,0,0,0
SA202,20220218,20220218,133512000,13:35:12,2744,154,1025,8322160,0,0,0
SA202,20220218,20220218,133512500,13:35:13,2744,154,1025,8322160,0,0,0
SA202,20220218,20220218,133513000,13:35:13,2744,154,1025,8322160,0,0,0
SA202,20220218,20220218,133514000,13:35:14,2744,154,1025,8322160,0,0,0
SA202,20220218,20220218,133514500,13:35:14,2744,154,1025,8322160,0,0,0
SA202,20220218,20220218,133515000,13:35:15,2744,154,1025,8322160,0,0,0
SA202,20220218,20220218,133515500,13:35:16,2744,154,1025,8322160,0,0,0
SA202,20220218,20220218,133516000,13:35:16,2744,154,1025,8322160,0,0,0
SA202,20220218,20220218,133518000,13:35:19,2744,154,1025,8322160,0,0,0
SA202,20220218,20220218,133518500,13:35:19,2744,154,1025,8322160,0,0,0
SA202,20220218,20220218,133519000,13:35:19,2744,154,1025,8322160,0,0,0
SA202,20220218,20220218,133519500,13:35:20,2744,154,1025,8322160,0,0,0
SA202,20220218,20220218,133520000,13:35:20,2744,154,1025,8322160,0,0,0
SA202,20220218,20220218,133520500,13:35:20,2744,154,1025,8322160,0,0,0
SA202,20220218,20220218,133521000,13:35:21,2744,154,1025,8322160,0,0,0
SA202,20220218,20220218,133525500,13:35:26,2744,154,1025,8322160,0,0,0
SA202,20220218,20220218,133526000,13:35:26,2744,154,1025,8322160,0,0,0
SA202,20220218,20220218,133526500,13:35:27,2744,154,1025,8322160,0,0,0
SA202,20220218,20220218,133527500,13:35:31,2744,154,1025,8322160,0,0,0
SA202,20220218,20220218,133531000,13:35:32,2744,154,1025,8322160,0,0,0
SA202,20220218,20220218,133531500,13:35:41,2744,154,1025,8322160,0,0,0
SA202,20220218,20220218,133532000,13:35:41,2744,154,1025,8322160,0,0,0
SA202,20220218,20220218,133532500,13:35:42,2744,154,1025,8322160,0,0,0
SA202,20220218,20220218,133539500,13:35:43,2744,154,1025,8322160,0,0,0
SA202,20220218,20220218,133543500,13:35:44,2744,154,1025,8322160,0,0,0
SA202,20220218,20220218,133544000,13:35:44,2744,154,1025,8322160,0,0,0
SA202,20220218,20220218,133549000,13:35:49,2744,154,1025,8322160,0,0,0
SA202,20220218,20220218,133549500,13:35:49,2744,154,1025,8322160,0,0,0
SA202,20220218,20220218,133550000,13:35:50,2744,154,1025,8322160,0,0,0
SA202,20220218,20220218,133550500,13:35:50,2744,154,1025,8322160,0,0,0
SA202,20220218,20220218,133551000,13:35:51,2744,154,1025,8322160,0,0,0
SA202,20220218,20220218,133552500,13:35:52,2744,154,1025,8322160,0,0,0
SA202,20220218,20220218,133553500,13:35:55,2744,154,1025,8322160,0,0,0
SA202,20220218,20220218,133554000,13:35:55,2744,154,1025,8322160,0,0,0
SA202,20220218,20220218,133555500,13:35:56,2744,154,1025,8322160,0,0,0
SA202,20220218,20220218,133556000,13:35:56,2744,154,1025,8322160,0,0,0
SA202,20220218,20220218,133556500,13:35:56,2744,154,1025,8322160,0,0,0
SA202,20220218,20220218,133557000,13:35:59,2744,154,1025,8322160,0,0,0
SA202,20220218,20220218,133557500,13:36:00,2744,154,1025,8322160,0,0,0
SA202,20220218,20220218,133558000,13:36:01,2744,154,1025,8322160,0,0,0
SA202,20220218,20220218,133559500,13:36:03,2744,154,1025,8322160,0,0,0
SA202,20220218,20220218,133601500,13:36:03,2744,154,1025,8322160,0,0,0
SA202,20220218,20220218,133602000,13:36:03,2744,154,1025,8322160,0,0,0
SA202,20220218,20220218,133602500,13:36:03,2744,154,1025,8322160,0,0,0
SA202,20220218,20220218,133603000,13:36:05,2744,154,1025,8322160,0,0,0
SA202,20220218,20220218,133603500,13:36:05,2744,154,1025,8322160,0,0,0
SA202,20220218,20220218,133604000,13:36:06,2744,154,1025,8322160,0,0,0
SA202,20220218,20220218,133604500,13:36:06,2744,154,1025,8322160,0,0,0
SA202,20220218,20220218,133606500,13:36:07,2744,154,1025,8322160,0,0,0
SA202,20220218,20220218,133610000,13:36:10,2744,154,1025,8322160,0,0,0
SA202,20220218,20220218,133610500,13:36:11,2744,154,1025,8322160,0,0,0
SA202,20220218,20220218,133611000,13:36:12,2744,154,1025,8322160,0,0,0
SA202,20220218,20220218,133614000,13:36:14,2744,154,1025,8322160,0,0,0
SA202,20220218,20220218,133614500,13:36:14,2744,154,1025,8322160,0,0,0
SA202,20220218,20220218,133615000,13:36:15,2744,154,1025,8322160,0,0,0
SA202,20220218,20220218,133615500,13:36:15,2744,154,1025,8322160,0,0,0
SA202,20220218,20220218,133616000,13:36:16,2744,154,1025,8322160,0,0,0
SA202,20220218,20220218,133616500,13:36:17,2744,154,1025,8322160,0,0,0
SA202,20220218,20220218,133617000,13:36:17,2744,154,1025,8322160,0,0,0
SA202,20220218,20220218,133620500,13:36:20,2744,154,1025,8322160,0,0,0
SA202,20220218,20220218,133621000,13:36:21,2744,154,1025,8322160,0,0,0
SA202,20220218,20220218,133621500,13:36:21,2744,154,1025,8322160,0,0,0
SA202,20220218,20220218,133622000,13:36:22,2744,154,1025,8322160,0,0,0
SA202,20220218,20220218,133622500,13:36:22,2744,154,1025,8322160,0,0,0
SA202,20220218,20220218,133623000,13:36:23,2744,154,1025,8322160,0,0,0
SA202,20220218,20220218,133623500,13:36:23,2744,154,1025,8322160,0,0,0
SA202,20220218,20220218,133624000,13:36:24,2744,154,1025,8322160,0,0,0
SA202,20220218,20220218,133631000,13:36:31,2744,154,1025,8322160,0,0,0
SA202,20220218,20220218,133631500,13:36:31,2744,154,1025,8322160,0,0,0
SA202,20220218,20220218,133632000,13:36:32,2744,154,1025,8322160,0,0,0
SA202,20220218,20220218,133632500,13:36:32,2744,154,1025,8322160,0,0,0
SA202,20220218,20220218,133633000,13:36:33,2744,154,1025,8322160,0,0,0
SA202,20220218,20220218,133633500,13:36:33,2744,154,1025,8322160,0,0,0
SA202,20220218,20220218,133634500,13:36:35,2744,154,1025,8322160,0,0,0
SA202,20220218,20220218,133637000,13:36:38,2744,154,1025,8322160,0,0,0
SA202,20220218,20220218,133637500,13:36:38,2744,154,1025,8322160,0,0,0
SA202,20220218,20220218,133638000,13:36:38,2744,154,1025,8322160,0,0,0
SA202,20220218,20220218,133638500,13:36:39,2744,154,1025,8322160,0,0,0
SA202,20220218,20220218,133639000,13:36:39,2744,154,1025,8322160,0,0,0
SA202,20220218,20220218,133639500,13:36:40,2744,154,1025,8322160,0,0,0
SA202,20220218,20220218,133640000,13:36:40,2744,154,1025,8322160,0,0,0
SA202,20220218,20220218,133640500,13:36:40,2744,154,1025,8322160,0,0,0
SA202,20220218,20220218,133641000,13:36:41,2744,154,1025,8322160,0,0,0
SA202,20220218,20220218,133642000,13:36:42,2744,154,1025,8322160,0,0,0
SA202,20220218,20220218,133644500,13:36:44,2744,154,1025,8322160,0,0,0
SA202,20220218,20220218,133646000,13:36:46,2744,154,1025,8322160,0,0,0
SA202,20220218,20220218,133646500,13:36:46,2744,154,1025,8322160,0,0,0
SA202,20220218,20220218,133647000,13:36:47,2744,154,1025,8322160,0,0,0
SA202,20220218,20220218,133647500,13:36:47,2744,154,1025,8322160,0,0,0
SA202,20220218,20220218,133650500,13:36:50,2744,154,1025,8322160,0,0,0
SA202,20220218,20220218,133651000,13:36:51,2744,154,1025,8322160,0,0,0
SA202,20220218,20220218,133651500,13:36:51,2744,154,1025,8322160,0,0,0
SA202,20220218,20220218,133652000,13:36:52,2744,154,1025,8322160,0,0,0
SA202,20220218,20220218,133652500,13:36:53,2744,154,1025,8322160,0,0,0
SA202,20220218,20220218,133653000,13:36:53,2744,154,1025,8322160,0,0,0
SA202,20220218,20220218,133653500,13:36:54,2744,154,1025,8322160,0,0,0
SA202,20220218,20220218,133654000,13:36:54,2744,154,1025,8322160,0,0,0
SA202,20220218,20220218,133654500,13:36:54,2744,154,1025,8322160,0,0,0
SA202,20220218,20220218,133655000,13:36:55,2744,154,1025,8322160,0,0,0
SA202,20220218,20220218,133701500,13:37:02,2744,154,1025,8322160,0,0,0
SA202,20220218,20220218,133711000,13:37:11,2744,154,1025,8322160,0,0,0
SA202,20220218,20220218,133715500,13:37:16,2744,154,1025,8322160,0,0,0
SA202,20220218,20220218,133716000,13:37:16,2744,154,1025,8322160,0,0,0
SA202,20220218,20220218,133716500,13:37:17,2744,154,1025,8322160,0,0,0
SA202,20220218,20220218,133723500,13:37:23,2744,154,1025,8322160,0,0,0
SA202,20220218,20220218,133724000,13:37:24,2744,154,1025,8322160,0,0,0
SA202,20220218,20220218,133724500,13:37:25,2744,154,1025,8322160,0,0,0
SA202,20220218,20220218,133725000,13:37:25,2744,154,1025,8322160,0,0,0
SA202,20220218,20220218,133725500,13:37:26,2744,154,1025,8322160,0,0,0
SA202,20220218,20220218,133726000,13:37:26,2744,154,1025,8322160,0,0,0
SA202,20220218,20220218,133726500,13:37:27,2744,154,1025,8322160,0,0,0
SA202,20220218,20220218,133727000,13:37:27,2744,154,1025,8322160,0,0,0
SA202,20220218,20220218,133727500,13:37:27,2744,154,1025,8322160,0,0,0
SA202,20220218,20220218,133728000,13:37:28,2744,154,1025,8322160,0,0,0
SA202,20220218,20220218,133729000,13:37:29,2744,154,1025,8322160,0,0,0
SA202,20220218,20220218,133729500,13:37:30,2744,154,1025,8322160,0,0,0
SA202,20220218,20220218,133733000,13:37:33,2744,154,1025,8322160,0,0,0
SA202,20220218,20220218,133733500,13:37:33,2744,154,1025,8322160,0,0,0
SA202,20220218,20220218,133734000,13:37:34,2744,154,1025,8322160,0,0,0
SA202,20220218,20220218,133735000,13:37:35,2744,154,1025,8322160,0,0,0
SA202,20220218,20220218,133735500,13:37:36,2744,154,1025,8322160,0,0,0
SA202,20220218,20220218,133736000,13:37:36,2744,154,1025,8322160,0,0,0
SA202,20220218,20220218,133737000,13:37:37,2744,154,1025,8322160,0,0,0
SA202,20220218,20220218,133737500,13:37:37,2744,154,1025,8322160,0,0,0
SA202,20220218,20220218,133738000,13:37:38,2744,154,1025,8322160,0,0,0
SA202,20220218,20220218,133743500,13:37:44,2744,154,1025,8322160,0,0,0
SA202,20220218,20220218,133744000,13:37:44,2744,154,1025,8322160,0,0,0
SA202,20220218,20220218,133744500,13:37:45,2744,154,1025,8322160,0,0,0
SA202,20220218,20220218,133745000,13:37:45,2744,154,1025,8322160,0,0,0
SA202,20220218,20220218,133745500,13:37:45,2744,154,1025,8322160,0,0,0
SA202,20220218,20220218,133801000,13:38:02,2744,154,1025,8322160,0,0,0
SA202,20220218,20220218,133801500,13:38:03,2744,154,1025,8322160,0,0,0
SA202,20220218,20220218,133807000,13:38:09,2744,154,1025,8322160,0,0,0
SA202,20220218,20220218,133807500,13:38:09,2744,154,1025,8322160,0,0,0
SA202,20220218,20220218,133809500,13:38:10,2744,154,1025,8322160,0,0,0
SA202,20220218,20220218,133813500,13:38:15,2744,154,1025,8322160,0,0,0
SA202,20220218,20220218,133814500,13:38:17,2744,154,1025,8322160,0,0,0
SA202,20220218,20220218,133815000,13:38:17,2744,154,1025,8322160,0,0,0
SA202,20220218,20220218,133815500,13:38:17,2744,154,1025,8322160,0,0,0
SA202,20220218,20220218,133817000,13:38:18,2744,154,1025,8322160,0,0,0
SA202,20220218,20220218,133818500,13:38:19,2744,154,1025,8322160,0,0,0
SA202,20220218,20220218,133819000,13:38:19,2744,154,1025,8322160,0,0,0
SA202,20220218,20220218,133819500,13:38:19,2744,154,1025,8322160,0,0,0
SA202,20220218,20220218,133821000,13:38:22,2744,154,1025,8322160,0,0,0
SA202,20220218,20220218,133824000,13:38:24,2744,154,1025,8322160,0,0,0
SA202,20220218,20220218,133824500,13:38:40,2744,154,1025,8322160,0,0,0
SA202,20220218,20220218,133825000,13:38:41,2744,154,1025,8322160,0,0,0
SA202,20220218,20220218,133825500,13:38:41,2744,154,1025,8322160,0,0,0
SA202,20220218,20220218,133840500,13:38:42,2744,154,1025,8322160,0,0,0
SA202,20220218,20220218,133841000,13:38:43,2744,154,1025,8322160,0,0,0
SA202,20220218,20220218,133842000,13:38:43,2744,154,1025,8322160,0,0,0
SA202,20220218,20220218,133908500,13:39:08,2744,154,1025,8322160,0,0,0
SA202,20220218,20220218,133910000,13:39:10,2744,154,1025,8322160,0,0,0
SA202,20220218,20220218,133911500,13:39:11,2744,154,1025,8322160,0,0,0
SA202,20220218,20220218,133913500,13:39:13,2744,154,1025,8322160,0,0,0
SA202,20220218,20220218,133914000,13:39:15,2744,154,1025,8322160,0,0,0
SA202,20220218,20220218,133914500,13:39:15,2744,154,1025,8322160,0,0,0
SA202,20220218,20220218,133915500,13:39:19,2744,154,1025,8322160,0,0,0
SA202,20220218,20220218,133916000,13:39:19,2744,154,1025,8322160,0,0,0
SA202,20220218,20220218,133917500,13:39:19,2744,154,1025,8322160,0,0,0
SA202,20220218,20220218,133921000,13:39:21,2744,154,1025,8322160,0,0,0
SA202,20220218,20220218,133922500,13:39:23,2744,154,1025,8322160,0,0,0
SA202,20220218,20220218,133924000,13:39:24,2744,154,1025,8322160,0,0,0
SA202,20220218,20220218,133934500,13:39:34,2744,154,1025,8322160,0,0,0
SA202,20220218,20220218,133937000,13:39:37,2744,154,1025,8322160,0,0,0
SA202,20220218,20220218,133938000,13:39:38,2744,154,1025,8322160,0,0,0
SA202,20220218,20220218,133944500,13:39:44,2744,154,1025,8322160,0,0,0
SA202,20220218,20220218,133945000,13:39:45,2744,154,1025,8322160,0,0,0
SA202,20220218,20220218,133945500,13:39:46,2744,154,1025,8322160,0,0,0
SA202,20220218,20220218,133946000,13:39:46,2744,154,1025,8322160,0,0,0
SA202,20220218,20220218,133949000,13:39:49,2744,154,1025,8322160,0,0,0
SA202,20220218,20220218,133949500,13:39:50,2744,154,1025,8322160,0,0,0
SA202,20220218,20220218,133950000,13:39:50,2744,154,1025,8322160,0,0,0
SA202,20220218,20220218,133951500,13:39:51,2744,154,1025,8322160,0,0,0
SA202,20220218,20220218,133952000,13:39:52,2744,154,1025,8322160,0,0,0
SA202,20220218,20220218,133952500,13:39:53,2744,154,1025,8322160,0,0,0
SA202,20220218,20220218,133954000,13:39:55,2744,154,1025,8322160,0,0,0
SA202,20220218,20220218,133954500,13:39:55,2744,154,1025,8322160,0,0,0
SA202,20220218,20220218,133955000,13:39:55,2744,154,1025,8322160,0,0,0
SA202,20220218,20220218,133958000,13:40:13,2744,154,1025,8322160,0,0,0
SA202,20220218,20220218,134006000,13:40:13,2744,154,1025,8322160,0,0,0
SA202,20220218,20220218,134015500,13:40:16,2744,154,1025,8322160,0,0,0
SA202,20220218,20220218,134016000,13:40:16,2744,154,1025,8322160,0,0,0
SA202,20220218,20220218,134016500,13:40:17,2744,154,1025,8322160,0,0,0
SA202,20220218,20220218,134019000,13:40:19,2744,154,1025,8322160,0,0,0
SA202,20220218,20220218,134019500,13:40:20,2744,154,1025,8322160,0,0,0
SA202,20220218,20220218,134020000,13:40:20,2744,154,1025,8322160,0,0,0
SA202,20220218,20220218,134021000,13:40:21,2744,154,1025,8322160,0,0,0
SA202,20220218,20220218,134027000,13:40:27,2744,154,1025,8322160,0,0,0
SA202,20220218,20220218,134027500,13:40:27,2744,154,1025,8322160,0,0,0
SA202,20220218,20220218,134028000,13:40:28,2744,154,1025,8322160,0,0,0
SA202,20220218,20220218,134028500,13:40:29,2744,154,1025,8322160,0,0,0
SA202,20220218,20220218,134029000,13:40:30,2744,154,1025,8322160,0,0,0
SA202,20220218,20220218,134029500,13:40:30,2744,154,1025,8322160,0,0,0
SA202,20220218,20220218,134030000,13:40:30,2744,154,1025,8322160,0,0,0
SA202,20220218,20220218,134030500,13:40:31,2744,154,1025,8322160,0,0,0
SA202,20220218,20220218,134031500,13:40:32,2744,154,1025,8322160,0,0,0
SA202,20220218,20220218,134032000,13:40:32,2744,154,1025,8322160,0,0,0
SA202,20220218,20220218,134032500,13:40:32,2744,154,1025,8322160,0,0,0
SA202,20220218,20220218,134033500,13:40:34,2744,154,1025,8322160,0,0,0
SA202,20220218,20220218,134034000,13:40:34,2744,154,1025,8322160,0,0,0
SA202,20220218,20220218,134034500,13:40:35,2744,154,1025,8322160,0,0,0
SA202,20220218,20220218,134035000,13:40:35,2744,154,1025,8322160,0,0,0
SA202,20220218,20220218,134035500,13:40:36,2744,154,1025,8322160,0,0,0
SA202,20220218,20220218,134036500,13:40:36,2744,154,1025,8322160,0,0,0
SA202,20220218,20220218,134038000,13:40:38,2744,154,1025,8322160,0,0,0
SA202,20220218,20220218,134038500,13:40:38,2744,154,1025,8322160,0,0,0
SA202,20220218,20220218,134039000,13:40:40,2744,154,1025,8322160,0,0,0
SA202,20220218,20220218,134041000,13:40:42,2744,154,1025,8322160,0,0,0
SA202,20220218,20220218,134041500,13:40:42,2744,154,1025,8322160,0,0,0
SA202,20220218,20220218,134042000,13:40:42,2744,154,1025,8322160,0,0,0
SA202,20220218,20220218,134042500,13:40:42,2744,154,1025,8322160,0,0,0
SA202,20220218,20220218,134043500,13:40:44,2744,154,1025,8322160,0,0,0
SA202,20220218,20220218,134045500,13:40:45,2744,154,1025,8322160,0,0,0
SA202,20220218,20220218,134046000,13:40:46,2744,154,1025,8322160,0,0,0
SA202,20220218,20220218,134046500,13:40:46,2744,154,1025,8322160,0,0,0
SA202,20220218,20220218,134047000,13:40:47,2744,154,1025,8322160,0,0,0
SA202,20220218,20220218,134047500,13:40:47,2744,154,1025,8322160,0,0,0
SA202,20220218,20220218,134048000,13:40:48,2744,154,1025,8322160,0,0,0
SA202,20220218,20220218,134054500,13:40:55,2744,154,1025,8322160,0,0,0
SA202,20220218,20220218,134107500,13:41:09,2744,154,1025,8322160,0,0,0
SA202,20220218,20220218,134108000,13:41:09,2744,154,1025,8322160,0,0,0
SA202,20220218,20220218,134108500,13:41:10,2744,154,1025,8322160,0,0,0
SA202,20220218,20220218,134111500,13:41:12,2744,154,1025,8322160,0,0,0
SA202,20220218,20220218,134112000,13:41:12,2744,154,1025,8322160,0,0,0
SA202,20220218,20220218,134114000,13:41:14,2744,154,1025,8322160,0,0,0
SA202,20220218,20220218,134114500,13:41:16,2744,154,1025,8322160,0,0,0
SA202,20220218,20220218,134115000,13:41:16,2744,154,1025,8322160,0,0,0
SA202,20220218,20220218,134115500,13:41:16,2744,154,1025,8322160,0,0,0
SA202,20220218,20220218,134116500,13:41:17,2744,154,1025,8322160,0,0,0
SA202,20220218,20220218,134117000,13:41:17,2744,154,1025,8322160,0,0,0
SA202,20220218,20220218,134117500,13:41:18,2744,154,1025,8322160,0,0,0
SA202,20220218,20220218,134122500,13:41:24,2744,154,1025,8322160,0,0,0
SA202,20220218,20220218,134123500,13:41:24,2744,154,1025,8322160,0,0,0
SA202,20220218,20220218,134124000,13:41:24,2744,154,1025,8322160,0,0,0
SA202,20220218,20220218,134124500,13:41:26,2744,154,1025,8322160,0,0,0
SA202,20220218,20220218,134125000,13:41:27,2744,154,1025,8322160,0,0,0
SA202,20220218,20220218,134125500,13:41:27,2744,154,1025,8322160,0,0,0
SA202,20220218,20220218,134126000,13:41:27,2744,154,1025,8322160,0,0,0
SA202,20220218,20220218,134126500,13:41:27,2744,154,1025,8322160,0,0,0
SA202,20220218,20220218,134127000,13:41:27,2744,154,1025,8322160,0,0,0
SA202,20220218,20220218,134127500,13:41:27,2744,154,1025,8322160,0,0,0
SA202,20220218,20220218,134128000,13:41:28,2744,154,1025,8322160,0,0,0
SA202,20220218,20220218,134129000,13:41:29,2744,154,1025,8322160,0,0,0
SA202,20220218,20220218,134130000,13:41:30,2744,154,1025,8322160,0,0,0
SA202,20220218,20220218,134130500,13:41:31,2744,154,1025,8322160,0,0,0
SA202,20220218,20220218,134131500,13:41:31,2744,154,1025,8322160,0,0,0
SA202,20220218,20220218,134132500,13:41:33,2744,154,1025,8322160,0,0,0
SA202,20220218,20220218,134133500,13:41:34,2744,154,1025,8322160,0,0,0
SA202,20220218,20220218,134134000,13:41:34,2744,154,1025,8322160,0,0,0
SA202,20220218,20220218,134134500,13:41:34,2744,154,1025,8322160,0,0,0
SA202,20220218,20220218,134136000,13:41:39,2744,154,1025,8322160,0,0,0
SA202,20220218,20220218,134136500,13:41:39,2744,154,1025,8322160,0,0,0
SA202,20220218,20220218,134137000,13:41:40,2744,154,1025,8322160,0,0,0
SA202,20220218,20220218,134139500,13:41:41,2744,154,1025,8322160,0,0,0
SA202,20220218,20220218,134140500,13:41:42,2744,154,1025,8322160,0,0,0
SA202,20220218,20220218,134141000,13:41:42,2744,154,1025,8322160,0,0,0
SA202,20220218,20220218,134141500,13:41:42,2744,154,1025,8322160,0,0,0
SA202,20220218,20220218,134144500,13:41:44,2744,154,1025,8322160,0,0,0
SA202,20220218,20220218,134145000,13:41:45,2744,154,1025,8322160,0,0,0
SA202,20220218,20220218,134147000,13:41:47,2744,154,1025,8322160,0,0,0
SA202,20220218,20220218,134150500,13:41:51,2744,154,1025,8322160,0,0,0
SA202,20220218,20220218,134151500,13:41:52,2744,154,1025,8322160,0,0,0
SA202,20220218,20220218,134152500,13:41:52,2744,154,1025,8322160,0,0,0
SA202,20220218,20220218,134154000,13:42:02,2744,154,1025,8322160,0,0,0
SA202,20220218,20220218,134154500,13:42:02,2744,154,1025,8322160,0,0,0
SA202,20220218,20220218,134155000,13:42:04,2744,154,1025,8322160,0,0,0
SA202,20220218,20220218,134202000,13:42:10,2744,154,1025,8322160,0,0,0
SA202,20220218,20220218,134203000,13:42:11,2744,154,1025,8322160,0,0,0
SA202,20220218,20220218,134208500,13:42:12,2744,154,1025,8322160,0,0,0
SA202,20220218,20220218,134212000,13:42:13,2744,154,1025,8322160,0,0,0
SA202,20220218,20220218,134212500,13:42:13,2744,154,1025,8322160,0,0,0
SA202,20220218,20220218,134214500,13:42:15,2744,154,1025,8322160,0,0,0
SA202,20220218,20220218,134215000,13:42:15,2744,154,1025,8322160,0,0,0
SA202,20220218,20220218,134215500,13:42:16,2744,154,1025,8322160,0,0,0
SA202,20220218,20220218,134217000,13:42:18,2744,154,1025,8322160,0,0,0
SA202,20220218,20220218,134217500,13:42:19,2744,154,1025,8322160,0,0,0
SA202,20220218,20220218,134218000,13:42:20,2744,154,1025,8322160,0,0,0
SA202,20220218,20220218,134219500,13:42:20,2744,154,1025,8322160,0,0,0
SA202,20220218,20220218,134223000,13:42:23,2744,154,1025,8322160,0,0,0
SA202,20220218,20220218,134223500,13:42:24,2744,154,1025,8322160,0,0,0
SA202,20220218,20220218,134224000,13:42:24,2744,154,1025,8322160,0,0,0
SA202,20220218,20220218,134224500,13:42:25,2744,154,1025,8322160,0,0,0
SA202,20220218,20220218,134225000,13:42:25,2744,154,1025,8322160,0,0,0
SA202,20220218,20220218,134225500,13:42:25,2744,154,1025,8322160,0,0,0
SA202,20220218,20220218,134226500,13:42:27,2744,154,1025,8322160,0,0,0
SA202,20220218,20220218,134249000,13:42:49,2744,154,1025,8322160,0,0,0
SA202,20220218,20220218,134254500,13:42:54,2744,154,1025,8322160,0,0,0
SA202,20220218,20220218,134255500,13:42:55,2744,154,1025,8322160,0,0,0
SA202,20220218,20220218,134257000,13:42:59,2744,154,1025,8322160,0,0,0
SA202,20220218,20220218,134303000,13:43:05,2744,154,1025,8322160,0,0,0
SA202,20220218,20220218,134303500,13:43:11,2744,154,1025,8322160,0,0,0
SA202,20220218,20220218,134304500,13:43:11,2744,154,1025,8322160,0,0,0
SA202,20220218,20220218,134310500,13:43:12,2744,154,1025,8322160,0,0,0
SA202,20220218,20220218,134311000,13:43:14,2744,154,1025,8322160,0,0,0
SA202,20220218,20220218,134312000,13:43:14,2744,154,1025,8322160,0,0,0
SA202,20220218,20220218,134312500,13:43:14,2744,154,1025,8322160,0,0,0
SA202,20220218,20220218,134313000,13:43:14,2744,154,1025,8322160,0,0,0
SA202,20220218,20220218,134314000,13:43:14,2744,154,1025,8322160,0,0,0
SA202,20220218,20220218,134314500,13:43:15,2744,154,1025,8322160,0,0,0
SA202,20220218,20220218,134315000,13:43:15,2744,154,1025,8322160,0,0,0
SA202,20220218,20220218,134315500,13:43:15,2744,154,1025,8322160,0,0,0
SA202,20220218,20220218,134316000,13:43:16,2744,154,1025,8322160,0,0,0
SA202,20220218,20220218,134316500,13:43:16,2744,154,1025,8322160,0,0,0
SA202,20220218,20220218,134317000,13:43:17,2744,154,1025,8322160,0,0,0
SA202,20220218,20220218,134318000,13:43:18,2744,154,1025,8322160,0,0,0
SA202,20220218,20220218,134318500,13:43:18,2744,154,1025,8322160,0,0,0
SA202,20220218,20220218,134319000,13:43:19,2744,154,1025,8322160,0,0,0
SA202,20220218,20220218,134319500,13:43:19,2744,154,1025,8322160,0,0,0
SA202,20220218,20220218,134320000,13:43:20,2744,154,1025,8322160,0,0,0
SA202,20220218,20220218,134320500,13:43:21,2744,154,1025,8322160,0,0,0
SA202,20220218,20220218,134321500,13:43:21,2744,154,1025,8322160,0,0,0
SA202,20220218,20220218,134322000,13:43:22,2744,154,1025,8322160,0,0,0
SA202,20220218,20220218,134322500,13:43:23,2744,154,1025,8322160,0,0,0
SA202,20220218,20220218,134323000,13:43:23,2744,154,1025,8322160,0,0,0
SA202,20220218,20220218,134324500,13:43:25,2744,154,1025,8322160,0,0,0
SA202,20220218,20220218,134329500,13:43:30,2744,154,1025,8322160,0,0,0
SA202,20220218,20220218,134330000,13:43:30,2744,154,1025,8322160,0,0,0
SA202,20220218,20220218,134331500,13:43:31,2744,154,1025,8322160,0,0,0
SA202,20220218,20220218,134332000,13:43:32,2744,154,1025,8322160,0,0,0
SA202,20220218,20220218,134332500,13:43:32,2744,154,1025,8322160,0,0,0
SA202,20220218,20220218,134333500,13:43:34,2744,154,1025,8322160,0,0,0
SA202,20220218,20220218,134334000,13:43:34,2744,154,1025,8322160,0,0,0
SA202,20220218,20220218,134334500,13:43:34,2744,154,1025,8322160,0,0,0
SA202,20220218,20220218,134335500,13:43:35,2744,154,1025,8322160,0,0,0
SA202,20220218,20220218,134336000,13:43:36,2744,154,1025,8322160,0,0,0
SA202,20220218,20220218,134336500,13:43:37,2744,154,1025,8322160,0,0,0
SA202,20220218,20220218,134337000,13:43:37,2744,154,1025,8322160,0,0,0
SA202,20220218,20220218,134337500,13:43:37,2744,154,1025,8322160,0,0,0
SA202,20220218,20220218,134338500,13:43:38,2744,154,1025,8322160,0,0,0
SA202,20220218,20220218,134339000,13:43:39,2744,154,1025,8322160,0,0,0
SA202,20220218,20220218,134340000,13:43:57,2744,154,1025,8322160,0,0,0
SA202,20220218,20220218,134340500,13:43:57,2744,154,1025,8322160,0,0,0
SA202,20220218,20220218,134354500,13:44:00,2744,154,1025,8322160,0,0,0
SA202,20220218,20220218,134356500,13:44:04,2744,154,1025,8322160,0,0,0
SA202,20220218,20220218,134357000,13:44:04,2744,154,1025,8322160,0,0,0
SA202,20220218,20220218,134401500,13:44:04,2744,154,1025,8322160,0,0,0
SA202,20220218,20220218,134407500,13:44:08,2744,154,1025,8322160,0,0,0
SA202,20220218,20220218,134409000,13:44:09,2744,154,1025,8322160,0,0,0
SA202,20220218,20220218,134410500,13:44:17,2744,154,1025,8322160,0,0,0
SA202,20220218,20220218,134415500,13:44:17,2744,154,1025,8322160,0,0,0
SA202,20220218,20220218,134418000,13:44:18,2744,154,1025,8322160,0,0,0
SA202,20220218,20220218,134418500,13:44:18,2744,154,1025,8322160,0,0,0
SA202,20220218,20220218,134423000,13:44:23,2744,154,1025,8322160,0,0,0
SA202,20220218,20220218,134424000,13:44:24,2744,154,1025,8322160,0,0,0
SA202,20220218,20220218,134424500,13:44:24,2744,154,1025,8322160,0,0,0
SA202,20220218,20220218,134436500,13:44:37,2744,154,1025,8322160,0,0,0
SA202,20220218,20220218,134440500,13:44:40,2744,154,1025,8322160,0,0,0
SA202,20220218,20220218,134441500,13:44:41,2744,154,1025,8322160,0,0,0
SA202,20220218,20220218,134444000,13:44:44,2744,154,1025,8322160,0,0,0
SA202,20220218,20220218,134444500,13:44:45,2744,154,1025,8322160,0,0,0
SA202,20220218,20220218,134445000,13:44:45,2744,154,1025,8322160,0,0,0
SA202,20220218,20220218,134446000,13:44:46,2744,154,1025,8322160,0,0,0
SA202,20220218,20220218,134450500,13:44:50,2744,154,1025,8322160,0,0,0
SA202,20220218,20220218,134451000,13:44:51,2744,154,1025,8322160,0,0,0
SA202,20220218,20220218,134451500,13:44:52,2744,154,1025,8322160,0,0,0
SA202,20220218,20220218,134452000,13:44:53,2744,154,1025,8322160,0,0,0
SA202,20220218,20220218,134452500,13:44:53,2744,154,1025,8322160,0,0,0
SA202,20220218,20220218,134455500,13:44:56,2744,154,1025,8322160,0,0,0
SA202,20220218,20220218,134456500,13:44:56,2744,154,1025,8322160,0,0,0
SA202,20220218,20220218,134457000,13:44:57,2744,154,1025,8322160,0,0,0
SA202,20220218,20220218,134457500,13:44:57,2744,154,1025,8322160,0,0,0
SA202,20220218,20220218,134458000,13:44:58,2744,154,1025,8322160,0,0,0
SA202,20220218,20220218,134501000,13:45:01,2744,154,1025,8322160,0,0,0
SA202,20220218,20220218,134501500,13:45:02,2744,154,1025,8322160,0,0,0
SA202,20220218,20220218,134502000,13:45:02,2744,154,1025,8322160,0,0,0
SA202,20220218,20220218,134503500,13:45:04,2744,154,1025,8322160,0,0,0
SA202,20220218,20220218,134504000,13:45:08,2744,154,1025,8322160,0,0,0
SA202,20220218,20220218,134506000,13:45:09,2744,154,1025,8322160,0,0,0
SA202,20220218,20220218,134509500,13:45:10,2744,154,1025,8322160,0,0,0
SA202,20220218,20220218,134510000,13:45:10,2744,154,1025,8322160,0,0,0
SA202,20220218,20220218,134510500,13:45:10,2744,154,1025,8322160,0,0,0
SA202,20220218,20220218,134513000,13:45:13,2744,154,1025,8322160,0,0,0
SA202,20220218,20220218,134518500,13:45:22,2744,154,1025,8322160,0,0,0
SA202,20220218,20220218,134520500,13:45:22,2744,154,1025,8322160,0,0,0
SA202,20220218,20220218,134523500,13:45:24,2744,154,1025,8322160,0,0,0
SA202,20220218,20220218,134524000,13:45:24,2744,154,1025,8322160,0,0,0
SA202,20220218,20220218,134524500,13:45:25,2744,154,1025,8322160,0,0,0
SA202,20220218,20220218,134527500,13:45:30,2744,154,1025,8322160,0,0,0
SA202,20220218,20220218,134528000,13:45:30,2744,154,1025,8322160,0,0,0
SA202,20220218,20220218,134529500,13:45:30,2744,154,1025,8322160,0,0,0
SA202,20220218,20220218,134530500,13:45:31,2744,154,1025,8322160,0,0,0
SA202,20220218,20220218,134531000,13:45:31,2744,154,1025,8322160,0,0,0
SA202,20220218,20220218,134531500,13:45:31,2744,154,1025,8322160,0,0,0
SA202,20220218,20220218,134532000,13:45:32,2744,154,1025,8322160,0,0,0
SA202,20220218,20220218,134532500,13:45:33,2744,154,1025,8322160,0,0,0
SA202,20220218,20220218,134536000,13:45:36,2744,154,1025,8322160,0,0,0
SA202,20220218,20220218,134536500,13:45:37,2744,154,1025,8322160,0,0,0
SA202,20220218,20220218,134537000,13:45:37,2744,154,1025,8322160,0,0,0
SA202,20220218,20220218,134545500,13:45:46,2744,154,1025,8322160,0,0,0
SA202,20220218,20220218,134546000,13:45:47,2744,154,1025,8322160,0,0,0
SA202,20220218,20220218,134553500,13:45:54,2744,154,1025,8322160,0,0,0
SA202,20220218,20220218,134554000,13:45:54,2744,154,1025,8322160,0,0,0
SA202,20220218,20220218,134554500,13:45:55,2744,154,1025,8322160,0,0,0
SA202,20220218,20220218,134555000,13:45:55,2744,154,1025,8322160,0,0,0
SA202,20220218,20220218,134555500,13:45:56,2744,154,1025,8322160,0,0,0
SA202,20220218,20220218,134556000,13:45:58,2744,154,1025,8322160,0,0,0
SA202,20220218,20220218,134556500,13:46:00,2744,154,1025,8322160,0,0,0
SA202,20220218,20220218,134559500,13:46:01,2744,154,1025,8322160,0,0,0
SA202,20220218,20220218,134607500,13:46:08,2744,154,1025,8322160,0,0,0
SA202,20220218,20220218,134613000,13:46:13,2744,154,1025,8322160,0,0,0
SA202,20220218,20220218,134614500,13:46:15,2744,154,1025,8322160,0,0,0
SA202,20220218,20220218,134620500,13:46:21,2744,154,1025,8322160,0,0,0
SA202,20220218,20220218,134621000,13:46:21,2744,154,1025,8322160,0,0,0
SA202,20220218,20220218,134621500,13:46:21,2744,154,1025,8322160,0,0,0
SA202,20220218,20220218,134622000,13:46:30,2744,154,1025,8322160,0,0,0
SA202,20220218,20220218,134622500,13:46:30,2744,154,1025,8322160,0,0,0
SA202,20220218,20220218,134623000,13:46:30,2744,154,1025,8322160,0,0,0
SA202,20220218,20220218,134630000,13:46:31,2744,154,1025,8322160,0,0,0
SA202,20220218,20220218,134630500,13:46:31,2744,154,1025,8322160,0,0,0
SA202,20220218,20220218,134631000,13:46:31,2744,154,1025,8322160,0,0,0
SA202,20220218,20220218,134632000,13:46:32,2744,154,1025,8322160,0,0,0
SA202,20220218,20220218,134632500,13:46:33,2744,154,1025,8322160,0,0,0
SA202,20220218,20220218,134642500,13:46:43,2744,154,1025,8322160,0,0,0
SA202,20220218,20220218,134643000,13:46:43,2744,154,1025,8322160,0,0,0
SA202,20220218,20220218,134647500,13:46:47,2744,154,1025,8322160,0,0,0
SA202,20220218,20220218,134648000,13:46:48,2744,154,1025,8322160,0,0,0
SA202,20220218,20220218,134655000,13:46:55,2744,154,1025,8322160,0,0,0
SA202,20220218,20220218,134700500,13:47:00,2744,154,1025,8322160,0,0,0
SA202,20220218,20220218,134703000,13:47:03,2744,154,1025,8322160,0,0,0
SA202,20220218,20220218,134703500,13:47:03,2744,154,1025,8322160,0,0,0
SA202,20220218,20220218,134706500,13:47:10,2744,154,1025,8322160,0,0,0
SA202,20220218,20220218,134707000,13:47:10,2744,154,1025,8322160,0,0,0
SA202,20220218,20220218,134707500,13:47:10,2744,154,1025,8322160,0,0,0
SA202,20220218,20220218,134708500,13:47:11,2744,154,1025,8322160,0,0,0
SA202,20220218,20220218,134711500,13:47:16,2744,154,1025,8322160,0,0,0
SA202,20220218,20220218,134712000,13:47:16,2744,154,1025,8322160,0,0,0
SA202,20220218,20220218,134721500,13:47:22,2744,154,1025,8322160,0,0,0
SA202,20220218,20220218,134722000,13:47:24,2744,154,1025,8322160,0,0,0
SA202,20220218,20220218,134725500,13:47:27,2744,154,1025,8322160,0,0,0
SA202,20220218,20220218,134730000,13:47:30,2744,154,1025,8322160,0,0,0
SA202,20220218,20220218,134730500,13:47:30,2744,154,1025,8322160,0,0,0
SA202,20220218,20220218,134731000,13:47:31,2744,154,1025,8322160,0,0,0
SA202,20220218,20220218,134731500,13:47:31,2744,154,1025,8322160,0,0,0
SA202,20220218,20220218,134732000,13:47:32,2744,154,1025,8322160,0,0,0
SA202,20220218,20220218,134732500,13:47:33,2744,154,1025,8322160,0,0,0
SA202,20220218,20220218,134733000,13:47:34,2744,154,1025,8322160,0,0,0
SA202,20220218,20220218,134733500,13:47:34,2744,154,1025,8322160,0,0,0
SA202,20220218,20220218,134741500,13:47:42,2744,154,1025,8322160,0,0,0
SA202,20220218,20220218,134742000,13:47:42,2744,154,1025,8322160,0,0,0
SA202,20220218,20220218,134742500,13:47:42,2744,154,1025,8322160,0,0,0
SA202,20220218,20220218,134743000,13:47:43,2744,154,1025,8322160,0,0,0
SA202,20220218,20220218,134743500,13:47:43,2744,154,1025,8322160,0,0,0
SA202,20220218,20220218,134744000,13:47:44,2744,154,1025,8322160,0,0,0
SA202,20220218,20220218,134745000,13:47:45,2744,154,1025,8322160,0,0,0
SA202,20220218,20220218,134745500,13:47:45,2744,154,1025,8322160,0,0,0
SA202,20220218,20220218,134746000,13:47:47,2744,154,1025,8322160,0,0,0
SA202,20220218,20220218,134748000,13:47:48,2744,154,1025,8322160,0,0,0
SA202,20220218,20220218,134749500,13:47:50,2744,154,1025,8322160,0,0,0
SA202,20220218,20220218,134750500,13:47:50,2744,154,1025,8322160,0,0,0
SA202,20220218,20220218,134752000,13:47:52,2744,154,1025,8322160,0,0,0
SA202,20220218,20220218,134755000,13:47:55,2744,154,1025,8322160,0,0,0
SA202,20220218,20220218,134756000,13:47:56,2744,154,1025,8322160,0,0,0
SA202,20220218,20220218,134757000,13:47:57,2744,154,1025,8322160,0,0,0
SA202,20220218,20220218,134758500,13:47:58,2744,154,1025,8322160,0,0,0
SA202,20220218,20220218,134759500,13:48:00,2744,154,1025,8322160,0,0,0
SA202,20220218,20220218,134801500,13:48:01,2744,154,1025,8322160,0,0,0
SA202,20220218,20220218,134804000,13:48:04,2744,154,1025,8322160,0,0,0
SA202,20220218,20220218,134806500,13:48:06,2744,154,1025,8322160,0,0,0
SA202,20220218,20220218,134807000,13:48:07,2744,154,1025,8322160,0,0,0
SA202,20220218,20220218,134808000,13:48:08,2744,154,1025,8322160,0,0,0
SA202,20220218,20220218,134809500,13:48:09,2744,154,1025,8322160,0,0,0
SA202,20220218,20220218,134817500,13:48:18,2744,154,1025,8322160,0,0,0
SA202,20220218,20220218,134818000,13:48:19,2744,154,1025,8322160,0,0,0
SA202,20220218,20220218,134818500,13:48:20,2744,154,1025,8322160,0,0,0
SA202,20220218,20220218,134820500,13:48:22,2744,154,1025,8322160,0,0,0
SA202,20220218,20220218,134821000,13:48:22,2744,154,1025,8322160,0,0,0
SA202,20220218,20220218,134821500,13:48:22,2744,154,1025,8322160,0,0,0
SA202,20220218,20220218,134822000,13:48:23,2744,154,1025,8322160,0,0,0
SA202,20220218,20220218,134822500,13:48:23,2744,154,1025,8322160,0,0,0
SA202,20220218,20220218,134827500,13:48:28,2744,154,1025,8322160,0,0,0
SA202,20220218,20220218,134829000,13:48:29,2744,154,1025,8322160,0,0,0
SA202,20220218,20220218,134829500,13:48:30,2744,154,1025,8322160,0,0,0
SA202,20220218,20220218,134830000,13:48:30,2744,154,1025,8322160,0,0,0
SA202,20220218,20220218,134831000,13:48:32,2744,154,1025,8322160,0,0,0
SA202,20220218,20220218,134831500,13:48:32,2744,154,1025,8322160,0,0,0
SA202,20220218,20220218,134832000,13:48:32,2744,154,1025,8322160,0,0,0
SA202,20220218,20220218,134832500,13:48:32,2744,154,1025,8322160,0,0,0
SA202,20220218,20220218,134833000,13:48:33,2744,154,1025,8322160,0,0,0
SA202,20220218,20220218,134835500,13:48:37,2744,154,1025,8322160,0,0,0
SA202,20220218,20220218,134836000,13:48:37,2744,154,1025,8322160,0,0,0
SA202,20220218,20220218,134843500,13:48:43,2744,154,1025,8322160,0,0,0
SA202,20220218,20220218,134844000,13:48:44,2744,154,1025,8322160,0,0,0
SA202,20220218,20220218,134845500,13:48:45,2744,154,1025,8322160,0,0,0
SA202,20220218,20220218,134846000,13:48:46,2744,154,1025,8322160,0,0,0
SA202,20220218,20220218,134846500,13:48:46,2744,154,1025,8322160,0,0,0
SA202,20220218,20220218,134847000,13:48:47,2744,154,1025,8322160,0,0,0
SA202,20220218,20220218,134848000,13:48:48,2744,154,1025,8322160,0,0,0
SA202,20220218,20220218,134848500,13:48:48,2744,154,1025,8322160,0,0,0
SA202,20220218,20220218,134849000,13:48:49,2744,154,1025,8322160,0,0,0
SA202,20220218,20220218,134849500,13:48:49,2744,154,1025,8322160,0,0,0
SA202,20220218,20220218,134900000,13:49:00,2744,154,1025,8322160,0,0,0
SA202,20220218,20220218,134900500,13:49:00,2744,154,1025,8322160,0,0,0
SA202,20220218,20220218,134901000,13:49:01,2744,154,1025,8322160,0,0,0
SA202,20220218,20220218,134901500,13:49:02,2744,154,1025,8322160,0,0,0
SA202,20220218,20220218,134904000,13:49:04,2744,154,1025,8322160,0,0,0
SA202,20220218,20220218,134904500,13:49:04,2744,154,1025,8322160,0,0,0
SA202,20220218,20220218,134914000,13:49:14,2744,154,1025,8322160,0,0,0
SA202,20220218,20220218,134914500,13:49:14,2744,154,1025,8322160,0,0,0
SA202,20220218,20220218,134915000,13:49:15,2744,154,1025,8322160,0,0,0
SA202,20220218,20220218,134923000,13:49:24,2744,154,1025,8322160,0,0,0
SA202,20220218,20220218,134925000,13:49:25,2744,154,1025,8322160,0,0,0
SA202,20220218,20220218,134926500,13:49:27,2744,154,1025,8322160,0,0,0
SA202,20220218,20220218,134927000,13:49:27,2744,154,1025,8322160,0,0,0
SA202,20220218,20220218,134927500,13:49:28,2744,154,1025,8322160,0,0,0
SA202,20220218,20220218,134928000,13:49:28,2744,154,1025,8322160,0,0,0
SA202,20220218,20220218,134928500,13:49:29,2744,154,1025,8322160,0,0,0
SA202,20220218,20220218,134929000,13:49:29,2744,154,1025,8322160,0,0,0
SA202,20220218,20220218,134943000,13:49:43,2744,154,1025,8322160,0,0,0
SA202,20220218,20220218,134944500,13:49:44,2744,154,1025,8322160,0,0,0
SA202,20220218,20220218,134946500,13:49:46,2744,154,1025,8322160,0,0,0
SA202,20220218,20220218,134947000,13:49:47,2744,154,1025,8322160,0,0,0
SA202,20220218,20220218,134951000,13:49:51,2744,154,1025,8322160,0,0,0
SA202,20220218,20220218,134958500,13:49:59,2744,154,1025,8322160,0,0,0
SA202,20220218,20220218,134959000,13:49:59,2744,154,1025,8322160,0,0,0
SA202,20220218,20220218,135005000,13:50:05,2744,154,1025,8322160,0,0,0
SA202,20220218,20220218,135005500,13:50:06,2744,154,1025,8322160,0,0,0
SA202,20220218,20220218,135024000,13:50:26,2744,154,1025,8322160,0,0,0
SA202,20220218,20220218,135027000,13:50:33,2744,154,1025,8322160,0,0,0
SA202,20220218,20220218,135029500,13:50:35,2744,154,1025,8322160,0,0,0
SA202,20220218,20220218,135030000,13:50:37,2744,154,1025,8322160,0,0,0
SA202,20220218,20220218,135034500,13:50:37,2744,154,1025,8322160,0,0,0
SA202,20220218,20220218,135035000,13:50:37,2744,154,1025,8322160,0,0,0
SA202,20220218,20220218,135035500,13:50:37,2744,154,1025,8322160,0,0,0
SA202,20220218,20220218,135039500,13:50:39,2744,154,1025,8322160,0,0,0
SA202,20220218,20220218,135040000,13:50:40,2744,154,1025,8322160,0,0,0
SA202,20220218,20220218,135040500,13:50:41,2744,154,1025,8322160,0,0,0
SA202,20220218,20220218,135041000,13:50:41,2744,154,1025,8322160,0,0,0
SA202,20220218,20220218,135042000,13:50:42,2744,154,1025,8322160,0,0,0
SA202,20220218,20220218,135042500,13:50:43,2744,154,1025,8322160,0,0,0
SA202,20220218,20220218,135043000,13:50:43,2744,154,1025,8322160,0,0,0
SA202,20220218,20220218,135043500,13:50:43,2744,154,1025,8322160,0,0,0
SA202,20220218,20220218,135051500,13:50:52,2744,154,1025,8322160,0,0,0
SA202,20220218,20220218,135052000,13:50:52,2744,154,1025,8322160,0,0,0
SA202,20220218,20220218,135100500,13:51:01,2744,154,1025,8322160,0,0,0
SA202,20220218,20220218,135101000,13:51:01,2744,154,1025,8322160,0,0,0
SA202,20220218,20220218,135103000,13:51:03,2744,154,1025,8322160,0,0,0
SA202,20220218,20220218,135103500,13:51:03,2744,154,1025,8322160,0,0,0
SA202,20220218,20220218,135104000,13:51:04,2744,154,1025,8322160,0,0,0
SA202,20220218,20220218,135120500,13:51:21,2744,154,1025,8322160,0,0,0
SA202,20220218,20220218,135122000,13:51:22,2744,154,1025,8322160,0,0,0
SA202,20220218,20220218,135122500,13:51:23,2744,154,1025,8322160,0,0,0
SA202,20220218,20220218,135123000,13:51:23,2744,154,1025,8322160,0,0,0
SA202,20220218,20220218,135123500,13:51:24,2744,154,1025,8322160,0,0,0
SA202,20220218,20220218,135124000,13:51:24,2744,154,1025,8322160,0,0,0
SA202,20220218,20220218,135124500,13:51:24,2744,154,1025,8322160,0,0,0
SA202,20220218,20220218,135125500,13:51:26,2744,154,1025,8322160,0,0,0
SA202,20220218,20220218,135126000,13:51:27,2744,154,1025,8322160,0,0,0
SA202,20220218,20220218,135126500,13:51:27,2744,154,1025,8322160,0,0,0
SA202,20220218,20220218,135127000,13:51:27,2744,154,1025,8322160,0,0,0
SA202,20220218,20220218,135127500,13:51:27,2744,154,1025,8322160,0,0,0
SA202,20220218,20220218,135128000,13:51:28,2744,154,1025,8322160,0,0,0
SA202,20220218,20220218,135128500,13:51:29,2744,154,1025,8322160,0,0,0
SA202,20220218,20220218,135129000,13:51:29,2744,154,1025,8322160,0,0,0
SA202,20220218,20220218,135129500,13:51:29,2744,154,1025,8322160,0,0,0
SA202,20220218,20220218,135130000,13:51:30,2744,154,1025,8322160,0,0,0
SA202,20220218,20220218,135131500,13:51:31,2744,154,1025,8322160,0,0,0
SA202,20220218,20220218,135132000,13:51:32,2744,154,1025,8322160,0,0,0
SA202,20220218,20220218,135132500,13:51:32,2744,154,1025,8322160,0,0,0
SA202,20220218,20220218,135137500,13:51:37,2744,154,1025,8322160,0,0,0
SA202,20220218,20220218,135156000,13:51:56,2744,154,1025,8322160,0,0,0
SA202,20220218,20220218,135158000,13:51:58,2744,154,1025,8322160,0,0,0
SA202,20220218,20220218,135159500,13:51:59,2744,154,1025,8322160,0,0,0
SA202,20220218,20220218,135201000,13:52:01,2744,154,1025,8322160,0,0,0
SA202,20220218,20220218,135201500,13:52:03,2744,154,1025,8322160,0,0,0
SA202,20220218,20220218,135202000,13:52:03,2744,154,1025,8322160,0,0,0
SA202,20220218,20220218,135202500,13:52:03,2744,154,1025,8322160,0,0,0
SA202,20220218,20220218,135203000,13:52:03,2744,154,1025,8322160,0,0,0
SA202,20220218,20220218,135203500,13:52:04,2744,154,1025,8322160,0,0,0
SA202,20220218,20220218,135208000,13:52:10,2744,154,1025,8322160,0,0,0
SA202,20220218,20220218,135209000,13:52:10,2744,154,1025,8322160,0,0,0
SA202,20220218,20220218,135209500,13:52:11,2744,154,1025,8322160,0,0,0
SA202,20220218,20220218,135212500,13:52:13,2744,154,1025,8322160,0,0,0
SA202,20220218,20220218,135213000,13:52:13,2744,154,1025,8322160,0,0,0
SA202,20220218,20220218,135213500,13:52:13,2744,154,1025,8322160,0,0,0
SA202,20220218,20220218,135214000,13:52:14,2744,154,1025,8322160,0,0,0
SA202,20220218,20220218,135214500,13:52:15,2744,154,1025,8322160,0,0,0
SA202,20220218,20220218,135215000,13:52:15,2744,154,1025,8322160,0,0,0
SA202,20220218,20220218,135215500,13:52:15,2744,154,1025,8322160,0,0,0
SA202,20220218,20220218,135216000,13:52:16,2744,154,1025,8322160,0,0,0
SA202,20220218,20220218,135216500,13:52:17,2744,154,1025,8322160,0,0,0
SA202,20220218,20220218,135217000,13:52:17,2744,154,1025,8322160,0,0,0
SA202,20220218,20220218,135219500,13:52:24,2744,154,1025,8322160,0,0,0
SA202,20220218,20220218,135232500,13:52:33,2744,154,1025,8322160,0,0,0
SA202,20220218,20220218,135233000,13:52:33,2744,154,1025,8322160,0,0,0
SA202,20220218,20220218,135233500,13:52:33,2744,154,1025,8322160,0,0,0
SA202,20220218,20220218,135234000,13:52:34,2744,154,1025,8322160,0,0,0
SA202,20220218,20220218,135236500,13:52:43,2744,154,1025,8322160,0,0,0
SA202,20220218,20220218,135237000,13:52:44,2744,154,1025,8322160,0,0,0
SA202,20220218,20220218,135237500,13:52:44,2744,154,1025,8322160,0,0,0
SA202,20220218,20220218,135238000,13:52:45,2744,154,1025,8322160,0,0,0
SA202,20220218,20220218,135241000,13:52:45,2744,154,1025,8322160,0,0,0
SA202,20220218,20220218,135300500,13:53:01,2744,154,1025,8322160,0,0,0
SA202,20220218,20220218,135302000,13:53:02,2744,154,1025,8322160,0,0,0
SA202,20220218,20220218,135304000,13:53:06,2744,154,1025,8322160,0,0,0
SA202,20220218,20220218,135307000,13:53:09,2744,154,1025,8322160,0,0,0
SA202,20220218,20220218,135308500,13:53:09,2744,154,1025,8322160,0,0,0
SA202,20220218,20220218,135312000,13:53:12,2744,154,1025,8322160,0,0,0
SA202,20220218,20220218,135312500,13:53:13,2744,154,1025,8322160,0,0,0
SA202,20220218,20220218,135313000,13:53:13,2744,154,1025,8322160,0,0,0
SA202,20220218,20220218,135313500,13:53:13,2744,154,1025,8322160,0,0,0
SA202,20220218,20220218,135314000,13:53:14,2744,154,1025,8322160,0,0,0
SA202,20220218,20220218,135314500,13:53:15,2744,154,1025,8322160,0,0,0
SA202,20220218,20220218,135315000,13:53:15,2744,154,1025,8322160,0,0,0
SA202,20220218,20220218,135315500,13:53:15,2744,154,1025,8322160,0,0,0
SA202,20220218,20220218,135316000,13:53:16,2744,154,1025,8322160,0,0,0
SA202,20220218,20220218,135316500,13:53:17,2744,154,1025,8322160,0,0,0
SA202,20220218,20220218,135328000,13:53:28,2744,154,1025,8322160,0,0,0
SA202,20220218,20220218,135328500,13:53:29,2744,154,1025,8322160,0,0,0
SA202,20220218,20220218,135329500,13:53:29,2744,154,1025,8322160,0,0,0
SA202,20220218,20220218,135330000,13:53:30,2744,154,1025,8322160,0,0,0
SA202,20220218,20220218,135331000,13:53:31,2744,154,1025,8322160,0,0,0
SA202,20220218,20220218,135331500,13:53:32,2744,154,1025,8322160,0,0,0
SA202,20220218,20220218,135333500,13:53:33,2744,154,1025,8322160,0,0,0
SA202,20220218,20220218,135334000,13:53:35,2744,154,1025,8322160,0,0,0
SA202,20220218,20220218,135336500,13:53:44,2744,154,1025,8322160,0,0,0
SA202,20220218,20220218,135337000,13:53:45,2744,154,1025,8322160,0,0,0
SA202,20220218,20220218,135343000,13:53:45,2744,154,1025,8322160,0,0,0
SA202,20220218,20220218,135345500,13:53:46,2744,154,1025,8322160,0,0,0
SA202,20220218,20220218,135346000,13:53:47,2744,154,1025,8322160,0,0,0
SA202,20220218,20220218,135346500,13:53:47,2744,154,1025,8322160,0,0,0
SA202,20220218,20220218,135349000,13:53:49,2744,154,1025,8322160,0,0,0
SA202,20220218,20220218,135349500,13:53:50,2744,154,1025,8322160,0,0,0
SA202,20220218,20220218,135356000,13:53:56,2744,154,1025,8322160,0,0,0
SA202,20220218,20220218,135356500,13:53:57,2744,154,1025,8322160,0,0,0
SA202,20220218,20220218,135359000,13:54:00,2744,154,1025,8322160,0,0,0
SA202,20220218,20220218,135359500,13:54:08,2744,154,1025,8322160,0,0,0
SA202,20220218,20220218,135400000,13:54:08,2744,154,1025,8322160,0,0,0
SA202,20220218,20220218,135400500,13:54:08,2744,154,1025,8322160,0,0,0
SA202,20220218,20220218,135401000,13:54:09,2744,154,1025,8322160,0,0,0
SA202,20220218,20220218,135421000,13:54:21,2744,154,1025,8322160,0,0,0
SA202,20220218,20220218,135422000,13:54:22,2744,154,1025,8322160,0,0,0
SA202,20220218,20220218,135422500,13:54:22,2744,154,1025,8322160,0,0,0
SA202,20220218,20220218,135423000,13:54:23,2744,154,1025,8322160,0,0,0
SA202,20220218,20220218,135423500,13:54:23,2744,154,1025,8322160,0,0,0
SA202,20220218,20220218,135427000,13:54:28,2744,154,1025,8322160,0,0,0
SA202,20220218,20220218,135429000,13:54:31,2744,154,1025,8322160,0,0,0
SA202,20220218,20220218,135430000,13:54:31,2744,154,1025,8322160,0,0,0
SA202,20220218,20220218,135430500,13:54:31,2744,154,1025,8322160,0,0,0
SA202,20220218,20220218,135431000,13:54:32,2744,154,1025,8322160,0,0,0
SA202,20220218,20220218,135431500,13:54:32,2744,154,1025,8322160,0,0,0
SA202,20220218,20220218,135432000,13:54:32,2744,154,1025,8322160,0,0,0
SA202,20220218,20220218,135434000,13:54:34,2744,154,1025,8322160,0,0,0
SA202,20220218,20220218,135436500,13:54:36,2744,154,1025,8322160,0,0,0
SA202,20220218,20220218,135437000,13:54:37,2744,154,1025,8322160,0,0,0
SA202,20220218,20220218,135442500,13:54:43,2744,154,1025,8322160,0,0,0
SA202,20220218,20220218,135443000,13:54:44,2744,154,1025,8322160,0,0,0
SA202,20220218,20220218,135444000,13:54:44,2744,154,1025,8322160,0,0,0
SA202,20220218,20220218,135444500,13:54:44,2744,154,1025,8322160,0,0,0
SA202,20220218,20220218,135445000,13:54:45,2744,154,1025,8322160,0,0,0
SA202,20220218,20220218,135445500,13:54:45,2744,154,1025,8322160,0,0,0
SA202,20220218,20220218,135446000,13:54:46,2744,154,1025,8322160,0,0,0
SA202,20220218,20220218,135447500,13:54:47,2744,154,1025,8322160,0,0,0
SA202,20220218,20220218,135451500,13:54:51,2744,154,1025,8322160,0,0,0
SA202,20220218,20220218,135453500,13:54:54,2744,154,1025,8322160,0,0,0
SA202,20220218,20220218,135454000,13:54:54,2744,154,1025,8322160,0,0,0
SA202,20220218,20220218,135454500,13:54:55,2744,154,1025,8322160,0,0,0
SA202,20220218,20220218,135455000,13:54:55,2744,154,1025,8322160,0,0,0
SA202,20220218,20220218,135455500,13:54:55,2744,154,1025,8322160,0,0,0
SA202,20220218,20220218,135456500,13:54:56,2744,154,1025,8322160,0,0,0
SA202,20220218,20220218,135457000,13:54:57,2744,154,1025,8322160,0,0,0
SA202,20220218,20220218,135457500,13:54:58,2744,154,1025,8322160,0,0,0
SA202,20220218,20220218,135458000,13:54:58,2744,154,1025,8322160,0,0,0
SA202,20220218,20220218,135458500,13:54:59,2744,154,1025,8322160,0,0,0
SA202,20220218,20220218,135459000,13:54:59,2744,154,1025,8322160,0,0,0
SA202,20220218,20220218,135459500,13:55:00,2744,154,1025,8322160,0,0,0
SA202,20220218,20220218,135500500,13:55:00,2744,154,1025,8322160,0,0,0
SA202,20220218,20220218,135501000,13:55:01,2744,154,1025,8322160,0,0,0
SA202,20220218,20220218,135501500,13:55:02,2744,154,1025,8322160,0,0,0
SA202,20220218,20220218,135502000,13:55:03,2744,154,1025,8322160,0,0,0
SA202,20220218,20220218,135502500,13:55:03,2744,154,1025,8322160,0,0,0
SA202,20220218,20220218,135503000,13:55:03,2744,154,1025,8322160,0,0,0
SA202,20220218,20220218,135511500,13:55:12,2744,154,1025,8322160,0,0,0
SA202,20220218,20220218,135512000,13:55:12,2744,154,1025,8322160,0,0,0
SA202,20220218,20220218,135512500,13:55:13,2744,154,1025,8322160,0,0,0
SA202,20220218,20220218,135518000,13:55:24,2744,154,1025,8322160,0,0,0
SA202,20220218,20220218,135525500,13:55:26,2744,154,1025,8322160,0,0,0
SA202,20220218,20220218,135526000,13:55:27,2744,154,1025,8322160,0,0,0
SA202,20220218,20220218,135526500,13:55:27,2744,154,1025,8322160,0,0,0
SA202,20220218,20220218,135527000,13:55:28,2744,154,1025,8322160,0,0,0
SA202,20220218,20220218,135527500,13:55:28,2744,154,1025,8322160,0,0,0
SA202,20220218,20220218,135528000,13:55:28,2744,154,1025,8322160,0,0,0
SA202,20220218,20220218,135528500,13:55:28,2744,154,1025,8322160,0,0,0
SA202,20220218,20220218,135545000,13:55:45,2744,154,1025,8322160,0,0,0
SA202,20220218,20220218,135545500,13:55:45,2744,154,1025,8322160,0,0,0
SA202,20220218,20220218,135546000,13:55:46,2744,154,1025,8322160,0,0,0
SA202,20220218,20220218,135546500,13:55:47,2744,154,1025,8322160,0,0,0
SA202,20220218,20220218,135547000,13:55:47,2744,154,1025,8322160,0,0,0
SA202,20220218,20220218,135549500,13:55:50,2744,154,1025,8322160,0,0,0
SA202,20220218,20220218,135550000,13:55:50,2744,154,1025,8322160,0,0,0
SA202,20220218,20220218,135550500,13:55:50,2744,154,1025,8322160,0,0,0
SA202,20220218,20220218,135551000,13:55:51,2744,154,1025,8322160,0,0,0
SA202,20220218,20220218,135551500,13:55:52,2744,154,1025,8322160,0,0,0
SA202,20220218,20220218,135559000,13:55:59,2744,154,1025,8322160,0,0,0
SA202,20220218,20220218,135600000,13:56:00,2744,154,1025,8322160,0,0,0
SA202,20220218,20220218,135600500,13:56:02,2744,154,1025,8322160,0,0,0
SA202,20220218,20220218,135601000,13:56:02,2744,154,1025,8322160,0,0,0
SA202,20220218,20220218,135603500,13:56:23,2744,154,1025,8322160,0,0,0
SA202,20220218,20220218,135618500,13:56:23,2744,154,1025,8322160,0,0,0
SA202,20220218,20220218,135619000,13:56:23,2744,154,1025,8322160,0,0,0
SA202,20220218,20220218,135620000,13:56:23,2744,154,1025,8322160,0,0,0
SA202,20220218,20220218,135633500,13:56:35,2744,154,1025,8322160,0,0,0
SA202,20220218,20220218,135635500,13:56:35,2744,154,1025,8322160,0,0,0
SA202,20220218,20220218,135636000,13:56:36,2744,154,1025,8322160,0,0,0
SA202,20220218,20220218,135636500,13:56:38,2744,154,1025,8322160,0,0,0
SA202,20220218,20220218,135641500,13:56:42,2744,154,1025,8322160,0,0,0
SA202,20220218,20220218,135642000,13:56:43,2744,154,1025,8322160,0,0,0
SA202,20220218,20220218,135644000,13:56:44,2744,154,1025,8322160,0,0,0
SA202,20220218,20220218,135644500,13:56:45,2744,154,1025,8322160,0,0,0
SA202,20220218,20220218,135645000,13:56:47,2744,154,1025,8322160,0,0,0
SA202,20220218,20220218,135645500,13:56:47,2744,154,1025,8322160,0,0,0
SA202,20220218,20220218,135646500,13:56:47,2744,154,1025,8322160,0,0,0
SA202,20220218,20220218,135651000,13:56:51,2744,154,1025,8322160,0,0,0
SA202,20220218,20220218,135651500,13:56:52,2744,154,1025,8322160,0,0,0
SA202,20220218,20220218,135655500,13:56:55,2744,154,1025,8322160,0,0,0
SA202,20220218,20220218,135656000,13:56:56,2744,154,1025,8322160,0,0,0
SA202,20220218,20220218,135656500,13:56:56,2744,154,1025,8322160,0,0,0
SA202,20220218,20220218,135657000,13:56:57,2744,154,1025,8322160,0,0,0
SA202,20220218,20220218,135701000,13:57:02,2744,154,1025,8322160,0,0,0
SA202,20220218,20220218,135701500,13:57:02,2744,154,1025,8322160,0,0,0
SA202,20220218,20220218,135706000,13:57:06,2744,154,1025,8322160,0,0,0
