SA203,20220218,20220218,112002500,11:20:09,2733,757,2188,41180800,757,-524,41180800
SA203,20220218,20220218,112012500,11:20:12,2733,757,2188,41180800,0,0,0
SA203,20220218,20220218,112013000,11:20:13,2733,757,2188,41180800,0,0,0
SA203,20220218,20220218,112025500,11:20:26,2733,757,2188,41180800,0,0,0
SA203,20220218,20220218,112026000,11:20:26,2733,757,2188,41180800,0,0,0
SA203,20220218,20220218,112029500,11:20:29,2733,757,2188,41180800,0,0,0
SA203,20220218,20220218,112030000,11:20:31,2733,757,2188,41180800,0,0,0
SA203,20220218,20220218,112033500,11:20:33,2733,757,2188,41180800,0,0,0
SA203,20220218,20220218,112034000,11:20:34,2733,757,2188,41180800,0,0,0
SA203,20220218,20220218,112036500,11:20:36,2733,757,2188,41180800,0,0,0
SA203,20220218,20220218,112040500,11:20:41,2733,757,2188,41180800,0,0,0
SA203,20220218,20220218,112043500,11:20:44,2733,757,2188,41180800,0,0,0
SA203,20220218,20220218,112045500,11:20:46,2733,757,2188,41180800,0,0,0
SA203,20220218,20220218,112046000,11:20:46,2733,757,2188,41180800,0,0,0
SA203,20220218,20220218,112046500,11:20:46,2733,757,2188,41180800,0,0,0
SA203,20220218,20220218,112047000,11:20:47,2733,757,2188,41180800,0,0,0
SA203,20220218,20220218,112047500,11:20:48,2733,757,2188,41180800,0,0,0
SA203,20220218,20220218,112048000,11:20:48,2733,757,2188,41180800,0,0,0
SA203,20220218,20220218,112052000,11:20:53,2733,757,2188,41180800,0,0,0
SA203,20220218,20220218,112052500,11:20:53,2733,757,2188,41180800,0,0,0
SA203,20220218,20220218,112053000,11:20:53,2733,757,2188,41180800,0,0,0
SA203,20220218,20220218,112053500,11:20:53,2733,757,2188,41180800,0,0,0
SA203,20220218,20220218,112054500,11:20:55,2733,757,2188,41180800,0,0,0
SA203,20220218,20220218,112055000,11:20:55,2733,757,2188,41180800,0,0,0
SA203,20220218,20220218,112055500,11:20:56,2733,757,2188,41180800,0,0,0
SA203,20220218,20220218,112056000,11:20:56,2733,757,2188,41180800,0,0,0
SA203,20220218,20220218,112056500,11:20:56,2733,757,2188,41180800,0,0,0
SA203,20220218,20220218,112057000,11:20:58,2733,757,2188,41180800,0,0,0
SA203,20220218,20220218,112057500,11:20:58,2733,757,2188,41180800,0,0,0
SA203,20220218,20220218,112058000,11:20:58,2733,757,2188,41180800,0,0,0
SA203,20220218,20220218,112058500,11:20:59,2733,757,2188,41180800,0,0,0
SA203,20220218,20220218,112059000,11:20:59,2733,757,2188,41180800,0,0,0
SA203,20220218,20220218,112102000,11:21:02,2733,757,2188,41180800,0,0,0
SA203,20220218,20220218,112104000,11:21:04,2733,757,2188,41180800,0,0,0
SA203,20220218,20220218,112106000,11:21:07,2733,757,2188,41180800,0,0,0
SA203,20220218,20220218,112107000,11:21:10,2733,757,2188,41180800,0,0,0
SA203,20220218,20220218,112107500,11:21:10,2733,757,2188,41180800,0,0,0
SA203,20220218,20220218,112110000,11:21:10,2733,757,2188,41180800,0,0,0
SA203,20220218,20220218,112115500,11:21:15,2733,757,2188,41180800,0,0,0
SA203,20220218,20220218,112116000,11:21:16,2733,757,2188,41180800,0,0,0
SA203,20220218,20220218,112116500,11:21:16,2733,757,2188,41180800,0,0,0
SA203,20220218,20220218,112117000,11:21:17,2733,757,2188,41180800,0,0,0
SA203,20220218,20220218,112121000,11:21:22,2733,757,2188,41180800,0,0,0
SA203,20220218,20220218,112121500,11:21:22,2733,757,2188,41180800,0,0,0
SA203,20220218,20220218,112330500,11:23:33,2733,757,2188,41180800,0,0,0
SA203,20220218,20220218,112336000,11:23:36,2733,757,2188,41180800,0,0,0
SA203,20220218,20220218,112339000,11:23:39,2733,757,2188,41180800,0,0,0
SA203,20220218,20220218,112341000,11:23:41,2733,757,2188,41180800,0,0,0
SA203,20220218,20220218,112345000,11:23:48,2733,757,2188,41180800,0,0,0
SA203,20220218,20220218,112347000,11:23:48,2740,778,2185,42338760,21,-3,1157960
SA203,20220218,20220218,112348500,11:23:49,2740,778,2185,42338760,0,0,0
SA203,20220218,20220218,112349000,11:23:49,2740,778,2185,42338760,0,0,0
SA203,20220218,20220218,112350500,11:23:50,2740,778,2185,42338760,0,0,0
SA203,20220218,20220218,112351500,11:23:51,2743,779,2185,42393180,1,0,54420
SA203,20220218,20220218,112352000,11:23:52,2743,779,2185,42393180,0,0,0
SA203,20220218,20220218,112352500,11:23:52,2743,779,2185,42393180,0,0,0
SA203,20220218,20220218,112353000,11:23:53,2743,779,2185,42393180,0,0,0
SA203,20220218,20220218,112354500,11:23:55,2743,779,2185,42393180,0,0,0
SA203,20220218,20220218,112355000,11:23:55,2743,779,2185,42393180,0,0,0
SA203,20220218,20220218,112357000,11:23:57,2743,779,2185,42393180,0,0,0
SA203,20220218,20220218,112359000,11:23:59,2743,779,2185,42393180,0,0,0
SA203,20220218,20220218,112400000,11:24:00,2743,779,2185,42393180,0,0,0
SA203,20220218,20220218,112400500,11:24:00,2743,779,2185,42393180,0,0,0
SA203,20220218,20220218,112402000,11:24:02,2743,779,2185,42393180,0,0,0
SA203,20220218,20220218,112403000,11:24:03,2743,779,2185,42393180,0,0,0
SA203,20220218,20220218,112403500,11:24:03,2743,779,2185,42393180,0,0,0
SA203,20220218,20220218,112404000,11:24:04,2743,779,2185,42393180,0,0,0
SA203,20220218,20220218,112404500,11:24:04,2743,779,2185,42393180,0,0,0
SA203,20220218,20220218,112405000,11:24:05,2743,779,2185,42393180,0,0,0
SA203,20220218,20220218,112405500,11:24:05,2743,779,2185,42393180,0,0,0
SA203,20220218,20220218,112406000,11:24:06,2743,779,2185,42393180,0,0,0
SA203,20220218,20220218,112406500,11:24:06,2743,779,2185,42393180,0,0,0
SA203,20220218,20220218,112407500,11:24:07,2743,779,2185,42393180,0,0,0
SA203,20220218,20220218,112410000,11:24:12,2743,779,2185,42393180,0,0,0
SA203,20220218,20220218,112411000,11:24:12,2743,779,2185,42393180,0,0,0
SA203,20220218,20220218,112411500,11:24:12,2743,779,2185,42393180,0,0,0
SA203,20220218,20220218,112412500,11:24:13,2743,779,2185,42393180,0,0,0
SA203,20220218,20220218,112413500,11:24:14,2743,779,2185,42393180,0,0,0
SA203,20220218,20220218,112416500,11:24:16,2743,779,2185,42393180,0,0,0
SA203,20220218,20220218,112418500,11:24:19,2743,779,2185,42393180,0,0,0
SA203,20220218,20220218,112419500,11:24:19,2743,779,2185,42393180,0,0,0
SA203,20220218,20220218,112420000,11:24:20,2743,779,2185,42393180,0,0,0
SA203,20220218,20220218,112423000,11:24:23,2743,779,2185,42393180,0,0,0
SA203,20220218,20220218,112428000,11:24:28,2743,779,2185,42393180,0,0,0
SA203,20220218,20220218,112428500,11:24:28,2743,779,2185,42393180,0,0,0
SA203,20220218,20220218,112430500,11:24:30,2743,779,2185,42393180,0,0,0
SA203,20220218,20220218,112431000,11:24:31,2743,779,2185,42393180,0,0,0
SA203,20220218,20220218,112431500,11:24:31,2743,779,2185,42393180,0,0,0
SA203,20220218,20220218,112432000,11:24:32,2743,779,2185,42393180,0,0,0
SA203,20220218,20220218,112433500,11:24:33,2743,779,2185,42393180,0,0,0
SA203,20220218,20220218,112435000,11:24:35,2743,779,2185,42393180,0,0,0
SA203,20220218,20220218,112435500,11:24:35,2743,779,2185,42393180,0,0,0
SA203,20220218,20220218,112436500,11:24:36,2743,779,2185,42393180,0,0,0
SA203,20220218,20220218,112437000,11:24:37,2743,779,2185,42393180,0,0,0
SA203,20220218,20220218,112443500,11:24:43,2743,779,2185,42393180,0,0,0
SA203,20220218,20220218,112446000,11:24:46,2743,779,2185,42393180,0,0,0
SA203,20220218,20220218,112448500,11:24:48,2743,779,2185,42393180,0,0,0
SA203,20220218,20220218,112449500,11:24:49,2743,779,2185,42393180,0,0,0
SA203,20220218,20220218,112450500,11:24:50,2743,779,2185,42393180,0,0,0
SA203,20220218,20220218,112454500,11:24:54,2743,779,2185,42393180,0,0,0
SA203,20220218,20220218,112455000,11:24:55,2743,779,2185,42393180,0,0,0
SA203,20220218,20220218,112455500,11:24:56,2743,779,2185,42393180,0,0,0
SA203,20220218,20220218,112456500,11:24:56,2743,779,2185,42393180,0,0,0
SA203,20220218,20220218,112457000,11:24:57,2743,779,2185,42393180,0,0,0
SA203,20220218,20220218,112457500,11:24:57,2743,779,2185,42393180,0,0,0
SA203,20220218,20220218,112458500,11:24:58,2743,779,2185,42393180,0,0,0
SA203,20220218,20220218,112501000,11:25:01,2743,779,2185,42393180,0,0,0
SA203,20220218,20220218,112501500,11:25:03,2743,779,2185,42393180,0,0,0
SA203,20220218,20220218,112502500,11:25:06,2743,779,2185,42393180,0,0,0
SA203,20220218,20220218,112503000,11:25:06,2743,779,2185,42393180,0,0,0
SA203,20220218,20220218,112504500,11:25:06,2743,779,2185,42393180,0,0,0
SA203,20220218,20220218,112505500,11:25:06,2743,779,2185,42393180,0,0,0
SA203,20220218,20220218,112509000,11:25:09,2743,779,2185,42393180,0,0,0
SA203,20220218,20220218,112511000,11:25:11,2743,779,2185,42393180,0,0,0
SA203,20220218,20220218,112519500,11:25:19,2743,779,2185,42393180,0,0,0
SA203,20220218,20220218,112520000,11:25:20,2743,779,2185,42393180,0,0,0
SA203,20220218,20220218,112521500,11:25:22,2743,779,2185,42393180,0,0,0
SA203,20220218,20220218,112522500,11:25:22,2743,779,2185,42393180,0,0,0
SA203,20220218,20220218,112525000,11:25:25,2743,779,2185,42393180,0,0,0
SA203,20220218,20220218,112527500,11:25:28,2743,779,2185,42393180,0,0,0
SA203,20220218,20220218,112528500,11:25:28,2743,779,2185,42393180,0,0,0
SA203,20220218,20220218,112530500,11:25:31,2743,779,2185,42393180,0,0,0
SA203,20220218,20220218,112531000,11:25:31,2743,779,2185,42393180,0,0,0
SA203,20220218,20220218,112532500,11:25:33,2743,779,2185,42393180,0,0,0
SA203,20220218,20220218,112533000,11:25:33,2743,779,2185,42393180,0,0,0
SA203,20220218,20220218,112534000,11:25:34,2743,779,2185,42393180,0,0,0
SA203,20220218,20220218,112534500,11:25:34,2743,779,2185,42393180,0,0,0
SA203,20220218,20220218,112542000,11:25:42,2743,779,2185,42393180,0,0,0
SA203,20220218,20220218,112543000,11:25:43,2743,779,2185,42393180,0,0,0
SA203,20220218,20220218,112543500,11:25:43,2743,779,2185,42393180,0,0,0
SA203,20220218,20220218,112544000,11:25:44,2743,779,2185,42393180,0,0,0
SA203,20220218,20220218,112547500,11:25:48,2743,779,2185,42393180,0,0,0
SA203,20220218,20220218,112548000,11:25:48,2743,779,2185,42393180,0,0,0
SA203,20220218,20220218,112552000,11:25:52,2743,779,2185,42393180,0,0,0
SA203,20220218,20220218,112552500,11:25:52,2743,779,2185,42393180,0,0,0
SA203,20220218,20220218,112556500,11:25:57,2743,779,2185,42393180,0,0,0
SA203,20220218,20220218,112557500,11:25:57,2743,779,2185,42393180,0,0,0
SA203,20220218,20220218,112600000,11:26:00,2743,779,2185,42393180,0,0,0
SA203,20220218,20220218,112600500,11:26:00,2743,779,2185,42393180,0,0,0
SA203,20220218,20220218,112601000,11:26:01,2743,779,2185,42393180,0,0,0
SA203,20220218,20220218,112601500,11:26:01,2743,779,2185,42393180,0,0,0
SA203,20220218,20220218,112604000,11:26:04,2743,779,2185,42393180,0,0,0
SA203,20220218,20220218,112604500,11:26:05,2743,779,2185,42393180,0,0,0
SA203,20220218,20220218,112605000,11:26:05,2743,779,2185,42393180,0,0,0
SA203,20220218,20220218,112607000,11:26:09,2743,779,2185,42393180,0,0,0
SA203,20220218,20220218,112608000,11:26:09,2743,779,2185,42393180,0,0,0
SA203,20220218,20220218,112609000,11:26:09,2743,779,2185,42393180,0,0,0
SA203,20220218,20220218,112610500,11:26:10,2743,779,2185,42393180,0,0,0
SA203,20220218,20220218,112614000,11:26:15,2743,779,2185,42393180,0,0,0
SA203,20220218,20220218,112615000,11:26:16,2743,779,2185,42393180,0,0,0
SA203,20220218,20220218,112616500,11:26:16,2743,779,2185,42393180,0,0,0
SA203,20220218,20220218,112621000,11:26:21,2743,779,2185,42393180,0,0,0
SA203,20220218,20220218,112621500,11:26:21,2743,779,2185,42393180,0,0,0
SA203,20220218,20220218,112625000,11:26:25,2743,779,2185,42393180,0,0,0
SA203,20220218,20220218,112630500,11:26:31,2743,779,2185,42393180,0,0,0
SA203,20220218,20220218,112631000,11:26:31,2743,779,2185,42393180,0,0,0
SA203,20220218,20220218,112632000,11:26:32,2743,779,2185,42393180,0,0,0
SA203,20220218,20220218,112636500,11:26:38,2743,779,2185,42393180,0,0,0
SA203,20220218,20220218,112652000,11:27:10,2743,779,2185,42393180,0,0,0
SA203,20220218,20220218,112709000,11:27:12,2743,779,2185,42393180,0,0,0
SA203,20220218,20220218,112710500,11:27:12,2743,779,2185,42393180,0,0,0
SA203,20220218,20220218,112712000,11:27:12,2743,779,2185,42393180,0,0,0
SA203,20220218,20220218,112715000,11:27:15,2743,779,2185,42393180,0,0,0
SA203,20220218,20220218,112716000,11:27:17,2743,779,2185,42393180,0,0,0
SA203,20220218,20220218,112719000,11:27:19,2743,779,2185,42393180,0,0,0
SA203,20220218,20220218,112720000,11:27:20,2743,779,2185,42393180,0,0,0
SA203,20220218,20220218,112721000,11:27:21,2743,779,2185,42393180,0,0,0
SA203,20220218,20220218,112723500,11:27:27,2743,779,2185,42393180,0,0,0
SA203,20220218,20220218,112724000,11:27:27,2743,779,2185,42393180,0,0,0
SA203,20220218,20220218,112726500,11:27:27,2743,779,2185,42393180,0,0,0
SA203,20220218,20220218,112727000,11:27:27,2743,779,2185,42393180,0,0,0
SA203,20220218,20220218,112727500,11:27:27,2743,779,2185,42393180,0,0,0
SA203,20220218,20220218,112732000,11:27:35,2743,779,2185,42393180,0,0,0
SA203,20220218,20220218,112732500,11:27:36,2743,779,2185,42393180,0,0,0
SA203,20220218,20220218,112735500,11:27:36,2743,779,2185,42393180,0,0,0
SA203,20220218,20220218,112740000,11:27:40,2743,779,2185,42393180,0,0,0
SA203,20220218,20220218,112742000,11:27:42,2743,779,2185,42393180,0,0,0
SA203,20220218,20220218,112742500,11:27:43,2743,779,2185,42393180,0,0,0
SA203,20220218,20220218,112746000,11:27:46,2743,779,2185,42393180,0,0,0
SA203,20220218,20220218,112748000,11:27:48,2743,779,2185,42393180,0,0,0
SA203,20220218,20220218,112749500,11:27:54,2743,779,2185,42393180,0,0,0
SA203,20220218,20220218,112751000,11:27:54,2743,779,2185,42393180,0,0,0
SA203,20220218,20220218,112801000,11:28:01,2743,779,2185,42393180,0,0,0
SA203,20220218,20220218,112803500,11:28:04,2743,779,2185,42393180,0,0,0
SA203,20220218,20220218,112805500,11:28:06,2743,779,2185,42393180,0,0,0
SA203,20220218,20220218,112806000,11:28:10,2743,779,2185,42393180,0,0,0
SA203,20220218,20220218,112810000,11:28:11,2743,779,2185,42393180,0,0,0
SA203,20220218,20220218,112812500,11:28:13,2743,779,2185,42393180,0,0,0
SA203,20220218,20220218,112813000,11:28:13,2743,779,2185,42393180,0,0,0
SA203,20220218,20220218,112813500,11:28:13,2743,779,2185,42393180,0,0,0
SA203,20220218,20220218,112814500,11:28:14,2743,779,2185,42393180,0,0,0
SA203,20220218,20220218,112815500,11:28:15,2743,779,2185,42393180,0,0,0
SA203,20220218,20220218,112816500,11:28:16,2743,779,2185,42393180,0,0,0
SA203,20220218,20220218,112817000,11:28:17,2743,779,2185,42393180,0,0,0
SA203,20220218,20220218,112817500,11:28:17,2743,779,2185,42393180,0,0,0
SA203,20220218,20220218,112818500,11:28:18,2743,779,2185,42393180,0,0,0
SA203,20220218,20220218,112820000,11:28:20,2743,779,2185,42393180,0,0,0
SA203,20220218,20220218,112821500,11:28:22,2743,779,2185,42393180,0,0,0
SA203,20220218,20220218,112822000,11:28:22,2743,779,2185,42393180,0,0,0
SA203,20220218,20220218,112823000,11:28:23,2743,779,2185,42393180,0,0,0
SA203,20220218,20220218,112824000,11:28:24,2743,779,2185,42393180,0,0,0
SA203,20220218,20220218,112825000,11:28:25,2743,779,2185,42393180,0,0,0
SA203,20220218,20220218,112826500,11:28:26,2743,779,2185,42393180,0,0,0
SA203,20220218,20220218,112827500,11:28:27,2743,779,2185,42393180,0,0,0
SA203,20220218,20220218,112829000,11:28:29,2743,779,2185,42393180,0,0,0
SA203,20220218,20220218,112831000,11:28:31,2743,779,2185,42393180,0,0,0
SA203,20220218,20220218,112833500,11:28:33,2743,779,2185,42393180,0,0,0
SA203,20220218,20220218,112836000,11:28:37,2743,779,2185,42393180,0,0,0
SA203,20220218,20220218,112843500,11:28:44,2743,779,2185,42393180,0,0,0
SA203,20220218,20220218,112847000,11:28:47,2743,779,2185,42393180,0,0,0
SA203,20220218,20220218,112848500,11:28:48,2743,779,2185,42393180,0,0,0
SA203,20220218,20220218,112849000,11:28:49,2743,779,2185,42393180,0,0,0
SA203,20220218,20220218,112849500,11:28:50,2743,779,2185,42393180,0,0,0
SA203,20220218,20220218,112854500,11:28:54,2743,779,2185,42393180,0,0,0
SA203,20220218,20220218,112856500,11:28:56,2743,779,2185,42393180,0,0,0
SA203,20220218,20220218,112857500,11:28:58,2743,779,2185,42393180,0,0,0
SA203,20220218,20220218,112858000,11:28:58,2743,779,2185,42393180,0,0,0
SA203,20220218,20220218,112858500,11:28:59,2743,779,2185,42393180,0,0,0
SA203,20220218,20220218,112900500,11:29:01,2743,779,2185,42393180,0,0,0
SA203,20220218,20220218,112902000,11:29:02,2743,779,2185,42393180,0,0,0
SA203,20220218,20220218,112908000,11:29:08,2743,779,2185,42393180,0,0,0
SA203,20220218,20220218,112909500,11:29:09,2743,779,2185,42393180,0,0,0
SA203,20220218,20220218,112910500,11:29:10,2743,779,2185,42393180,0,0,0
SA203,20220218,20220218,112911500,11:29:12,2743,779,2185,42393180,0,0,0
SA203,20220218,20220218,112913500,11:29:14,2743,779,2185,42393180,0,0,0
SA203,20220218,20220218,112914000,11:29:14,2743,779,2185,42393180,0,0,0
SA203,20220218,20220218,112916000,11:29:16,2743,779,2185,42393180,0,0,0
SA203,20220218,20220218,112920500,11:29:21,2743,779,2185,42393180,0,0,0
SA203,20220218,20220218,112924000,11:29:24,2743,779,2185,42393180,0,0,0
SA203,20220218,20220218,112926500,11:29:26,2743,779,2185,42393180,0,0,0
SA203,20220218,20220218,112927000,11:29:27,2743,779,2185,42393180,0,0,0
SA203,20220218,20220218,112931000,11:29:32,2760,780,2185,42447600,1,0,54420
SA203,20220218,20220218,112931500,11:29:32,2760,780,2185,42447600,0,0,0
SA203,20220218,20220218,112933000,11:29:37,2760,780,2185,42447600,0,0,0
SA203,20220218,20220218,112936000,11:29:38,2760,780,2185,42447600,0,0,0
SA203,20220218,20220218,112938500,11:29:39,2760,780,2185,42447600,0,0,0
SA203,20220218,20220218,112939500,11:29:39,2760,780,2185,42447600,0,0,0
SA203,20220218,20220218,112941500,11:29:42,2760,780,2185,42447600,0,0,0
SA203,20220218,20220218,112942500,11:29:44,2760,780,2185,42447600,0,0,0
SA203,20220218,20220218,112944500,11:29:45,2760,780,2185,42447600,0,0,0
SA203,20220218,20220218,112948000,11:29:48,2760,780,2185,42447600,0,0,0
SA203,20220218,20220218,112949500,11:29:50,2760,780,2185,42447600,0,0,0
SA203,20220218,20220218,112950500,11:29:51,2760,780,2185,42447600,0,0,0
SA203,20220218,20220218,112951500,11:29:52,2760,780,2185,42447600,0,0,0
SA203,20220218,20220218,112953000,11:29:53,2760,780,2185,42447600,0,0,0
SA203,20220218,20220218,112954000,11:29:54,2760,780,2185,42447600,0,0,0
SA203,20220218,20220218,112954500,11:29:54,2760,780,2185,42447600,0,0,0
SA203,20220218,20220218,112955500,11:29:55,2760,780,2185,42447600,0,0,0
SA203,20220218,20220218,112956500,11:30:00,2760,780,2185,42447600,0,0,0
SA203,20220218,20220218,112959500,11:30:02,2760,780,2185,42447600,0,0,0
SA203,20220218,20220218,133001000,13:30:01,2760,780,2185,42447600,0,0,0
SA203,20220218,20220218,133001500,13:30:01,2760,780,2185,42447600,0,0,0
SA203,20220218,20220218,133002000,13:30:08,2760,780,2185,42447600,0,0,0
SA203,20220218,20220218,133002500,13:30:09,2760,780,2185,42447600,0,0,0
SA203,20220218,20220218,133008500,13:30:10,2760,780,2185,42447600,0,0,0
SA203,20220218,20220218,133009000,13:30:10,2760,780,2185,42447600,0,0,0
SA203,20220218,20220218,133012500,13:30:13,2760,780,2185,42447600,0,0,0
SA203,20220218,20220218,133013000,13:30:13,2760,780,2185,42447600,0,0,0
SA203,20220218,20220218,133014000,13:30:15,2760,780,2185,42447600,0,0,0
SA203,20220218,20220218,133017000,13:30:18,2760,780,2185,42447600,0,0,0
SA203,20220218,20220218,133021000,13:30:21,2760,780,2185,42447600,0,0,0
SA203,20220218,20220218,133022000,13:30:22,2760,780,2185,42447600,0,0,0
SA203,20220218,20220218,133022500,13:30:38,2760,780,2185,42447600,0,0,0
SA203,20220218,20220218,133023000,13:30:38,2760,780,2185,42447600,0,0,0
SA203,20220218,20220218,133038000,13:30:40,2760,780,2185,42447600,0,0,0
SA203,20220218,20220218,133040500,13:30:42,2760,780,2185,42447600,0,0,0
SA203,20220218,20220218,133043500,13:30:44,2760,780,2185,42447600,0,0,0
SA203,20220218,20220218,133044000,13:30:46,2760,780,2185,42447600,0,0,0
SA203,20220218,20220218,133045000,13:30:46,2760,780,2185,42447600,0,0,0
SA203,20220218,20220218,133046000,13:30:47,2760,780,2185,42447600,0,0,0
SA203,20220218,20220218,133046500,13:30:47,2760,780,2185,42447600,0,0,0
SA203,20220218,20220218,133047000,13:30:47,2760,780,2185,42447600,0,0,0
SA203,20220218,20220218,133048000,13:30:48,2760,780,2185,42447600,0,0,0
SA203,20220218,20220218,133049000,13:30:50,2760,780,2185,42447600,0,0,0
SA203,20220218,20220218,133049500,13:30:50,2760,780,2185,42447600,0,0,0
SA203,20220218,20220218,133050500,13:30:51,2760,780,2185,42447600,0,0,0
SA203,20220218,20220218,133052500,13:30:53,2760,780,2185,42447600,0,0,0
SA203,20220218,20220218,133053000,13:30:54,2760,780,2185,42447600,0,0,0
SA203,20220218,20220218,133054000,13:30:54,2760,780,2185,42447600,0,0,0
SA203,20220218,20220218,133054500,13:30:55,2760,780,2185,42447600,0,0,0
SA203,20220218,20220218,133055000,13:30:55,2760,780,2185,42447600,0,0,0
SA203,20220218,20220218,133100000,13:31:00,2760,780,2185,42447600,0,0,0
SA203,20220218,20220218,133100500,13:31:00,2760,780,2185,42447600,0,0,0
SA203,20220218,20220218,133101000,13:31:01,2760,780,2185,42447600,0,0,0
SA203,20220218,20220218,133101500,13:31:01,2760,780,2185,42447600,0,0,0
SA203,20220218,20220218,133102000,13:31:02,2760,780,2185,42447600,0,0,0
SA203,20220218,20220218,133103500,13:31:04,2760,780,2185,42447600,0,0,0
SA203,20220218,20220218,133104500,13:31:06,2760,780,2185,42447600,0,0,0
SA203,20220218,20220218,133105000,13:31:07,2760,780,2185,42447600,0,0,0
SA203,20220218,20220218,133107500,13:31:08,2760,780,2185,42447600,0,0,0
SA203,20220218,20220218,133108500,13:31:09,2760,780,2185,42447600,0,0,0
SA203,20220218,20220218,133109000,13:31:09,2760,780,2185,42447600,0,0,0
SA203,20220218,20220218,133112500,13:31:13,2760,780,2185,42447600,0,0,0
SA203,20220218,20220218,133115000,13:31:15,2760,780,2185,42447600,0,0,0
SA203,20220218,20220218,133116500,13:31:17,2760,780,2185,42447600,0,0,0
SA203,20220218,20220218,133118000,13:31:18,2760,780,2185,42447600,0,0,0
SA203,20220218,20220218,133119000,13:31:19,2760,780,2185,42447600,0,0,0
SA203,20220218,20220218,133121000,13:31:21,2760,780,2185,42447600,0,0,0
SA203,20220218,20220218,133121500,13:31:22,2760,780,2185,42447600,0,0,0
SA203,20220218,20220218,133124000,13:31:25,2760,780,2185,42447600,0,0,0
SA203,20220218,20220218,133158500,13:31:58,2760,780,2185,42447600,0,0,0
SA203,20220218,20220218,133159500,13:32:00,2760,780,2185,42447600,0,0,0
SA203,20220218,20220218,133200000,13:32:00,2760,780,2185,42447600,0,0,0
SA203,20220218,20220218,133200500,13:32:01,2760,780,2185,42447600,0,0,0
SA203,20220218,20220218,133201000,13:32:01,2760,780,2185,42447600,0,0,0
SA203,20220218,20220218,133204000,13:32:05,2760,780,2185,42447600,0,0,0
SA203,20220218,20220218,133205000,13:32:05,2760,780,2185,42447600,0,0,0
SA203,20220218,20220218,133208000,13:32:09,2760,780,2185,42447600,0,0,0
SA203,20220218,20220218,133210500,13:32:13,2760,780,2185,42447600,0,0,0
SA203,20220218,20220218,133211000,13:32:14,2760,780,2185,42447600,0,0,0
SA203,20220218,20220218,133213000,13:32:15,2760,780,2185,42447600,0,0,0
SA203,20220218,20220218,133213500,13:32:15,2760,780,2185,42447600,0,0,0
SA203,20220218,20220218,133216000,13:32:17,2760,780,2185,42447600,0,0,0
SA203,20220218,20220218,133216500,13:32:17,2760,780,2185,42447600,0,0,0
SA203,20220218,20220218,133217000,13:32:17,2760,780,2185,42447600,0,0,0
SA203,20220218,20220218,133217500,13:32:18,2760,780,2185,42447600,0,0,0
SA203,20220218,20220218,133220000,13:32:20,2760,780,2185,42447600,0,0,0
SA203,20220218,20220218,133221500,13:32:22,2760,780,2185,42447600,0,0,0
SA203,20220218,20220218,133222500,13:32:23,2760,780,2185,42447600,0,0,0
SA203,20220218,20220218,133223500,13:32:24,2760,780,2185,42447600,0,0,0
SA203,20220218,20220218,133225000,13:32:25,2760,780,2185,42447600,0,0,0
SA203,20220218,20220218,133229500,13:32:34,2760,780,2185,42447600,0,0,0
SA203,20220218,20220218,133237000,13:32:37,2760,780,2185,42447600,0,0,0
SA203,20220218,20220218,133239500,13:32:40,2760,780,2185,42447600,0,0,0
SA203,20220218,20220218,133240000,13:32:40,2760,780,2185,42447600,0,0,0
SA203,20220218,20220218,133242500,13:32:42,2760,780,2185,42447600,0,0,0
SA203,20220218,20220218,133246500,13:32:47,2760,780,2185,42447600,0,0,0
SA203,20220218,20220218,133247000,13:32:47,2760,780,2185,42447600,0,0,0
SA203,20220218,20220218,133254000,13:32:54,2760,780,2185,42447600,0,0,0
SA203,20220218,20220218,133254500,13:32:55,2760,780,2185,42447600,0,0,0
SA203,20220218,20220218,133257000,13:32:59,2760,780,2185,42447600,0,0,0
SA203,20220218,20220218,133257500,13:33:00,2760,780,2185,42447600,0,0,0
SA203,20220218,20220218,133258000,13:33:00,2760,780,2185,42447600,0,0,0
SA203,20220218,20220218,133302000,13:33:03,2760,780,2185,42447600,0,0,0
SA203,20220218,20220218,133304000,13:33:04,2760,780,2185,42447600,0,0,0
SA203,20220218,20220218,133307500,13:33:08,2760,780,2185,42447600,0,0,0
SA203,20220218,20220218,133308000,13:33:08,2760,780,2185,42447600,0,0,0
SA203,20220218,20220218,133312500,13:33:14,2760,780,2185,42447600,0,0,0
SA203,20220218,20220218,133313500,13:33:14,2760,780,2185,42447600,0,0,0
SA203,20220218,20220218,133317000,13:33:18,2760,780,2185,42447600,0,0,0
SA203,20220218,20220218,133318000,13:33:19,2760,780,2185,42447600,0,0,0
SA203,20220218,20220218,133324000,13:33:24,2760,780,2185,42447600,0,0,0
SA203,20220218,20220218,133332500,13:33:32,2760,780,2185,42447600,0,0,0
SA203,20220218,20220218,133333000,13:33:33,2760,780,2185,42447600,0,0,0
SA203,20220218,20220218,133333500,13:33:33,2760,780,2185,42447600,0,0,0
SA203,20220218,20220218,133335500,13:33:35,2760,780,2185,42447600,0,0,0
SA203,20220218,20220218,133336000,13:33:36,2760,780,2185,42447600,0,0,0
SA203,20220218,20220218,133337000,13:33:37,2760,780,2185,42447600,0,0,0
SA203,20220218,20220218,133337500,13:33:37,2760,780,2185,42447600,0,0,0
SA203,20220218,20220218,133339000,13:33:39,2760,780,2185,42447600,0,0,0
SA203,20220218,20220218,133339500,13:33:40,2760,780,2185,42447600,0,0,0
SA203,20220218,20220218,133353500,13:33:53,2760,780,2185,42447600,0,0,0
SA203,20220218,20220218,133354500,13:33:54,2760,780,2185,42447600,0,0,0
SA203,20220218,20220218,133408500,13:34:11,2760,780,2185,42447600,0,0,0
SA203,20220218,20220218,133411500,13:34:12,2760,780,2185,42447600,0,0,0
SA203,20220218,20220218,133413000,13:34:13,2760,780,2185,42447600,0,0,0
SA203,20220218,20220218,133420000,13:34:20,2760,780,2185,42447600,0,0,0
SA203,20220218,20220218,133424500,13:34:24,2760,780,2185,42447600,0,0,0
SA203,20220218,20220218,133436000,13:34:36,2760,780,2185,42447600,0,0,0
SA203,20220218,20220218,133436500,13:34:36,2760,780,2185,42447600,0,0,0
SA203,20220218,20220218,133437000,13:34:37,2760,780,2185,42447600,0,0,0
SA203,20220218,20220218,133440500,13:34:41,2760,780,2185,42447600,0,0,0
SA203,20220218,20220218,133444000,13:34:45,2760,780,2185,42447600,0,0,0
SA203,20220218,20220218,133445000,13:34:46,2760,780,2185,42447600,0,0,0
SA203,20220218,20220218,133449500,13:34:49,2760,780,2185,42447600,0,0,0
SA203,20220218,20220218,133458500,13:34:59,2760,780,2185,42447600,0,0,0
SA203,20220218,20220218,133501000,13:35:04,2760,780,2185,42447600,0,0,0
SA203,20220218,20220218,133504500,13:35:10,2760,780,2185,42447600,0,0,0
SA203,20220218,20220218,133510000,13:35:10,2760,780,2185,42447600,0,0,0
SA203,20220218,20220218,133511000,13:35:11,2760,780,2185,42447600,0,0,0
SA203,20220218,20220218,133511500,13:35:11,2760,780,2185,42447600,0,0,0
SA203,20220218,20220218,133514000,13:35:14,2760,780,2185,42447600,0,0,0
SA203,20220218,20220218,133521500,13:35:22,2760,780,2185,42447600,0,0,0
SA203,20220218,20220218,133525000,13:35:25,2760,780,2185,42447600,0,0,0
SA203,20220218,20220218,133525500,13:35:26,2760,780,2185,42447600,0,0,0
SA203,20220218,20220218,133526000,13:35:26,2760,780,2185,42447600,0,0,0
SA203,20220218,20220218,133526500,13:35:27,2760,780,2185,42447600,0,0,0
SA203,20220218,20220218,133527500,13:35:31,2760,780,2185,42447600,0,0,0
SA203,20220218,20220218,133528500,13:35:32,2760,780,2185,42447600,0,0,0
SA203,20220218,20220218,133531000,13:35:32,2760,780,2185,42447600,0,0,0
SA203,20220218,20220218,133532000,13:35:41,2760,780,2185,42447600,0,0,0
SA203,20220218,20220218,133540500,13:35:43,2760,780,2185,42447600,0,0,0
SA203,20220218,20220218,133543500,13:35:44,2760,780,2185,42447600,0,0,0
SA203,20220218,20220218,133544500,13:35:45,2760,780,2185,42447600,0,0,0
SA203,20220218,20220218,133549500,13:35:49,2760,780,2185,42447600,0,0,0
SA203,20220218,20220218,133554000,13:35:55,2760,780,2185,42447600,0,0,0
SA203,20220218,20220218,133556000,13:35:56,2760,780,2185,42447600,0,0,0
SA203,20220218,20220218,133558000,13:36:01,2760,780,2185,42447600,0,0,0
SA203,20220218,20220218,133559000,13:36:03,2760,780,2185,42447600,0,0,0
SA203,20220218,20220218,133601500,13:36:03,2760,780,2185,42447600,0,0,0
SA203,20220218,20220218,133602000,13:36:03,2760,780,2185,42447600,0,0,0
SA203,20220218,20220218,133603000,13:36:05,2760,780,2185,42447600,0,0,0
SA203,20220218,20220218,133604000,13:36:05,2760,780,2185,42447600,0,0,0
SA203,20220218,20220218,133605000,13:36:06,2760,780,2185,42447600,0,0,0
SA203,20220218,20220218,133606500,13:36:07,2760,780,2185,42447600,0,0,0
SA203,20220218,20220218,133607000,13:36:07,2760,780,2185,42447600,0,0,0
SA203,20220218,20220218,133610000,13:36:10,2760,780,2185,42447600,0,0,0
SA203,20220218,20220218,133610500,13:36:11,2760,780,2185,42447600,0,0,0
SA203,20220218,20220218,133611000,13:36:12,2760,780,2185,42447600,0,0,0
SA203,20220218,20220218,133611500,13:36:12,2760,780,2185,42447600,0,0,0
SA203,20220218,20220218,133615500,13:36:15,2760,780,2185,42447600,0,0,0
SA203,20220218,20220218,133616000,13:36:16,2760,780,2185,42447600,0,0,0
SA203,20220218,20220218,133617000,13:36:17,2760,780,2185,42447600,0,0,0
SA203,20220218,20220218,133617500,13:36:19,2760,780,2185,42447600,0,0,0
SA203,20220218,20220218,133618500,13:36:19,2760,780,2185,42447600,0,0,0
SA203,20220218,20220218,133622000,13:36:22,2760,780,2185,42447600,0,0,0
SA203,20220218,20220218,133623000,13:36:23,2760,780,2185,42447600,0,0,0
SA203,20220218,20220218,133623500,13:36:23,2760,780,2185,42447600,0,0,0
SA203,20220218,20220218,133633500,13:36:33,2760,780,2185,42447600,0,0,0
SA203,20220218,20220218,133635000,13:36:35,2760,780,2185,42447600,0,0,0
SA203,20220218,20220218,133639500,13:36:39,2760,780,2185,42447600,0,0,0
SA203,20220218,20220218,133640000,13:36:40,2760,780,2185,42447600,0,0,0
SA203,20220218,20220218,133642000,13:36:42,2760,780,2185,42447600,0,0,0
SA203,20220218,20220218,133643500,13:36:44,2760,780,2185,42447600,0,0,0
SA203,20220218,20220218,133644000,13:36:44,2760,780,2185,42447600,0,0,0
SA203,20220218,20220218,133645000,13:36:45,2760,780,2185,42447600,0,0,0
SA203,20220218,20220218,133646000,13:36:46,2760,780,2185,42447600,0,0,0
SA203,20220218,20220218,133646500,13:36:46,2760,780,2185,42447600,0,0,0
SA203,20220218,20220218,133649000,13:36:49,2760,780,2185,42447600,0,0,0
SA203,20220218,20220218,133651000,13:36:51,2760,780,2185,42447600,0,0,0
SA203,20220218,20220218,133652500,13:36:53,2760,780,2185,42447600,0,0,0
SA203,20220218,20220218,133653000,13:36:53,2760,780,2185,42447600,0,0,0
SA203,20220218,20220218,133654500,13:36:54,2760,780,2185,42447600,0,0,0
SA203,20220218,20220218,133702000,13:37:02,2760,780,2185,42447600,0,0,0
SA203,20220218,20220218,133711000,13:37:11,2760,780,2185,42447600,0,0,0
SA203,20220218,20220218,133711500,13:37:13,2760,780,2185,42447600,0,0,0
SA203,20220218,20220218,133716000,13:37:16,2760,780,2185,42447600,0,0,0
SA203,20220218,20220218,133725500,13:37:26,2760,780,2185,42447600,0,0,0
SA203,20220218,20220218,133733000,13:37:33,2760,780,2185,42447600,0,0,0
SA203,20220218,20220218,133740000,13:37:40,2760,780,2185,42447600,0,0,0
SA203,20220218,20220218,133741500,13:37:41,2760,780,2185,42447600,0,0,0
SA203,20220218,20220218,133742000,13:37:42,2760,780,2185,42447600,0,0,0
SA203,20220218,20220218,133743000,13:37:43,2760,780,2185,42447600,0,0,0
SA203,20220218,20220218,133746500,13:37:47,2760,780,2185,42447600,0,0,0
SA203,20220218,20220218,133747000,13:37:47,2760,780,2185,42447600,0,0,0
SA203,20220218,20220218,133801500,13:38:03,2760,780,2185,42447600,0,0,0
SA203,20220218,20220218,133807500,13:38:09,2760,780,2185,42447600,0,0,0
SA203,20220218,20220218,133810000,13:38:10,2760,780,2185,42447600,0,0,0
SA203,20220218,20220218,133817500,13:38:18,2760,780,2185,42447600,0,0,0
SA203,20220218,20220218,133818000,13:38:18,2760,780,2185,42447600,0,0,0
SA203,20220218,20220218,133818500,13:38:18,2760,780,2185,42447600,0,0,0
SA203,20220218,20220218,133821000,13:38:22,2760,780,2185,42447600,0,0,0
SA203,20220218,20220218,133837500,13:38:42,2760,780,2185,42447600,0,0,0
SA203,20220218,20220218,133850000,13:38:50,2760,780,2185,42447600,0,0,0
SA203,20220218,20220218,133854000,13:38:54,2760,780,2185,42447600,0,0,0
SA203,20220218,20220218,133913500,13:39:13,2760,780,2185,42447600,0,0,0
SA203,20220218,20220218,133914000,13:39:15,2760,780,2185,42447600,0,0,0
SA203,20220218,20220218,133914500,13:39:15,2760,782,2187,42556440,2,2,108840
SA203,20220218,20220218,133921500,13:39:21,2760,782,2187,42556440,0,0,0
SA203,20220218,20220218,133934500,13:39:34,2760,782,2187,42556440,0,0,0
SA203,20220218,20220218,133936000,13:39:36,2760,782,2187,42556440,0,0,0
SA203,20220218,20220218,133937000,13:39:37,2760,782,2187,42556440,0,0,0
SA203,20220218,20220218,133945000,13:39:45,2760,782,2187,42556440,0,0,0
SA203,20220218,20220218,133945500,13:39:46,2760,782,2187,42556440,0,0,0
SA203,20220218,20220218,133946000,13:39:46,2760,782,2187,42556440,0,0,0
SA203,20220218,20220218,133949000,13:39:49,2760,782,2187,42556440,0,0,0
SA203,20220218,20220218,133954000,13:39:54,2760,782,2187,42556440,0,0,0
SA203,20220218,20220218,133955000,13:39:55,2760,782,2187,42556440,0,0,0
SA203,20220218,20220218,133955500,13:39:55,2760,782,2187,42556440,0,0,0
SA203,20220218,20220218,133956000,13:39:56,2760,782,2187,42556440,0,0,0
SA203,20220218,20220218,133956500,13:39:57,2760,782,2187,42556440,0,0,0
SA203,20220218,20220218,133958000,13:40:13,2760,782,2187,42556440,0,0,0
SA203,20220218,20220218,134006000,13:40:13,2760,782,2187,42556440,0,0,0
SA203,20220218,20220218,134016500,13:40:17,2760,782,2187,42556440,0,0,0
SA203,20220218,20220218,134020000,13:40:20,2760,782,2187,42556440,0,0,0
SA203,20220218,20220218,134021000,13:40:21,2760,782,2187,42556440,0,0,0
SA203,20220218,20220218,134027000,13:40:27,2760,782,2187,42556440,0,0,0
SA203,20220218,20220218,134029500,13:40:30,2760,782,2187,42556440,0,0,0
SA203,20220218,20220218,134030000,13:40:30,2760,782,2187,42556440,0,0,0
SA203,20220218,20220218,134030500,13:40:30,2760,782,2187,42556440,0,0,0
SA203,20220218,20220218,134031500,13:40:31,2760,782,2187,42556440,0,0,0
SA203,20220218,20220218,134032500,13:40:32,2760,782,2187,42556440,0,0,0
SA203,20220218,20220218,134033500,13:40:34,2760,782,2187,42556440,0,0,0
SA203,20220218,20220218,134038000,13:40:38,2760,782,2187,42556440,0,0,0
SA203,20220218,20220218,134038500,13:40:38,2760,782,2187,42556440,0,0,0
SA203,20220218,20220218,134039000,13:40:40,2760,782,2187,42556440,0,0,0
SA203,20220218,20220218,134041000,13:40:42,2760,782,2187,42556440,0,0,0
SA203,20220218,20220218,134043500,13:40:44,2760,782,2187,42556440,0,0,0
SA203,20220218,20220218,134045500,13:40:45,2760,782,2187,42556440,0,0,0
SA203,20220218,20220218,134054500,13:40:55,2760,782,2187,42556440,0,0,0
SA203,20220218,20220218,134107500,13:41:09,2760,782,2187,42556440,0,0,0
SA203,20220218,20220218,134108500,13:41:10,2760,782,2187,42556440,0,0,0
SA203,20220218,20220218,134111500,13:41:11,2760,782,2187,42556440,0,0,0
SA203,20220218,20220218,134112000,13:41:12,2760,782,2187,42556440,0,0,0
SA203,20220218,20220218,134113000,13:41:13,2760,782,2187,42556440,0,0,0
SA203,20220218,20220218,134114000,13:41:14,2760,782,2187,42556440,0,0,0
SA203,20220218,20220218,134123000,13:41:24,2760,782,2187,42556440,0,0,0
SA203,20220218,20220218,134123500,13:41:24,2760,782,2187,42556440,0,0,0
SA203,20220218,20220218,134124000,13:41:24,2760,782,2187,42556440,0,0,0
SA203,20220218,20220218,134128000,13:41:28,2760,782,2187,42556440,0,0,0
SA203,20220218,20220218,134129000,13:41:29,2760,782,2187,42556440,0,0,0
SA203,20220218,20220218,134130000,13:41:30,2762,784,2187,42665280,2,0,108840
SA203,20220218,20220218,134130500,13:41:31,2762,787,2187,42828540,3,0,163260
SA203,20220218,20220218,134131000,13:41:31,2762,793,2181,43155060,6,-6,326520
SA203,20220218,20220218,134131500,13:41:31,2762,793,2181,43155060,0,0,0
SA203,20220218,20220218,134132000,13:41:32,2762,793,2181,43155060,0,0,0
SA203,20220218,20220218,134132500,13:41:33,2762,793,2181,43155060,0,0,0
SA203,20220218,20220218,134133000,13:41:33,2762,793,2181,43155060,0,0,0
SA203,20220218,20220218,134133500,13:41:33,2762,793,2181,43155060,0,0,0
SA203,20220218,20220218,134134000,13:41:34,2762,793,2181,43155060,0,0,0
SA203,20220218,20220218,134134500,13:41:34,2762,793,2181,43155060,0,0,0
SA203,20220218,20220218,134135000,13:41:35,2762,793,2181,43155060,0,0,0
SA203,20220218,20220218,134135500,13:41:35,2762,793,2181,43155060,0,0,0
SA203,20220218,20220218,134136500,13:41:39,2762,793,2181,43155060,0,0,0
SA203,20220218,20220218,134137000,13:41:40,2762,793,2181,43155060,0,0,0
SA203,20220218,20220218,134139500,13:41:41,2762,793,2181,43155060,0,0,0
SA203,20220218,20220218,134140000,13:41:42,2762,793,2181,43155060,0,0,0
SA203,20220218,20220218,134140500,13:41:42,2762,793,2181,43155060,0,0,0
SA203,20220218,20220218,134141000,13:41:42,2762,793,2181,43155060,0,0,0
SA203,20220218,20220218,134142000,13:41:42,2762,793,2181,43155060,0,0,0
SA203,20220218,20220218,134142500,13:41:42,2762,793,2181,43155060,0,0,0
SA203,20220218,20220218,134143500,13:41:44,2762,793,2181,43155060,0,0,0
SA203,20220218,20220218,134144000,13:41:44,2762,793,2181,43155060,0,0,0
SA203,20220218,20220218,134144500,13:41:44,2762,793,2181,43155060,0,0,0
SA203,20220218,20220218,134145000,13:41:45,2762,793,2181,43155060,0,0,0
SA203,20220218,20220218,134145500,13:41:45,2762,793,2181,43155060,0,0,0
SA203,20220218,20220218,134147000,13:41:47,2762,793,2181,43155060,0,0,0
SA203,20220218,20220218,134147500,13:41:48,2762,793,2181,43155060,0,0,0
SA203,20220218,20220218,134148000,13:41:48,2762,793,2181,43155060,0,0,0
SA203,20220218,20220218,134148500,13:41:48,2762,793,2181,43155060,0,0,0
SA203,20220218,20220218,134149000,13:41:49,2762,793,2181,43155060,0,0,0
SA203,20220218,20220218,134149500,13:41:50,2762,793,2181,43155060,0,0,0
SA203,20220218,20220218,134150000,13:41:50,2762,793,2181,43155060,0,0,0
SA203,20220218,20220218,134150500,13:41:51,2762,793,2181,43155060,0,0,0
SA203,20220218,20220218,134151000,13:41:51,2762,793,2181,43155060,0,0,0
SA203,20220218,20220218,134151500,13:41:52,2762,793,2181,43155060,0,0,0
SA203,20220218,20220218,134152000,13:41:52,2762,793,2181,43155060,0,0,0
SA203,20220218,20220218,134152500,13:41:52,2762,793,2181,43155060,0,0,0
SA203,20220218,20220218,134153000,13:41:53,2762,793,2181,43155060,0,0,0
SA203,20220218,20220218,134153500,13:41:54,2762,793,2181,43155060,0,0,0
SA203,20220218,20220218,134154000,13:42:01,2762,793,2181,43155060,0,0,0
SA203,20220218,20220218,134154500,13:42:02,2762,793,2181,43155060,0,0,0
SA203,20220218,20220218,134155000,13:42:04,2762,793,2181,43155060,0,0,0
SA203,20220218,20220218,134202000,13:42:10,2762,793,2181,43155060,0,0,0
SA203,20220218,20220218,134208500,13:42:12,2762,793,2181,43155060,0,0,0
SA203,20220218,20220218,134211000,13:42:12,2762,793,2181,43155060,0,0,0
SA203,20220218,20220218,134211500,13:42:12,2762,793,2181,43155060,0,0,0
SA203,20220218,20220218,134212000,13:42:13,2762,793,2181,43155060,0,0,0
SA203,20220218,20220218,134214500,13:42:15,2762,793,2181,43155060,0,0,0
SA203,20220218,20220218,134215000,13:42:15,2762,793,2181,43155060,0,0,0
SA203,20220218,20220218,134215500,13:42:16,2762,793,2181,43155060,0,0,0
SA203,20220218,20220218,134216000,13:42:16,2762,793,2181,43155060,0,0,0
SA203,20220218,20220218,134217000,13:42:18,2762,793,2181,43155060,0,0,0
SA203,20220218,20220218,134217500,13:42:19,2762,793,2181,43155060,0,0,0
SA203,20220218,20220218,134218000,13:42:20,2762,793,2181,43155060,0,0,0
SA203,20220218,20220218,134218500,13:42:20,2762,793,2181,43155060,0,0,0
SA203,20220218,20220218,134219500,13:42:20,2762,793,2181,43155060,0,0,0
SA203,20220218,20220218,134221000,13:42:21,2762,793,2181,43155060,0,0,0
SA203,20220218,20220218,134221500,13:42:22,2762,793,2181,43155060,0,0,0
SA203,20220218,20220218,134222000,13:42:22,2762,793,2181,43155060,0,0,0
SA203,20220218,20220218,134222500,13:42:22,2762,793,2181,43155060,0,0,0
SA203,20220218,20220218,134223000,13:42:23,2762,793,2181,43155060,0,0,0
SA203,20220218,20220218,134223500,13:42:24,2762,793,2181,43155060,0,0,0
SA203,20220218,20220218,134224000,13:42:24,2762,793,2181,43155060,0,0,0
SA203,20220218,20220218,134225500,13:42:25,2762,793,2181,43155060,0,0,0
SA203,20220218,20220218,134226500,13:42:27,2762,793,2181,43155060,0,0,0
SA203,20220218,20220218,134227500,13:42:28,2762,793,2181,43155060,0,0,0
SA203,20220218,20220218,134249000,13:42:49,2762,793,2181,43155060,0,0,0
SA203,20220218,20220218,134254500,13:42:54,2762,793,2181,43155060,0,0,0
SA203,20220218,20220218,134255500,13:42:55,2762,793,2181,43155060,0,0,0
SA203,20220218,20220218,134257000,13:42:59,2762,793,2181,43155060,0,0,0
SA203,20220218,20220218,134303000,13:43:05,2762,793,2181,43155060,0,0,0
SA203,20220218,20220218,134303500,13:43:11,2762,793,2181,43155060,0,0,0
SA203,20220218,20220218,134304000,13:43:11,2762,793,2181,43155060,0,0,0
SA203,20220218,20220218,134304500,13:43:11,2762,793,2181,43155060,0,0,0
SA203,20220218,20220218,134310500,13:43:12,2762,793,2181,43155060,0,0,0
SA203,20220218,20220218,134311000,13:43:14,2762,793,2181,43155060,0,0,0
SA203,20220218,20220218,134312500,13:43:14,2762,793,2181,43155060,0,0,0
SA203,20220218,20220218,134313000,13:43:14,2762,793,2181,43155060,0,0,0
SA203,20220218,20220218,134314000,13:43:14,2762,793,2181,43155060,0,0,0
SA203,20220218,20220218,134316500,13:43:16,2762,793,2181,43155060,0,0,0
SA203,20220218,20220218,134324500,13:43:25,2762,793,2181,43155060,0,0,0
SA203,20220218,20220218,134326000,13:43:26,2762,793,2181,43155060,0,0,0
SA203,20220218,20220218,134331500,13:43:31,2762,793,2181,43155060,0,0,0
SA203,20220218,20220218,134332000,13:43:32,2762,793,2181,43155060,0,0,0
SA203,20220218,20220218,134332500,13:43:32,2762,793,2181,43155060,0,0,0
SA203,20220218,20220218,134354500,13:44:00,2762,793,2181,43155060,0,0,0
SA203,20220218,20220218,134356500,13:44:04,2762,793,2181,43155060,0,0,0
SA203,20220218,20220218,134401500,13:44:04,2762,793,2181,43155060,0,0,0
SA203,20220218,20220218,134407500,13:44:08,2762,793,2181,43155060,0,0,0
SA203,20220218,20220218,134409000,13:44:09,2762,793,2181,43155060,0,0,0
SA203,20220218,20220218,134410500,13:44:17,2762,793,2181,43155060,0,0,0
SA203,20220218,20220218,134411000,13:44:17,2762,793,2181,43155060,0,0,0
SA203,20220218,20220218,134415000,13:44:17,2762,793,2181,43155060,0,0,0
SA203,20220218,20220218,134418500,13:44:18,2762,793,2181,43155060,0,0,0
SA203,20220218,20220218,134422500,13:44:23,2762,793,2181,43155060,0,0,0
SA203,20220218,20220218,134424500,13:44:24,2762,793,2181,43155060,0,0,0
SA203,20220218,20220218,134436000,13:44:37,2762,793,2181,43155060,0,0,0
SA203,20220218,20220218,134440500,13:44:40,2762,793,2181,43155060,0,0,0
SA203,20220218,20220218,134441500,13:44:41,2762,793,2181,43155060,0,0,0
SA203,20220218,20220218,134443500,13:44:44,2762,793,2181,43155060,0,0,0
SA203,20220218,20220218,134444000,13:44:44,2762,793,2181,43155060,0,0,0
SA203,20220218,20220218,134450500,13:44:50,2762,793,2181,43155060,0,0,0
SA203,20220218,20220218,134451000,13:44:51,2762,793,2181,43155060,0,0,0
SA203,20220218,20220218,134451500,13:44:51,2762,793,2181,43155060,0,0,0
SA203,20220218,20220218,134455500,13:44:55,2762,793,2181,43155060,0,0,0
SA203,20220218,20220218,134456000,13:44:56,2762,793,2181,43155060,0,0,0
SA203,20220218,20220218,134457000,13:44:57,2762,793,2181,43155060,0,0,0
SA203,20220218,20220218,134457500,13:44:57,2762,793,2181,43155060,0,0,0
SA203,20220218,20220218,134458000,13:44:58,2762,793,2181,43155060,0,0,0
SA203,20220218,20220218,134501000,13:45:01,2762,793,2181,43155060,0,0,0
SA203,20220218,20220218,134501500,13:45:01,2762,793,2181,43155060,0,0,0
SA203,20220218,20220218,134502000,13:45:02,2762,793,2181,43155060,0,0,0
SA203,20220218,20220218,134503500,13:45:04,2762,793,2181,43155060,0,0,0
SA203,20220218,20220218,134506000,13:45:09,2762,793,2181,43155060,0,0,0
SA203,20220218,20220218,134509500,13:45:10,2762,793,2181,43155060,0,0,0
SA203,20220218,20220218,134510000,13:45:10,2762,793,2181,43155060,0,0,0
SA203,20220218,20220218,134513000,13:45:13,2762,793,2181,43155060,0,0,0
SA203,20220218,20220218,134518500,13:45:22,2762,793,2181,43155060,0,0,0
SA203,20220218,20220218,134519500,13:45:22,2762,793,2181,43155060,0,0,0
SA203,20220218,20220218,134524500,13:45:25,2762,793,2181,43155060,0,0,0
SA203,20220218,20220218,134527500,13:45:30,2762,793,2181,43155060,0,0,0
SA203,20220218,20220218,134532500,13:45:33,2762,793,2181,43155060,0,0,0
SA203,20220218,20220218,134536000,13:45:36,2762,793,2181,43155060,0,0,0
SA203,20220218,20220218,134536500,13:45:37,2762,793,2181,43155060,0,0,0
SA203,20220218,20220218,134537000,13:45:37,2762,793,2181,43155060,0,0,0
SA203,20220218,20220218,134545500,13:45:46,2762,793,2181,43155060,0,0,0
SA203,20220218,20220218,134552000,13:45:54,2762,793,2181,43155060,0,0,0
SA203,20220218,20220218,134554500,13:45:55,2762,793,2181,43155060,0,0,0
SA203,20220218,20220218,134555000,13:45:55,2762,793,2181,43155060,0,0,0
SA203,20220218,20220218,134556500,13:46:00,2762,793,2181,43155060,0,0,0
SA203,20220218,20220218,134558500,13:46:01,2762,793,2181,43155060,0,0,0
SA203,20220218,20220218,134607500,13:46:07,2762,793,2181,43155060,0,0,0
SA203,20220218,20220218,134613000,13:46:13,2762,793,2181,43155060,0,0,0
SA203,20220218,20220218,134614500,13:46:15,2762,793,2181,43155060,0,0,0
SA203,20220218,20220218,134615000,13:46:15,2762,793,2181,43155060,0,0,0
SA203,20220218,20220218,134620500,13:46:21,2762,793,2181,43155060,0,0,0
SA203,20220218,20220218,134621000,13:46:21,2762,793,2181,43155060,0,0,0
SA203,20220218,20220218,134628500,13:46:31,2762,793,2181,43155060,0,0,0
SA203,20220218,20220218,134630500,13:46:31,2762,793,2181,43155060,0,0,0
SA203,20220218,20220218,134632500,13:46:32,2762,793,2181,43155060,0,0,0
SA203,20220218,20220218,134643000,13:46:43,2762,793,2181,43155060,0,0,0
SA203,20220218,20220218,134647500,13:46:47,2762,793,2181,43155060,0,0,0
SA203,20220218,20220218,134648000,13:46:48,2762,793,2181,43155060,0,0,0
SA203,20220218,20220218,134655000,13:46:55,2762,793,2181,43155060,0,0,0
SA203,20220218,20220218,134655500,13:46:55,2762,793,2181,43155060,0,0,0
SA203,20220218,20220218,134700500,13:47:00,2762,793,2181,43155060,0,0,0
SA203,20220218,20220218,134703000,13:47:03,2762,793,2181,43155060,0,0,0
SA203,20220218,20220218,134703500,13:47:03,2762,793,2181,43155060,0,0,0
SA203,20220218,20220218,134711500,13:47:16,2762,793,2181,43155060,0,0,0
SA203,20220218,20220218,134712000,13:47:16,2762,793,2181,43155060,0,0,0
SA203,20220218,20220218,134722000,13:47:24,2762,793,2181,43155060,0,0,0
SA203,20220218,20220218,134725500,13:47:27,2762,793,2181,43155060,0,0,0
SA203,20220218,20220218,134733000,13:47:34,2762,793,2181,43155060,0,0,0
SA203,20220218,20220218,134733500,13:47:34,2762,793,2181,43155060,0,0,0
SA203,20220218,20220218,134741500,13:47:42,2762,793,2181,43155060,0,0,0
SA203,20220218,20220218,134745000,13:47:45,2762,793,2181,43155060,0,0,0
SA203,20220218,20220218,134746000,13:47:46,2762,793,2181,43155060,0,0,0
SA203,20220218,20220218,134806500,13:48:06,2762,793,2181,43155060,0,0,0
SA203,20220218,20220218,134807000,13:48:07,2762,793,2181,43155060,0,0,0
SA203,20220218,20220218,134817500,13:48:18,2762,793,2181,43155060,0,0,0
SA203,20220218,20220218,134818000,13:48:19,2762,793,2181,43155060,0,0,0
SA203,20220218,20220218,134818500,13:48:20,2762,793,2181,43155060,0,0,0
SA203,20220218,20220218,134821000,13:48:22,2762,793,2181,43155060,0,0,0
SA203,20220218,20220218,134822500,13:48:23,2762,793,2181,43155060,0,0,0
SA203,20220218,20220218,134833000,13:48:33,2762,793,2181,43155060,0,0,0
SA203,20220218,20220218,134835500,13:48:36,2762,793,2181,43155060,0,0,0
SA203,20220218,20220218,134843500,13:48:43,2762,793,2181,43155060,0,0,0
SA203,20220218,20220218,134845500,13:48:45,2762,793,2181,43155060,0,0,0
SA203,20220218,20220218,134846000,13:48:46,2762,793,2181,43155060,0,0,0
SA203,20220218,20220218,134900500,13:49:00,2762,793,2181,43155060,0,0,0
SA203,20220218,20220218,134901000,13:49:01,2762,793,2181,43155060,0,0,0
SA203,20220218,20220218,134901500,13:49:02,2762,793,2181,43155060,0,0,0
SA203,20220218,20220218,134904500,13:49:04,2762,793,2181,43155060,0,0,0
SA203,20220218,20220218,134914000,13:49:14,2762,793,2181,43155060,0,0,0
SA203,20220218,20220218,134923000,13:49:23,2762,793,2181,43155060,0,0,0
SA203,20220218,20220218,134925000,13:49:25,2762,793,2181,43155060,0,0,0
SA203,20220218,20220218,134927000,13:49:27,2762,793,2181,43155060,0,0,0
SA203,20220218,20220218,134943000,13:49:43,2762,793,2181,43155060,0,0,0
SA203,20220218,20220218,134943500,13:49:44,2762,793,2181,43155060,0,0,0
SA203,20220218,20220218,134944500,13:49:44,2762,793,2181,43155060,0,0,0
SA203,20220218,20220218,134946500,13:49:46,2762,793,2181,43155060,0,0,0
SA203,20220218,20220218,134947000,13:49:47,2762,793,2181,43155060,0,0,0
SA203,20220218,20220218,134951000,13:49:51,2762,793,2181,43155060,0,0,0
SA203,20220218,20220218,134958500,13:49:59,2762,793,2181,43155060,0,0,0
SA203,20220218,20220218,134959000,13:49:59,2762,793,2181,43155060,0,0,0
SA203,20220218,20220218,135005000,13:50:05,2762,793,2181,43155060,0,0,0
SA203,20220218,20220218,135005500,13:50:06,2762,793,2181,43155060,0,0,0
SA203,20220218,20220218,135023500,13:50:26,2762,793,2181,43155060,0,0,0
SA203,20220218,20220218,135027000,13:50:33,2762,793,2181,43155060,0,0,0
SA203,20220218,20220218,135034500,13:50:37,2762,793,2181,43155060,0,0,0
SA203,20220218,20220218,135035000,13:50:37,2762,793,2181,43155060,0,0,0
SA203,20220218,20220218,135035500,13:50:37,2762,793,2181,43155060,0,0,0
SA203,20220218,20220218,135042500,13:50:43,2762,793,2181,43155060,0,0,0
SA203,20220218,20220218,135043500,13:50:43,2762,793,2181,43155060,0,0,0
SA203,20220218,20220218,135044000,13:50:45,2762,793,2181,43155060,0,0,0
SA203,20220218,20220218,135051500,13:50:52,2762,793,2181,43155060,0,0,0
SA203,20220218,20220218,135101000,13:51:01,2762,793,2181,43155060,0,0,0
SA203,20220218,20220218,135103000,13:51:03,2762,793,2181,43155060,0,0,0
SA203,20220218,20220218,135103500,13:51:03,2762,793,2181,43155060,0,0,0
SA203,20220218,20220218,135119500,13:51:21,2762,793,2181,43155060,0,0,0
SA203,20220218,20220218,135122000,13:51:22,2762,793,2181,43155060,0,0,0
SA203,20220218,20220218,135123000,13:51:23,2762,793,2181,43155060,0,0,0
SA203,20220218,20220218,135123500,13:51:24,2762,793,2181,43155060,0,0,0
SA203,20220218,20220218,135125500,13:51:26,2762,793,2181,43155060,0,0,0
SA203,20220218,20220218,135126000,13:51:27,2762,793,2181,43155060,0,0,0
SA203,20220218,20220218,135127500,13:51:27,2762,793,2181,43155060,0,0,0
SA203,20220218,20220218,135128000,13:51:28,2762,793,2181,43155060,0,0,0
SA203,20220218,20220218,135128500,13:51:29,2762,793,2181,43155060,0,0,0
SA203,20220218,20220218,135129500,13:51:29,2762,793,2181,43155060,0,0,0
SA203,20220218,20220218,135130000,13:51:30,2762,793,2181,43155060,0,0,0
SA203,20220218,20220218,135130500,13:51:31,2762,793,2181,43155060,0,0,0
SA203,20220218,20220218,135131500,13:51:31,2762,793,2181,43155060,0,0,0
SA203,20220218,20220218,135132000,13:51:32,2762,793,2181,43155060,0,0,0
SA203,20220218,20220218,135132500,13:51:32,2762,793,2181,43155060,0,0,0
SA203,20220218,20220218,135156000,13:51:56,2762,793,2181,43155060,0,0,0
SA203,20220218,20220218,135158000,13:51:58,2762,793,2181,43155060,0,0,0
SA203,20220218,20220218,135203500,13:52:04,2762,793,2181,43155060,0,0,0
SA203,20220218,20220218,135209500,13:52:11,2762,793,2181,43155060,0,0,0
SA203,20220218,20220218,135210000,13:52:11,2762,793,2181,43155060,0,0,0
SA203,20220218,20220218,135213500,13:52:13,2762,793,2181,43155060,0,0,0
SA203,20220218,20220218,135214000,13:52:14,2762,793,2181,43155060,0,0,0
SA203,20220218,20220218,135215500,13:52:15,2762,793,2181,43155060,0,0,0
SA203,20220218,20220218,135216000,13:52:16,2762,793,2181,43155060,0,0,0
SA203,20220218,20220218,135219500,13:52:24,2762,793,2181,43155060,0,0,0
SA203,20220218,20220218,135232500,13:52:33,2762,793,2181,43155060,0,0,0
SA203,20220218,20220218,135241000,13:52:45,2762,793,2181,43155060,0,0,0
SA203,20220218,20220218,135300500,13:53:01,2762,793,2181,43155060,0,0,0
SA203,20220218,20220218,135302000,13:53:02,2762,793,2181,43155060,0,0,0
SA203,20220218,20220218,135304000,13:53:05,2762,793,2181,43155060,0,0,0
SA203,20220218,20220218,135307000,13:53:09,2762,793,2181,43155060,0,0,0
SA203,20220218,20220218,135307500,13:53:09,2762,793,2181,43155060,0,0,0
SA203,20220218,20220218,135316500,13:53:17,2762,793,2181,43155060,0,0,0
SA203,20220218,20220218,135317000,13:53:20,2762,793,2181,43155060,0,0,0
SA203,20220218,20220218,135326500,13:53:26,2762,793,2181,43155060,0,0,0
SA203,20220218,20220218,135328000,13:53:28,2762,793,2181,43155060,0,0,0
SA203,20220218,20220218,135328500,13:53:29,2762,793,2181,43155060,0,0,0
SA203,20220218,20220218,135329500,13:53:29,2762,793,2181,43155060,0,0,0
SA203,20220218,20220218,135331500,13:53:32,2762,793,2181,43155060,0,0,0
SA203,20220218,20220218,135332000,13:53:32,2762,793,2181,43155060,0,0,0
SA203,20220218,20220218,135333000,13:53:33,2762,793,2181,43155060,0,0,0
SA203,20220218,20220218,135333500,13:53:33,2762,793,2181,43155060,0,0,0
SA203,20220218,20220218,135334000,13:53:34,2762,793,2181,43155060,0,0,0
SA203,20220218,20220218,135336500,13:53:44,2762,793,2181,43155060,0,0,0
SA203,20220218,20220218,135337000,13:53:44,2762,793,2181,43155060,0,0,0
SA203,20220218,20220218,135343000,13:53:45,2762,793,2181,43155060,0,0,0
SA203,20220218,20220218,135345500,13:53:46,2762,793,2181,43155060,0,0,0
SA203,20220218,20220218,135348500,13:53:48,2762,793,2181,43155060,0,0,0
SA203,20220218,20220218,135349000,13:53:49,2762,793,2181,43155060,0,0,0
SA203,20220218,20220218,135349500,13:53:50,2762,793,2181,43155060,0,0,0
SA203,20220218,20220218,135356000,13:53:56,2762,793,2181,43155060,0,0,0
SA203,20220218,20220218,135356500,13:53:57,2762,793,2181,43155060,0,0,0
SA203,20220218,20220218,135359000,13:54:00,2762,793,2181,43155060,0,0,0
SA203,20220218,20220218,135359500,13:54:04,2762,793,2181,43155060,0,0,0
SA203,20220218,20220218,135400500,13:54:08,2762,793,2181,43155060,0,0,0
SA203,20220218,20220218,135401000,13:54:09,2762,793,2181,43155060,0,0,0
SA203,20220218,20220218,135422000,13:54:22,2762,793,2181,43155060,0,0,0
SA203,20220218,20220218,135422500,13:54:22,2762,793,2181,43155060,0,0,0
SA203,20220218,20220218,135423000,13:54:23,2762,793,2181,43155060,0,0,0
SA203,20220218,20220218,135423500,13:54:23,2762,793,2181,43155060,0,0,0
SA203,20220218,20220218,135424000,13:54:24,2762,793,2181,43155060,0,0,0
SA203,20220218,20220218,135427000,13:54:28,2762,793,2181,43155060,0,0,0
SA203,20220218,20220218,135427500,13:54:28,2762,793,2181,43155060,0,0,0
SA203,20220218,20220218,135429000,13:54:31,2762,793,2181,43155060,0,0,0
SA203,20220218,20220218,135432000,13:54:32,2762,793,2181,43155060,0,0,0
SA203,20220218,20220218,135434000,13:54:34,2762,793,2181,43155060,0,0,0
SA203,20220218,20220218,135436500,13:54:36,2762,793,2181,43155060,0,0,0
SA203,20220218,20220218,135437000,13:54:37,2762,793,2181,43155060,0,0,0
SA203,20220218,20220218,135443000,13:54:44,2762,793,2181,43155060,0,0,0
SA203,20220218,20220218,135444000,13:54:44,2762,793,2181,43155060,0,0,0
SA203,20220218,20220218,135446000,13:54:46,2762,793,2181,43155060,0,0,0
SA203,20220218,20220218,135447500,13:54:47,2762,793,2181,43155060,0,0,0
SA203,20220218,20220218,135451500,13:54:51,2762,793,2181,43155060,0,0,0
SA203,20220218,20220218,135452000,13:54:52,2762,793,2181,43155060,0,0,0
SA203,20220218,20220218,135453500,13:54:54,2762,793,2181,43155060,0,0,0
SA203,20220218,20220218,135454000,13:54:54,2762,793,2181,43155060,0,0,0
SA203,20220218,20220218,135455000,13:54:55,2762,793,2181,43155060,0,0,0
SA203,20220218,20220218,135457500,13:54:57,2762,793,2181,43155060,0,0,0
SA203,20220218,20220218,135458000,13:54:58,2762,793,2181,43155060,0,0,0
SA203,20220218,20220218,135458500,13:54:59,2762,793,2181,43155060,0,0,0
SA203,20220218,20220218,135459000,13:54:59,2762,793,2181,43155060,0,0,0
SA203,20220218,20220218,135459500,13:55:00,2762,793,2181,43155060,0,0,0
SA203,20220218,20220218,135501000,13:55:01,2762,793,2181,43155060,0,0,0
SA203,20220218,20220218,135501500,13:55:02,2762,793,2181,43155060,0,0,0
SA203,20220218,20220218,135502000,13:55:03,2762,793,2181,43155060,0,0,0
SA203,20220218,20220218,135503000,13:55:03,2762,793,2181,43155060,0,0,0
SA203,20220218,20220218,135510500,13:55:12,2762,793,2181,43155060,0,0,0
SA203,20220218,20220218,135512500,13:55:13,2762,793,2181,43155060,0,0,0
SA203,20220218,20220218,135514000,13:55:15,2762,793,2181,43155060,0,0,0
SA203,20220218,20220218,135514500,13:55:15,2762,793,2181,43155060,0,0,0
SA203,20220218,20220218,135518000,13:55:21,2762,793,2181,43155060,0,0,0
SA203,20220218,20220218,135526000,13:55:27,2762,793,2181,43155060,0,0,0
SA203,20220218,20220218,135526500,13:55:27,2762,793,2181,43155060,0,0,0
SA203,20220218,20220218,135549500,13:55:50,2762,793,2181,43155060,0,0,0
SA203,20220218,20220218,135551500,13:55:52,2762,793,2181,43155060,0,0,0
SA203,20220218,20220218,135600000,13:56:00,2762,793,2181,43155060,0,0,0
SA203,20220218,20220218,135600500,13:56:02,2762,793,2181,43155060,0,0,0
SA203,20220218,20220218,135601000,13:56:02,2762,793,2181,43155060,0,0,0
SA203,20220218,20220218,135603500,13:56:23,2762,793,2181,43155060,0,0,0
SA203,20220218,20220218,135618000,13:56:23,2762,793,2181,43155060,0,0,0
SA203,20220218,20220218,135620000,13:56:23,2762,793,2181,43155060,0,0,0
SA203,20220218,20220218,135633500,13:56:35,2762,793,2181,43155060,0,0,0
SA203,20220218,20220218,135636500,13:56:38,2762,793,2181,43155060,0,0,0
SA203,20220218,20220218,135641500,13:56:42,2762,793,2181,43155060,0,0,0
SA203,20220218,20220218,135644000,13:56:44,2762,793,2181,43155060,0,0,0
SA203,20220218,20220218,135644500,13:56:45,2762,793,2181,43155060,0,0,0
SA203,20220218,20220218,135646500,13:56:47,2762,793,2181,43155060,0,0,0
SA203,20220218,20220218,135651000,13:56:51,2762,793,2181,43155060,0,0,0
SA203,20220218,20220218,135655500,13:56:55,2762,793,2181,43155060,0,0,0
SA203,20220218,20220218,135656000,13:56:56,2762,793,2181,43155060,0,0,0
SA203,20220218,20220218,135656500,13:56:56,2762,793,2181,43155060,0,0,0
SA203,20220218,20220218,135657000,13:56:57,2762,793,2181,43155060,0,0,0
SA203,20220218,20220218,135701500,13:57:02,2762,793,2181,43155060,0,0,0
SA203,20220218,20220218,135706000,13:57:06,2762,793,2181,43155060,0,0,0
