SA204,20220218,20220218,112004500,11:20:09,2791,13875,43309,767010000,13875,43309,767010000
SA204,20220218,20220218,112006000,11:20:10,2791,13886,43298,767618080,11,-11,608080
SA204,20220218,20220218,112006500,11:20:10,2791,13886,43298,767618080,0,0,0
SA204,20220218,20220218,112007000,11:20:10,2791,13892,43292,767949760,6,-6,331680
SA204,20220218,20220218,112008000,11:20:10,2791,13898,43286,768281440,6,-6,331680
SA204,20220218,20220218,112008500,11:20:10,2791,13898,43286,768281440,0,0,0
SA204,20220218,20220218,112009000,11:20:10,2791,13898,43286,768281440,0,0,0
SA204,20220218,20220218,112009500,11:20:10,2791,13911,43273,769000080,13,-13,718640
SA204,20220218,20220218,112010000,11:20:10,2791,13917,43267,769331760,6,-6,331680
SA204,20220218,20220218,112010500,11:20:10,2793,13919,43267,769442320,2,0,110560
SA204,20220218,20220218,112011000,11:20:11,2791,13925,43261,769774000,6,-6,331680
SA204,20220218,20220218,112011500,11:20:12,2791,13925,43261,769774000,0,0,0
SA204,20220218,20220218,112012000,11:20:12,2791,13925,43261,769774000,0,0,0
SA204,20220218,20220218,112012500,11:20:12,2791,13940,43246,770603200,15,-15,829200
SA204,20220218,20220218,112013000,11:20:13,2791,13941,43247,770658480,1,1,55280
SA204,20220218,20220218,112013500,11:20:13,2792,13949,43239,771100720,8,-8,442240
SA204,20220218,20220218,112015000,11:20:15,2792,13957,43231,771542960,8,-8,442240
SA204,20220218,20220218,112015500,11:20:16,2792,13966,43222,772040480,9,-9,497520
SA204,20220218,20220218,112016500,11:20:16,2792,13966,43222,772040480,0,0,0
SA204,20220218,20220218,112017000,11:20:17,2792,13966,43222,772040480,0,0,0
SA204,20220218,20220218,112017500,11:20:17,2792,13984,43204,773035520,18,-18,995040
SA204,20220218,20220218,112018000,11:20:18,2792,13984,43204,773035520,0,0,0
SA204,20220218,20220218,112018500,11:20:18,2792,13992,43196,773477760,8,-8,442240
SA204,20220218,20220218,112019000,11:20:19,2792,14003,43185,774085840,11,-11,608080
SA204,20220218,20220218,112019500,11:20:20,2792,14003,43185,774085840,0,0,0
SA204,20220218,20220218,112020000,11:20:20,2792,14003,43185,774085840,0,0,0
SA204,20220218,20220218,112020500,11:20:21,2792,14003,43185,774085840,0,0,0
SA204,20220218,20220218,112021000,11:20:21,2792,14003,43185,774085840,0,0,0
SA204,20220218,20220218,112021500,11:20:21,2792,14003,43185,774085840,0,0,0
SA204,20220218,20220218,112022000,11:20:22,2792,14003,43185,774085840,0,0,0
SA204,20220218,20220218,112022500,11:20:23,2792,14003,43185,774085840,0,0,0
SA204,20220218,20220218,112023000,11:20:23,2792,14003,43185,774085840,0,0,0
SA204,20220218,20220218,112023500,11:20:23,2792,14003,43185,774085840,0,0,0
SA204,20220218,20220218,112024000,11:20:24,2792,14003,43185,774085840,0,0,0
SA204,20220218,20220218,112024500,11:20:24,2792,14003,43185,774085840,0,0,0
SA204,20220218,20220218,112025000,11:20:25,2792,14003,43185,774085840,0,0,0
SA204,20220218,20220218,112025500,11:20:26,2792,14003,43185,774085840,0,0,0
SA204,20220218,20220218,112026000,11:20:26,2792,14012,43185,774583360,9,0,497520
SA204,20220218,20220218,112026500,11:20:26,2792,14012,43185,774583360,0,0,0
SA204,20220218,20220218,112027000,11:20:27,2792,14012,43185,774583360,0,0,0
SA204,20220218,20220218,112027500,11:20:28,2792,14012,43185,774583360,0,0,0
SA204,20220218,20220218,112028000,11:20:28,2792,14012,43185,774583360,0,0,0
SA204,20220218,20220218,112028500,11:20:28,2792,14012,43185,774583360,0,0,0
SA204,20220218,20220218,112029000,11:20:29,2792,14012,43185,774583360,0,0,0
SA204,20220218,20220218,112029500,11:20:30,2792,14012,43185,774583360,0,0,0
SA204,20220218,20220218,112030000,11:20:31,2791,14014,43185,774693920,2,0,110560
SA204,20220218,20220218,112030500,11:20:31,2791,14014,43185,774693920,0,0,0
SA204,20220218,20220218,112031000,11:20:32,2791,14014,43185,774693920,0,0,0
SA204,20220218,20220218,112031500,11:20:32,2791,14014,43185,774693920,0,0,0
SA204,20220218,20220218,112032000,11:20:32,2791,14014,43185,774693920,0,0,0
SA204,20220218,20220218,112032500,11:20:32,2791,14014,43185,774693920,0,0,0
SA204,20220218,20220218,112033000,11:20:33,2791,14014,43185,774693920,0,0,0
SA204,20220218,20220218,112033500,11:20:33,2791,14014,43185,774693920,0,0,0
SA204,20220218,20220218,112034000,11:20:34,2791,14014,43185,774693920,0,0,0
SA204,20220218,20220218,112034500,11:20:35,2791,14014,43185,774693920,0,0,0
SA204,20220218,20220218,112035000,11:20:35,2791,14014,43185,774693920,0,0,0
SA204,20220218,20220218,112035500,11:20:35,2791,14014,43185,774693920,0,0,0
SA204,20220218,20220218,112036000,11:20:36,2791,14014,43185,774693920,0,0,0
SA204,20220218,20220218,112036500,11:20:37,2791,14014,43185,774693920,0,0,0
SA204,20220218,20220218,112037000,11:20:37,2791,14014,43185,774693920,0,0,0
SA204,20220218,20220218,112037500,11:20:38,2791,14014,43185,774693920,0,0,0
SA204,20220218,20220218,112038000,11:20:38,2791,14014,43185,774693920,0,0,0
SA204,20220218,20220218,112038500,11:20:39,2791,14014,43185,774693920,0,0,0
SA204,20220218,20220218,112039000,11:20:39,2791,14014,43185,774693920,0,0,0
SA204,20220218,20220218,112039500,11:20:40,2791,14014,43185,774693920,0,0,0
SA204,20220218,20220218,112040000,11:20:40,2791,14014,43185,774693920,0,0,0
SA204,20220218,20220218,112040500,11:20:41,2791,14014,43185,774693920,0,0,0
SA204,20220218,20220218,112041000,11:20:41,2791,14014,43185,774693920,0,0,0
SA204,20220218,20220218,112042000,11:20:42,2791,14014,43185,774693920,0,0,0
SA204,20220218,20220218,112042500,11:20:42,2791,14014,43185,774693920,0,0,0
SA204,20220218,20220218,112043000,11:20:43,2791,14014,43185,774693920,0,0,0
SA204,20220218,20220218,112043500,11:20:44,2791,14014,43185,774693920,0,0,0
SA204,20220218,20220218,112044000,11:20:44,2791,14014,43185,774693920,0,0,0
SA204,20220218,20220218,112044500,11:20:45,2791,14014,43185,774693920,0,0,0
SA204,20220218,20220218,112045000,11:20:45,2791,14014,43185,774693920,0,0,0
SA204,20220218,20220218,112045500,11:20:46,2791,14014,43185,774693920,0,0,0
SA204,20220218,20220218,112046000,11:20:46,2791,14014,43185,774693920,0,0,0
SA204,20220218,20220218,112046500,11:20:46,2791,14014,43185,774693920,0,0,0
SA204,20220218,20220218,112047000,11:20:47,2791,14014,43185,774693920,0,0,0
SA204,20220218,20220218,112047500,11:20:48,2791,14014,43185,774693920,0,0,0
SA204,20220218,20220218,112048000,11:20:48,2791,14014,43185,774693920,0,0,0
SA204,20220218,20220218,112048500,11:20:50,2791,14014,43185,774693920,0,0,0
SA204,20220218,20220218,112049000,11:20:50,2791,14014,43185,774693920,0,0,0
SA204,20220218,20220218,112049500,11:20:50,2791,14014,43185,774693920,0,0,0
SA204,20220218,20220218,112050500,11:20:50,2791,14014,43185,774693920,0,0,0
SA204,20220218,20220218,112052000,11:20:53,2793,14015,43185,774749200,1,0,55280
SA204,20220218,20220218,112053000,11:20:53,2793,14018,43185,774915040,3,0,165840
SA204,20220218,20220218,112053500,11:20:53,2793,14018,43185,774915040,0,0,0
SA204,20220218,20220218,112054000,11:20:54,2793,14018,43185,774915040,0,0,0
SA204,20220218,20220218,112054500,11:20:55,2793,14018,43185,774915040,0,0,0
SA204,20220218,20220218,112055000,11:20:55,2793,14018,43185,774915040,0,0,0
SA204,20220218,20220218,112055500,11:20:56,2793,14018,43185,774915040,0,0,0
SA204,20220218,20220218,112056000,11:20:56,2793,14018,43185,774915040,0,0,0
SA204,20220218,20220218,112056500,11:20:57,2793,14018,43185,774915040,0,0,0
SA204,20220218,20220218,112057000,11:20:58,2793,14018,43185,774915040,0,0,0
SA204,20220218,20220218,112057500,11:20:58,2793,14018,43185,774915040,0,0,0
SA204,20220218,20220218,112058000,11:20:58,2793,14018,43185,774915040,0,0,0
SA204,20220218,20220218,112058500,11:20:59,2793,14018,43185,774915040,0,0,0
SA204,20220218,20220218,112059000,11:20:59,2793,14018,43185,774915040,0,0,0
SA204,20220218,20220218,112059500,11:21:00,2793,14018,43185,774915040,0,0,0
SA204,20220218,20220218,112100500,11:21:01,2793,14018,43185,774915040,0,0,0
SA204,20220218,20220218,112101000,11:21:01,2793,14018,43185,774915040,0,0,0
SA204,20220218,20220218,112102000,11:21:02,2793,14019,43186,774970320,1,1,55280
SA204,20220218,20220218,112102500,11:21:03,2792,14020,43187,775025600,1,1,55280
SA204,20220218,20220218,112103000,11:21:03,2792,14020,43187,775025600,0,0,0
SA204,20220218,20220218,112103500,11:21:04,2792,14020,43187,775025600,0,0,0
SA204,20220218,20220218,112104000,11:21:04,2792,14020,43187,775025600,0,0,0
SA204,20220218,20220218,112104500,11:21:05,2792,14020,43187,775025600,0,0,0
SA204,20220218,20220218,112105000,11:21:06,2792,14020,43187,775025600,0,0,0
SA204,20220218,20220218,112105500,11:21:07,2792,14020,43187,775025600,0,0,0
SA204,20220218,20220218,112106000,11:21:07,2795,14025,43184,775302000,5,-3,276400
SA204,20220218,20220218,112106500,11:21:07,2795,14026,43184,775357280,1,0,55280
SA204,20220218,20220218,112107000,11:21:10,2795,14026,43184,775357280,0,0,0
SA204,20220218,20220218,112107500,11:21:10,2796,14036,43184,776190800,10,0,833520
SA204,20220218,20220218,112108000,11:21:10,2796,14036,43184,776190800,0,0,0
SA204,20220218,20220218,112110000,11:21:10,2796,14036,43184,776190800,0,0,0
SA204,20220218,20220218,112110500,11:21:11,2796,14036,43184,776190800,0,0,0
SA204,20220218,20220218,112111000,11:21:11,2796,14036,43184,776190800,0,0,0
SA204,20220218,20220218,112112000,11:21:12,2796,14036,43184,776190800,0,0,0
SA204,20220218,20220218,112112500,11:21:13,2796,14036,43184,776190800,0,0,0
SA204,20220218,20220218,112113000,11:21:13,2796,14036,43184,776190800,0,0,0
SA204,20220218,20220218,112113500,11:21:13,2796,14036,43184,776190800,0,0,0
SA204,20220218,20220218,112114000,11:21:14,2796,14036,43184,776190800,0,0,0
SA204,20220218,20220218,112114500,11:21:14,2796,14036,43184,776190800,0,0,0
SA204,20220218,20220218,112115000,11:21:15,2796,14036,43184,776190800,0,0,0
SA204,20220218,20220218,112115500,11:21:15,2794,14051,43184,777020300,15,0,829500
SA204,20220218,20220218,112116000,11:21:16,2794,14051,43184,777020300,0,0,0
SA204,20220218,20220218,112116500,11:21:17,2794,14068,43201,777960400,17,17,940100
SA204,20220218,20220218,112117000,11:21:17,2794,14068,43201,777960400,0,0,0
SA204,20220218,20220218,112117500,11:21:18,2794,14068,43201,777960400,0,0,0
SA204,20220218,20220218,112118000,11:21:18,2794,14086,43219,778955800,18,18,995400
SA204,20220218,20220218,112118500,11:21:18,2794,14086,43219,778955800,0,0,0
SA204,20220218,20220218,112119000,11:21:19,2794,14088,43221,779066400,2,2,110600
SA204,20220218,20220218,112119500,11:21:19,2794,14088,43221,779066400,0,0,0
SA204,20220218,20220218,112120000,11:21:20,2794,14103,43236,779895900,15,15,829500
SA204,20220218,20220218,112120500,11:21:22,2794,14103,43236,779895900,0,0,0
SA204,20220218,20220218,112121000,11:21:22,2794,14103,43236,779895900,0,0,0
SA204,20220218,20220218,112121500,11:21:22,2795,14119,43252,780780700,16,16,884800
SA204,20220218,20220218,112122000,11:21:22,2795,14121,43254,780891300,2,2,110600
SA204,20220218,20220218,112122500,11:21:22,2797,14123,43253,781001900,2,-1,110600
SA204,20220218,20220218,112123000,11:21:23,2797,14138,43267,781831400,15,14,829500
SA204,20220218,20220218,112124000,11:21:24,2797,14138,43267,781831400,0,0,0
SA204,20220218,20220218,112124500,11:21:25,2795,14152,43281,782605600,14,14,774200
SA204,20220218,20220218,112125500,11:23:32,2795,14154,43283,782716200,2,2,110600
SA204,20220218,20220218,112126000,11:23:33,2795,14165,43294,783324500,11,11,608300
SA204,20220218,20220218,112126500,11:23:33,2795,14165,43294,783324500,0,0,0
SA204,20220218,20220218,112332500,11:23:33,2795,14165,43294,783324500,0,0,0
SA204,20220218,20220218,112333000,11:23:33,2800,14548,43249,804795360,383,-45,21470860
SA204,20220218,20220218,112334000,11:23:34,2800,14560,43261,805459200,12,12,663840
SA204,20220218,20220218,112334500,11:23:34,2800,14560,43261,805459200,0,0,0
SA204,20220218,20220218,112335500,11:23:35,2800,14575,43276,806289000,15,15,829800
SA204,20220218,20220218,112336000,11:23:37,2800,14577,43278,806399640,2,2,110640
SA204,20220218,20220218,112337000,11:23:38,2800,14592,43292,807229440,15,14,829800
SA204,20220218,20220218,112337500,11:23:38,2800,14592,43292,807229440,0,0,0
SA204,20220218,20220218,112338000,11:23:38,2801,14609,43309,808169880,17,17,940440
SA204,20220218,20220218,112339000,11:23:39,2801,14610,43310,808225200,1,1,55320
SA204,20220218,20220218,112339500,11:23:39,2801,14610,43310,808225200,0,0,0
SA204,20220218,20220218,112340000,11:23:40,2801,14610,43310,808225200,0,0,0
SA204,20220218,20220218,112341000,11:23:41,2801,14610,43310,808225200,0,0,0
SA204,20220218,20220218,112341500,11:23:42,2801,14610,43310,808225200,0,0,0
SA204,20220218,20220218,112342000,11:23:42,2801,14610,43310,808225200,0,0,0
SA204,20220218,20220218,112343000,11:23:43,2801,14610,43310,808225200,0,0,0
SA204,20220218,20220218,112343500,11:23:43,2801,14610,43310,808225200,0,0,0
SA204,20220218,20220218,112344000,11:23:48,2801,14610,43310,808225200,0,0,0
SA204,20220218,20220218,112345000,11:23:48,2801,14610,43310,808225200,0,0,0
SA204,20220218,20220218,112345500,11:23:48,2801,14610,43310,808225200,0,0,0
SA204,20220218,20220218,112347500,11:23:48,2801,14610,43310,808225200,0,0,0
SA204,20220218,20220218,112348500,11:23:49,2805,14620,43307,808778400,10,-3,553200
SA204,20220218,20220218,112349000,11:23:49,2805,14621,43307,808833720,1,0,55320
SA204,20220218,20220218,112349500,11:23:50,2805,14621,43307,808833720,0,0,0
SA204,20220218,20220218,112350000,11:23:50,2805,14622,43306,808889040,1,-1,55320
SA204,20220218,20220218,112350500,11:23:50,2807,14629,43304,809276280,7,-2,387240
SA204,20220218,20220218,112351500,11:23:51,2809,14781,43236,817684920,152,-68,8408640
SA204,20220218,20220218,112352000,11:23:52,2810,14815,43229,819565800,34,-7,1880880
SA204,20220218,20220218,112352500,11:23:52,2810,14815,43229,819565800,0,0,0
SA204,20220218,20220218,112353000,11:23:53,2808,14820,43231,819842400,5,2,276600
SA204,20220218,20220218,112353500,11:23:53,2808,14820,43231,819842400,0,0,0
SA204,20220218,20220218,112354500,11:23:55,2809,14821,43231,819897720,1,0,55320
SA204,20220218,20220218,112355000,11:23:55,2809,14821,43231,819897720,0,0,0
SA204,20220218,20220218,112356000,11:23:56,2809,14821,43231,819897720,0,0,0
SA204,20220218,20220218,112356500,11:23:56,2809,14821,43231,819897720,0,0,0
SA204,20220218,20220218,112357000,11:23:57,2809,14821,43231,819897720,0,0,0
SA204,20220218,20220218,112358000,11:23:58,2808,14823,43231,820008360,2,0,110640
SA204,20220218,20220218,112358500,11:23:58,2808,14823,43231,820008360,0,0,0
SA204,20220218,20220218,112359000,11:23:59,2808,14823,43231,820008360,0,0,0
SA204,20220218,20220218,112400000,11:24:00,2807,14824,43232,820063680,1,1,55320
SA204,20220218,20220218,112400500,11:24:00,2807,14824,43232,820063680,0,0,0
SA204,20220218,20220218,112401500,11:24:01,2807,14824,43232,820063680,0,0,0
SA204,20220218,20220218,112402000,11:24:02,2807,14844,43212,821466960,20,-20,1403280
SA204,20220218,20220218,112402500,11:24:02,2809,14857,43209,822186380,13,-3,719420
SA204,20220218,20220218,112403000,11:24:03,2806,14865,43206,822629100,8,-3,442720
SA204,20220218,20220218,112403500,11:24:04,2806,14867,43205,822739780,2,-1,110680
SA204,20220218,20220218,112404000,11:24:04,2808,14871,43201,822961140,4,-4,221360
SA204,20220218,20220218,112404500,11:24:04,2808,14871,43201,822961140,0,0,0
SA204,20220218,20220218,112405000,11:24:05,2810,14891,43191,824067940,20,-10,1106800
SA204,20220218,20220218,112405500,11:24:05,2810,14891,43191,824067940,0,0,0
SA204,20220218,20220218,112406000,11:24:06,2808,14895,43191,824289300,4,0,221360
SA204,20220218,20220218,112406500,11:24:06,2808,14895,43191,824289300,0,0,0
SA204,20220218,20220218,112407000,11:24:07,2808,14896,43190,824344640,1,-1,55340
SA204,20220218,20220218,112407500,11:24:08,2807,14898,43189,824455320,2,-1,110680
SA204,20220218,20220218,112408000,11:24:08,2807,14898,43189,824455320,0,0,0
SA204,20220218,20220218,112409000,11:24:11,2807,14898,43189,824455320,0,0,0
SA204,20220218,20220218,112409500,11:24:11,2807,14898,43189,824455320,0,0,0
SA204,20220218,20220218,112410000,11:24:12,2807,14898,43189,824455320,0,0,0
SA204,20220218,20220218,112411500,11:24:12,2807,14918,43173,825562120,20,-16,1106800
SA204,20220218,20220218,112412500,11:24:13,2806,14919,43173,825617460,1,0,55340
SA204,20220218,20220218,112413000,11:24:13,2806,14919,43173,825617460,0,0,0
SA204,20220218,20220218,112413500,11:24:14,2806,14919,43173,825617460,0,0,0
SA204,20220218,20220218,112414500,11:24:15,2806,14919,43173,825617460,0,0,0
SA204,20220218,20220218,112415000,11:24:15,2806,14919,43173,825617460,0,0,0
SA204,20220218,20220218,112415500,11:24:15,2806,14919,43173,825617460,0,0,0
SA204,20220218,20220218,112416500,11:24:17,2807,14923,43173,825838820,4,0,221360
SA204,20220218,20220218,112417000,11:24:17,2807,14923,43173,825838820,0,0,0
SA204,20220218,20220218,112417500,11:24:18,2807,14923,43173,825838820,0,0,0
SA204,20220218,20220218,112418000,11:24:18,2807,14923,43173,825838820,0,0,0
SA204,20220218,20220218,112418500,11:24:19,2807,14923,43173,825838820,0,0,0
SA204,20220218,20220218,112419000,11:24:19,2807,14923,43173,825838820,0,0,0
SA204,20220218,20220218,112419500,11:24:20,2807,14923,43173,825838820,0,0,0
SA204,20220218,20220218,112420000,11:24:20,2807,14923,43173,825838820,0,0,0
SA204,20220218,20220218,112420500,11:24:20,2807,14923,43173,825838820,0,0,0
SA204,20220218,20220218,112421000,11:24:21,2807,14923,43173,825838820,0,0,0
SA204,20220218,20220218,112421500,11:24:22,2807,14923,43173,825838820,0,0,0
SA204,20220218,20220218,112422000,11:24:22,2807,14923,43173,825838820,0,0,0
SA204,20220218,20220218,112422500,11:24:23,2807,14923,43173,825838820,0,0,0
SA204,20220218,20220218,112423000,11:24:23,2807,14923,43173,825838820,0,0,0
SA204,20220218,20220218,112423500,11:24:24,2807,14923,43173,825838820,0,0,0
SA204,20220218,20220218,112424000,11:24:24,2807,14923,43173,825838820,0,0,0
SA204,20220218,20220218,112424500,11:24:24,2807,14923,43173,825838820,0,0,0
SA204,20220218,20220218,112425000,11:24:25,2807,14923,43173,825838820,0,0,0
SA204,20220218,20220218,112425500,11:24:25,2807,14923,43173,825838820,0,0,0
SA204,20220218,20220218,112426000,11:24:26,2807,14923,43173,825838820,0,0,0
SA204,20220218,20220218,112426500,11:24:26,2807,14923,43173,825838820,0,0,0
SA204,20220218,20220218,112427000,11:24:27,2807,14923,43173,825838820,0,0,0
SA204,20220218,20220218,112427500,11:24:28,2807,14923,43173,825838820,0,0,0
SA204,20220218,20220218,112428000,11:24:28,2807,14923,43173,825838820,0,0,0
SA204,20220218,20220218,112428500,11:24:28,2807,14923,43173,825838820,0,0,0
SA204,20220218,20220218,112429000,11:24:29,2807,14923,43173,825838820,0,0,0
SA204,20220218,20220218,112429500,11:24:29,2807,14923,43173,825838820,0,0,0
SA204,20220218,20220218,112430000,11:24:30,2807,14923,43173,825838820,0,0,0
SA204,20220218,20220218,112430500,11:24:30,2808,15073,43101,834139820,150,-72,8301000
SA204,20220218,20220218,112431000,11:24:31,2808,15092,43083,835191280,19,-18,1051460
SA204,20220218,20220218,112431500,11:24:31,2807,15093,43083,835246620,1,0,55340
SA204,20220218,20220218,112432000,11:24:32,2807,15093,43083,835246620,0,0,0
SA204,20220218,20220218,112432500,11:24:32,2807,15093,43083,835246620,0,0,0
SA204,20220218,20220218,112433000,11:24:33,2807,15093,43083,835246620,0,0,0
SA204,20220218,20220218,112433500,11:24:33,2807,15093,43083,835246620,0,0,0
SA204,20220218,20220218,112434000,11:24:34,2807,15093,43083,835246620,0,0,0
SA204,20220218,20220218,112434500,11:24:34,2807,15093,43083,835246620,0,0,0
SA204,20220218,20220218,112435000,11:24:35,2808,15094,43083,835301960,1,0,55340
SA204,20220218,20220218,112435500,11:24:35,2808,15094,43083,835301960,0,0,0
SA204,20220218,20220218,112436000,11:24:36,2808,15094,43083,835301960,0,0,0
SA204,20220218,20220218,112436500,11:24:36,2808,15094,43083,835301960,0,0,0
SA204,20220218,20220218,112437000,11:24:37,2808,15100,43083,835634000,6,0,332040
SA204,20220218,20220218,112437500,11:24:37,2808,15100,43083,835634000,0,0,0
SA204,20220218,20220218,112438000,11:24:39,2808,15100,43083,835634000,0,0,0
SA204,20220218,20220218,112438500,11:24:39,2808,15100,43083,835634000,0,0,0
SA204,20220218,20220218,112439000,11:24:40,2808,15101,43082,835689340,1,-1,55340
SA204,20220218,20220218,112439500,11:24:40,2808,15101,43082,835689340,0,0,0
SA204,20220218,20220218,112440000,11:24:40,2808,15101,43082,835689340,0,0,0
SA204,20220218,20220218,112440500,11:24:40,2808,15101,43082,835689340,0,0,0
SA204,20220218,20220218,112441000,11:24:41,2808,15101,43082,835689340,0,0,0
SA204,20220218,20220218,112441500,11:24:41,2808,15101,43082,835689340,0,0,0
SA204,20220218,20220218,112442000,11:24:42,2808,15101,43082,835689340,0,0,0
SA204,20220218,20220218,112442500,11:24:42,2808,15101,43082,835689340,0,0,0
SA204,20220218,20220218,112443000,11:24:43,2808,15101,43082,835689340,0,0,0
SA204,20220218,20220218,112443500,11:24:43,2808,15101,43082,835689340,0,0,0
SA204,20220218,20220218,112444000,11:24:44,2808,15101,43082,835689340,0,0,0
SA204,20220218,20220218,112444500,11:24:44,2808,15101,43082,835689340,0,0,0
SA204,20220218,20220218,112445000,11:24:45,2808,15101,43082,835689340,0,0,0
SA204,20220218,20220218,112445500,11:24:45,2808,15101,43082,835689340,0,0,0
SA204,20220218,20220218,112446000,11:24:46,2808,15101,43082,835689340,0,0,0
SA204,20220218,20220218,112446500,11:24:46,2808,15101,43082,835689340,0,0,0
SA204,20220218,20220218,112447000,11:24:47,2808,15104,43082,835855360,3,0,166020
SA204,20220218,20220218,112447500,11:24:47,2808,15104,43082,835855360,0,0,0
SA204,20220218,20220218,112448000,11:24:48,2808,15104,43082,835855360,0,0,0
SA204,20220218,20220218,112448500,11:24:49,2809,15243,43007,843852480,139,-75,7997120
SA204,20220218,20220218,112449000,11:24:49,2809,15260,42990,844793600,17,-17,941120
SA204,20220218,20220218,112449500,11:24:49,2809,15274,42976,845568640,14,-14,775040
SA204,20220218,20220218,112450000,11:24:50,2809,15274,42976,845568640,0,0,0
SA204,20220218,20220218,112450500,11:24:50,2808,15284,42976,846122240,10,0,553600
SA204,20220218,20220218,112451000,11:24:51,2808,15284,42976,846122240,0,0,0
SA204,20220218,20220218,112451500,11:24:52,2808,15284,42976,846122240,0,0,0
SA204,20220218,20220218,112452000,11:24:52,2808,15284,42976,846122240,0,0,0
SA204,20220218,20220218,112452500,11:24:52,2808,15284,42976,846122240,0,0,0
SA204,20220218,20220218,112453000,11:24:53,2810,15285,42976,846177600,1,0,55360
SA204,20220218,20220218,112453500,11:24:53,2810,15285,42976,846177600,0,0,0
SA204,20220218,20220218,112454000,11:24:54,2810,15285,42976,846177600,0,0,0
SA204,20220218,20220218,112454500,11:24:54,2810,15335,42956,848945600,50,-20,2768000
SA204,20220218,20220218,112455000,11:24:55,2810,15335,42956,848945600,0,0,0
SA204,20220218,20220218,112455500,11:24:56,2810,15339,42952,849167040,4,-4,221440
SA204,20220218,20220218,112456000,11:24:56,2810,15339,42952,849167040,0,0,0
SA204,20220218,20220218,112456500,11:24:56,2810,15339,42952,849167040,0,0,0
SA204,20220218,20220218,112457000,11:24:57,2810,15340,42951,849222400,1,-1,55360
SA204,20220218,20220218,112457500,11:24:57,2810,15340,42951,849222400,0,0,0
SA204,20220218,20220218,112458000,11:24:58,2810,15340,42951,849222400,0,0,0
SA204,20220218,20220218,112458500,11:24:58,2810,15340,42951,849222400,0,0,0
SA204,20220218,20220218,112459000,11:24:59,2810,15340,42951,849222400,0,0,0
SA204,20220218,20220218,112459500,11:24:59,2810,15340,42951,849222400,0,0,0
SA204,20220218,20220218,112500000,11:25:00,2810,15340,42951,849222400,0,0,0
SA204,20220218,20220218,112500500,11:25:01,2810,15340,42951,849222400,0,0,0
SA204,20220218,20220218,112501000,11:25:02,2810,15359,42942,850274240,19,-9,1051840
SA204,20220218,20220218,112501500,11:25:05,2810,15362,42940,850440320,3,-2,166080
SA204,20220218,20220218,112502000,11:25:05,2810,15362,42940,850440320,0,0,0
SA204,20220218,20220218,112502500,11:25:06,2810,15362,42940,850440320,0,0,0
SA204,20220218,20220218,112504500,11:25:06,2810,15362,42940,850440320,0,0,0
SA204,20220218,20220218,112505500,11:25:06,2810,15362,42940,850440320,0,0,0
SA204,20220218,20220218,112506000,11:25:07,2810,15362,42940,850440320,0,0,0
SA204,20220218,20220218,112506500,11:25:07,2810,15362,42940,850440320,0,0,0
SA204,20220218,20220218,112507000,11:25:07,2810,15362,42940,850440320,0,0,0
SA204,20220218,20220218,112507500,11:25:07,2810,15362,42940,850440320,0,0,0
SA204,20220218,20220218,112508000,11:25:08,2810,15362,42940,850440320,0,0,0
SA204,20220218,20220218,112508500,11:25:08,2810,15362,42940,850440320,0,0,0
SA204,20220218,20220218,112509000,11:25:09,2810,15362,42940,850440320,0,0,0
SA204,20220218,20220218,112509500,11:25:09,2810,15362,42940,850440320,0,0,0
SA204,20220218,20220218,112510000,11:25:10,2810,15362,42940,850440320,0,0,0
SA204,20220218,20220218,112510500,11:25:10,2810,15362,42940,850440320,0,0,0
SA204,20220218,20220218,112511000,11:25:11,2810,15362,42940,850440320,0,0,0
SA204,20220218,20220218,112511500,11:25:11,2810,15362,42940,850440320,0,0,0
SA204,20220218,20220218,112512000,11:25:12,2810,15362,42940,850440320,0,0,0
SA204,20220218,20220218,112512500,11:25:12,2810,15362,42940,850440320,0,0,0
SA204,20220218,20220218,112513000,11:25:13,2810,15362,42940,850440320,0,0,0
SA204,20220218,20220218,112513500,11:25:15,2810,15362,42940,850440320,0,0,0
SA204,20220218,20220218,112514000,11:25:15,2810,15362,42940,850440320,0,0,0
SA204,20220218,20220218,112514500,11:25:16,2810,15362,42940,850440320,0,0,0
SA204,20220218,20220218,112515000,11:25:16,2810,15362,42940,850440320,0,0,0
SA204,20220218,20220218,112515500,11:25:16,2810,15362,42940,850440320,0,0,0
SA204,20220218,20220218,112516000,11:25:16,2810,15362,42940,850440320,0,0,0
SA204,20220218,20220218,112516500,11:25:16,2810,15362,42940,850440320,0,0,0
SA204,20220218,20220218,112517000,11:25:18,2810,15362,42940,850440320,0,0,0
SA204,20220218,20220218,112517500,11:25:18,2810,15362,42940,850440320,0,0,0
SA204,20220218,20220218,112518000,11:25:19,2810,15362,42940,850440320,0,0,0
SA204,20220218,20220218,112518500,11:25:19,2810,15362,42940,850440320,0,0,0
SA204,20220218,20220218,112519000,11:25:19,2810,15362,42940,850440320,0,0,0
SA204,20220218,20220218,112519500,11:25:19,2810,15362,42940,850440320,0,0,0
SA204,20220218,20220218,112520000,11:25:21,2808,15364,42939,850551040,2,-1,110720
SA204,20220218,20220218,112520500,11:25:21,2808,15364,42939,850551040,0,0,0
SA204,20220218,20220218,112521000,11:25:21,2808,15364,42939,850551040,0,0,0
SA204,20220218,20220218,112521500,11:25:22,2808,15364,42939,850551040,0,0,0
SA204,20220218,20220218,112522000,11:25:22,2808,15364,42939,850551040,0,0,0
SA204,20220218,20220218,112522500,11:25:22,2808,15364,42939,850551040,0,0,0
SA204,20220218,20220218,112523000,11:25:23,2808,15364,42939,850551040,0,0,0
SA204,20220218,20220218,112523500,11:25:24,2808,15364,42939,850551040,0,0,0
SA204,20220218,20220218,112524000,11:25:25,2808,15364,42939,850551040,0,0,0
SA204,20220218,20220218,112524500,11:25:25,2808,15364,42939,850551040,0,0,0
SA204,20220218,20220218,112525000,11:25:25,2810,15366,42937,850661760,2,-2,110720
SA204,20220218,20220218,112525500,11:25:26,2810,15366,42937,850661760,0,0,0
SA204,20220218,20220218,112526000,11:25:26,2810,15366,42937,850661760,0,0,0
SA204,20220218,20220218,112526500,11:25:27,2810,15366,42937,850661760,0,0,0
SA204,20220218,20220218,112527000,11:25:27,2810,15366,42937,850661760,0,0,0
SA204,20220218,20220218,112527500,11:25:28,2810,15366,42937,850661760,0,0,0
SA204,20220218,20220218,112528000,11:25:28,2810,15366,42937,850661760,0,0,0
SA204,20220218,20220218,112528500,11:25:28,2810,15366,42937,850661760,0,0,0
SA204,20220218,20220218,112529000,11:25:29,2810,15366,42937,850661760,0,0,0
SA204,20220218,20220218,112529500,11:25:30,2810,15366,42937,850661760,0,0,0
SA204,20220218,20220218,112530000,11:25:30,2810,15366,42937,850661760,0,0,0
SA204,20220218,20220218,112530500,11:25:31,2810,15366,42937,850661760,0,0,0
SA204,20220218,20220218,112531000,11:25:31,2807,15368,42936,850772480,2,-1,110720
SA204,20220218,20220218,112531500,11:25:32,2807,15368,42936,850772480,0,0,0
SA204,20220218,20220218,112532000,11:25:32,2807,15368,42936,850772480,0,0,0
SA204,20220218,20220218,112532500,11:25:33,2807,15368,42936,850772480,0,0,0
SA204,20220218,20220218,112533000,11:25:33,2807,15368,42936,850772480,0,0,0
SA204,20220218,20220218,112533500,11:25:33,2807,15368,42936,850772480,0,0,0
SA204,20220218,20220218,112534000,11:25:34,2807,15368,42936,850772480,0,0,0
SA204,20220218,20220218,112534500,11:25:35,2807,15368,42936,850772480,0,0,0
SA204,20220218,20220218,112535000,11:25:37,2807,15368,42936,850772480,0,0,0
SA204,20220218,20220218,112535500,11:25:37,2807,15368,42936,850772480,0,0,0
SA204,20220218,20220218,112536000,11:25:37,2807,15368,42936,850772480,0,0,0
SA204,20220218,20220218,112536500,11:25:37,2807,15368,42936,850772480,0,0,0
SA204,20220218,20220218,112537000,11:25:38,2807,15368,42936,850772480,0,0,0
SA204,20220218,20220218,112537500,11:25:38,2807,15368,42936,850772480,0,0,0
SA204,20220218,20220218,112538000,11:25:38,2807,15368,42936,850772480,0,0,0
SA204,20220218,20220218,112538500,11:25:39,2807,15368,42936,850772480,0,0,0
SA204,20220218,20220218,112539000,11:25:39,2807,15368,42936,850772480,0,0,0
SA204,20220218,20220218,112539500,11:25:40,2807,15368,42936,850772480,0,0,0
SA204,20220218,20220218,112540000,11:25:40,2807,15368,42936,850772480,0,0,0
SA204,20220218,20220218,112540500,11:25:41,2807,15368,42936,850772480,0,0,0
SA204,20220218,20220218,112541000,11:25:41,2807,15368,42936,850772480,0,0,0
SA204,20220218,20220218,112541500,11:25:41,2807,15368,42936,850772480,0,0,0
SA204,20220218,20220218,112542000,11:25:42,2807,15368,42936,850772480,0,0,0
SA204,20220218,20220218,112542500,11:25:43,2807,15368,42936,850772480,0,0,0
SA204,20220218,20220218,112543000,11:25:43,2807,15368,42936,850772480,0,0,0
SA204,20220218,20220218,112543500,11:25:43,2807,15368,42936,850772480,0,0,0
SA204,20220218,20220218,112544000,11:25:44,2807,15368,42936,850772480,0,0,0
SA204,20220218,20220218,112544500,11:25:44,2807,15368,42936,850772480,0,0,0
SA204,20220218,20220218,112545000,11:25:45,2807,15368,42936,850772480,0,0,0
SA204,20220218,20220218,112545500,11:25:46,2807,15368,42936,850772480,0,0,0
SA204,20220218,20220218,112546000,11:25:47,2807,15368,42936,850772480,0,0,0
SA204,20220218,20220218,112546500,11:25:48,2807,15368,42936,850772480,0,0,0
SA204,20220218,20220218,112547000,11:25:48,2807,15368,42936,850772480,0,0,0
SA204,20220218,20220218,112547500,11:25:48,2807,15368,42936,850772480,0,0,0
SA204,20220218,20220218,112548000,11:25:48,2807,15368,42936,850772480,0,0,0
SA204,20220218,20220218,112548500,11:25:48,2807,15368,42936,850772480,0,0,0
SA204,20220218,20220218,112549000,11:25:49,2807,15368,42936,850772480,0,0,0
SA204,20220218,20220218,112549500,11:25:49,2807,15368,42936,850772480,0,0,0
SA204,20220218,20220218,112550000,11:25:50,2807,15368,42936,850772480,0,0,0
SA204,20220218,20220218,112550500,11:25:51,2807,15368,42936,850772480,0,0,0
SA204,20220218,20220218,112551000,11:25:51,2807,15368,42936,850772480,0,0,0
SA204,20220218,20220218,112551500,11:25:51,2807,15368,42936,850772480,0,0,0
SA204,20220218,20220218,112552000,11:25:52,2807,15368,42936,850772480,0,0,0
SA204,20220218,20220218,112552500,11:25:52,2807,15368,42936,850772480,0,0,0
SA204,20220218,20220218,112553000,11:25:53,2807,15368,42936,850772480,0,0,0
SA204,20220218,20220218,112553500,11:25:54,2807,15368,42936,850772480,0,0,0
SA204,20220218,20220218,112554000,11:25:54,2807,15368,42936,850772480,0,0,0
SA204,20220218,20220218,112554500,11:25:55,2807,15368,42936,850772480,0,0,0
SA204,20220218,20220218,112555000,11:25:55,2807,15368,42936,850772480,0,0,0
SA204,20220218,20220218,112555500,11:25:56,2807,15368,42936,850772480,0,0,0
SA204,20220218,20220218,112556000,11:25:57,2807,15368,42936,850772480,0,0,0
SA204,20220218,20220218,112556500,11:25:57,2807,15369,42936,850827840,1,0,55360
SA204,20220218,20220218,112557000,11:25:57,2807,15369,42936,850827840,0,0,0
SA204,20220218,20220218,112557500,11:25:57,2807,15369,42936,850827840,0,0,0
SA204,20220218,20220218,112558000,11:25:59,2807,15369,42936,850827840,0,0,0
SA204,20220218,20220218,112558500,11:25:59,2807,15369,42936,850827840,0,0,0
SA204,20220218,20220218,112559000,11:26:00,2807,15369,42936,850827840,0,0,0
SA204,20220218,20220218,112559500,11:26:00,2807,15369,42936,850827840,0,0,0
SA204,20220218,20220218,112600000,11:26:00,2807,15369,42936,850827840,0,0,0
SA204,20220218,20220218,112600500,11:26:01,2807,15369,42936,850827840,0,0,0
SA204,20220218,20220218,112601000,11:26:01,2807,15369,42936,850827840,0,0,0
SA204,20220218,20220218,112601500,11:26:01,2807,15369,42936,850827840,0,0,0
SA204,20220218,20220218,112602000,11:26:03,2807,15369,42936,850827840,0,0,0
SA204,20220218,20220218,112602500,11:26:03,2807,15369,42936,850827840,0,0,0
SA204,20220218,20220218,112603000,11:26:03,2807,15369,42936,850827840,0,0,0
SA204,20220218,20220218,112603500,11:26:04,2807,15369,42936,850827840,0,0,0
SA204,20220218,20220218,112604000,11:26:05,2807,15369,42936,850827840,0,0,0
SA204,20220218,20220218,112604500,11:26:05,2807,15369,42936,850827840,0,0,0
SA204,20220218,20220218,112605000,11:26:05,2807,15369,42936,850827840,0,0,0
SA204,20220218,20220218,112605500,11:26:06,2807,15369,42936,850827840,0,0,0
SA204,20220218,20220218,112606000,11:26:06,2807,15369,42936,850827840,0,0,0
SA204,20220218,20220218,112606500,11:26:09,2807,15369,42936,850827840,0,0,0
SA204,20220218,20220218,112607000,11:26:09,2810,15373,42934,851049280,4,-2,221440
SA204,20220218,20220218,112607500,11:26:09,2810,15373,42934,851049280,0,0,0
SA204,20220218,20220218,112609000,11:26:09,2810,15374,42934,851104640,1,0,55360
SA204,20220218,20220218,112609500,11:26:10,2810,15374,42934,851104640,0,0,0
SA204,20220218,20220218,112610000,11:26:10,2810,15374,42934,851104640,0,0,0
SA204,20220218,20220218,112610500,11:26:11,2810,15374,42934,851104640,0,0,0
SA204,20220218,20220218,112611000,11:26:11,2810,15374,42934,851104640,0,0,0
SA204,20220218,20220218,112611500,11:26:13,2810,15374,42934,851104640,0,0,0
SA204,20220218,20220218,112612000,11:26:14,2810,15374,42934,851104640,0,0,0
SA204,20220218,20220218,112612500,11:26:14,2810,15374,42934,851104640,0,0,0
SA204,20220218,20220218,112613000,11:26:15,2810,15374,42934,851104640,0,0,0
SA204,20220218,20220218,112614000,11:26:15,2810,15374,42934,851104640,0,0,0
SA204,20220218,20220218,112614500,11:26:15,2810,15374,42934,851104640,0,0,0
SA204,20220218,20220218,112615000,11:26:16,2810,15374,42934,851104640,0,0,0
SA204,20220218,20220218,112615500,11:26:16,2810,15374,42934,851104640,0,0,0
SA204,20220218,20220218,112616000,11:26:16,2810,15374,42934,851104640,0,0,0
SA204,20220218,20220218,112616500,11:26:17,2810,15374,42934,851104640,0,0,0
SA204,20220218,20220218,112617000,11:26:17,2810,15374,42934,851104640,0,0,0
SA204,20220218,20220218,112617500,11:26:17,2810,15374,42934,851104640,0,0,0
SA204,20220218,20220218,112618000,11:26:18,2810,15374,42934,851104640,0,0,0
SA204,20220218,20220218,112618500,11:26:19,2810,15374,42934,851104640,0,0,0
SA204,20220218,20220218,112619000,11:26:19,2810,15374,42934,851104640,0,0,0
SA204,20220218,20220218,112619500,11:26:20,2810,15374,42934,851104640,0,0,0
SA204,20220218,20220218,112620000,11:26:20,2810,15374,42934,851104640,0,0,0
SA204,20220218,20220218,112620500,11:26:20,2810,15374,42934,851104640,0,0,0
SA204,20220218,20220218,112621000,11:26:21,2810,15374,42934,851104640,0,0,0
SA204,20220218,20220218,112621500,11:26:21,2810,15374,42934,851104640,0,0,0
SA204,20220218,20220218,112622000,11:26:22,2810,15374,42934,851104640,0,0,0
SA204,20220218,20220218,112622500,11:26:23,2810,15374,42934,851104640,0,0,0
SA204,20220218,20220218,112623000,11:26:23,2810,15374,42934,851104640,0,0,0
SA204,20220218,20220218,112623500,11:26:23,2810,15374,42934,851104640,0,0,0
SA204,20220218,20220218,112624000,11:26:24,2810,15374,42934,851104640,0,0,0
SA204,20220218,20220218,112624500,11:26:24,2810,15374,42934,851104640,0,0,0
SA204,20220218,20220218,112625000,11:26:25,2810,15374,42934,851104640,0,0,0
SA204,20220218,20220218,112625500,11:26:25,2810,15374,42934,851104640,0,0,0
SA204,20220218,20220218,112626000,11:26:26,2810,15374,42934,851104640,0,0,0
SA204,20220218,20220218,112626500,11:26:27,2810,15374,42934,851104640,0,0,0
SA204,20220218,20220218,112627000,11:26:27,2810,15374,42934,851104640,0,0,0
SA204,20220218,20220218,112627500,11:26:27,2810,15374,42934,851104640,0,0,0
SA204,20220218,20220218,112628000,11:26:28,2810,15374,42934,851104640,0,0,0
SA204,20220218,20220218,112628500,11:26:28,2810,15374,42934,851104640,0,0,0
SA204,20220218,20220218,112629000,11:26:29,2810,15374,42934,851104640,0,0,0
SA204,20220218,20220218,112629500,11:26:30,2810,15374,42934,851104640,0,0,0
SA204,20220218,20220218,112630000,11:26:31,2810,15374,42934,851104640,0,0,0
SA204,20220218,20220218,112630500,11:26:31,2810,15374,42934,851104640,0,0,0
SA204,20220218,20220218,112631000,11:26:31,2810,15374,42934,851104640,0,0,0
SA204,20220218,20220218,112631500,11:26:32,2810,15374,42934,851104640,0,0,0
SA204,20220218,20220218,112632000,11:26:32,2807,15376,42936,851215360,2,2,110720
SA204,20220218,20220218,112632500,11:26:32,2807,15376,42936,851215360,0,0,0
SA204,20220218,20220218,112633000,11:26:33,2807,15376,42936,851215360,0,0,0
SA204,20220218,20220218,112633500,11:26:34,2807,15376,42936,851215360,0,0,0
SA204,20220218,20220218,112634000,11:26:35,2807,15376,42936,851215360,0,0,0
SA204,20220218,20220218,112634500,11:26:37,2807,15376,42936,851215360,0,0,0
SA204,20220218,20220218,112635000,11:26:37,2807,15376,42936,851215360,0,0,0
SA204,20220218,20220218,112635500,11:26:38,2807,15376,42936,851215360,0,0,0
SA204,20220218,20220218,112637000,11:26:38,2807,15376,42936,851215360,0,0,0
SA204,20220218,20220218,112637500,11:27:10,2807,15376,42936,851215360,0,0,0
SA204,20220218,20220218,112638000,11:27:10,2807,15376,42936,851215360,0,0,0
SA204,20220218,20220218,112653500,11:27:10,2807,15376,42936,851215360,0,0,0
SA204,20220218,20220218,112710000,11:27:12,2807,15376,42936,851215360,0,0,0
SA204,20220218,20220218,112710500,11:27:12,2807,15376,42936,851215360,0,0,0
SA204,20220218,20220218,112712000,11:27:12,2807,15376,42936,851215360,0,0,0
SA204,20220218,20220218,112712500,11:27:13,2807,15376,42936,851215360,0,0,0
SA204,20220218,20220218,112713000,11:27:14,2807,15376,42936,851215360,0,0,0
SA204,20220218,20220218,112713500,11:27:14,2807,15376,42936,851215360,0,0,0
SA204,20220218,20220218,112714000,11:27:15,2807,15376,42936,851215360,0,0,0
SA204,20220218,20220218,112714500,11:27:15,2807,15376,42936,851215360,0,0,0
SA204,20220218,20220218,112715000,11:27:16,2807,15376,42936,851215360,0,0,0
SA204,20220218,20220218,112715500,11:27:16,2807,15376,42936,851215360,0,0,0
SA204,20220218,20220218,112716000,11:27:17,2813,15423,42916,853817280,47,-20,2601920
SA204,20220218,20220218,112716500,11:27:17,2813,15427,42912,854038720,4,-4,221440
SA204,20220218,20220218,112717000,11:27:17,2813,15427,42912,854038720,0,0,0
SA204,20220218,20220218,112717500,11:27:17,2813,15427,42912,854038720,0,0,0
SA204,20220218,20220218,112718000,11:27:18,2813,15427,42912,854038720,0,0,0
SA204,20220218,20220218,112718500,11:27:19,2813,15427,42912,854038720,0,0,0
SA204,20220218,20220218,112719000,11:27:19,2814,15434,42908,854426240,7,-4,387520
SA204,20220218,20220218,112719500,11:27:20,2814,15434,42908,854426240,0,0,0
SA204,20220218,20220218,112720000,11:27:20,2814,15434,42908,854426240,0,0,0
SA204,20220218,20220218,112720500,11:27:21,2814,15434,42908,854426240,0,0,0
SA204,20220218,20220218,112721000,11:27:21,2814,15434,42908,854426240,0,0,0
SA204,20220218,20220218,112721500,11:27:22,2814,15434,42908,854426240,0,0,0
SA204,20220218,20220218,112722000,11:27:22,2814,15434,42908,854426240,0,0,0
SA204,20220218,20220218,112722500,11:27:26,2814,15434,42908,854426240,0,0,0
SA204,20220218,20220218,112723000,11:27:27,2814,15434,42908,854426240,0,0,0
SA204,20220218,20220218,112723500,11:27:27,2814,15436,42906,854536960,2,-2,110720
SA204,20220218,20220218,112724000,11:27:27,2814,15436,42906,854536960,0,0,0
SA204,20220218,20220218,112726500,11:27:27,2814,15436,42906,854536960,0,0,0
SA204,20220218,20220218,112727000,11:27:27,2813,15445,42900,855035200,9,-6,498240
SA204,20220218,20220218,112727500,11:27:27,2813,15445,42900,855035200,0,0,0
SA204,20220218,20220218,112728000,11:27:28,2813,15445,42900,855035200,0,0,0
SA204,20220218,20220218,112728500,11:27:28,2813,15445,42900,855035200,0,0,0
SA204,20220218,20220218,112729000,11:27:29,2813,15445,42900,855035200,0,0,0
SA204,20220218,20220218,112729500,11:27:30,2813,15445,42900,855035200,0,0,0
SA204,20220218,20220218,112730000,11:27:30,2813,15445,42900,855035200,0,0,0
SA204,20220218,20220218,112730500,11:27:31,2813,15445,42900,855035200,0,0,0
SA204,20220218,20220218,112731000,11:27:32,2813,15445,42900,855035200,0,0,0
SA204,20220218,20220218,112731500,11:27:35,2813,15445,42900,855035200,0,0,0
SA204,20220218,20220218,112732000,11:27:36,2812,15446,42899,855090560,1,-1,55360
SA204,20220218,20220218,112735500,11:27:36,2812,15446,42899,855090560,0,0,0
SA204,20220218,20220218,112736000,11:27:37,2812,15446,42899,855090560,0,0,0
SA204,20220218,20220218,112736500,11:27:38,2812,15446,42899,855090560,0,0,0
SA204,20220218,20220218,112737000,11:27:38,2812,15446,42899,855090560,0,0,0
SA204,20220218,20220218,112737500,11:27:38,2812,15446,42899,855090560,0,0,0
SA204,20220218,20220218,112738000,11:27:38,2812,15446,42899,855090560,0,0,0
SA204,20220218,20220218,112738500,11:27:39,2812,15446,42899,855090560,0,0,0
SA204,20220218,20220218,112739000,11:27:39,2812,15446,42899,855090560,0,0,0
SA204,20220218,20220218,112739500,11:27:40,2812,15446,42899,855090560,0,0,0
SA204,20220218,20220218,112740000,11:27:40,2812,15446,42899,855090560,0,0,0
SA204,20220218,20220218,112740500,11:27:40,2812,15446,42899,855090560,0,0,0
SA204,20220218,20220218,112741000,11:27:41,2812,15446,42899,855090560,0,0,0
SA204,20220218,20220218,112741500,11:27:42,2812,15446,42899,855090560,0,0,0
SA204,20220218,20220218,112742000,11:27:42,2812,15446,42899,855090560,0,0,0
SA204,20220218,20220218,112742500,11:27:43,2811,15450,42900,855312000,4,1,221440
SA204,20220218,20220218,112743000,11:27:43,2811,15450,42900,855312000,0,0,0
SA204,20220218,20220218,112743500,11:27:43,2811,15450,42900,855312000,0,0,0
SA204,20220218,20220218,112744000,11:27:44,2811,15450,42900,855312000,0,0,0
SA204,20220218,20220218,112744500,11:27:45,2811,15450,42900,855312000,0,0,0
SA204,20220218,20220218,112745000,11:27:46,2811,15450,42900,855312000,0,0,0
SA204,20220218,20220218,112745500,11:27:46,2811,15450,42900,855312000,0,0,0
SA204,20220218,20220218,112746000,11:27:46,2811,15450,42900,855312000,0,0,0
SA204,20220218,20220218,112746500,11:27:47,2811,15450,42900,855312000,0,0,0
SA204,20220218,20220218,112747000,11:27:47,2811,15450,42900,855312000,0,0,0
SA204,20220218,20220218,112747500,11:27:48,2811,15450,42900,855312000,0,0,0
SA204,20220218,20220218,112748000,11:27:53,2811,15450,42900,855312000,0,0,0
SA204,20220218,20220218,112748500,11:27:54,2811,15450,42900,855312000,0,0,0
SA204,20220218,20220218,112749000,11:27:54,2811,15450,42900,855312000,0,0,0
SA204,20220218,20220218,112749500,11:27:54,2811,15450,42900,855312000,0,0,0
SA204,20220218,20220218,112754000,11:27:54,2811,15450,42900,855312000,0,0,0
SA204,20220218,20220218,112754500,11:27:55,2811,15450,42900,855312000,0,0,0
SA204,20220218,20220218,112755500,11:27:55,2811,15450,42900,855312000,0,0,0
SA204,20220218,20220218,112756000,11:27:56,2811,15450,42900,855312000,0,0,0
SA204,20220218,20220218,112756500,11:27:56,2811,15450,42900,855312000,0,0,0
SA204,20220218,20220218,112757000,11:27:57,2811,15450,42900,855312000,0,0,0
SA204,20220218,20220218,112757500,11:27:57,2811,15450,42900,855312000,0,0,0
SA204,20220218,20220218,112758000,11:27:58,2811,15450,42900,855312000,0,0,0
SA204,20220218,20220218,112758500,11:27:59,2811,15450,42900,855312000,0,0,0
SA204,20220218,20220218,112759000,11:27:59,2811,15450,42900,855312000,0,0,0
SA204,20220218,20220218,112759500,11:27:59,2811,15450,42900,855312000,0,0,0
SA204,20220218,20220218,112800000,11:28:01,2811,15450,42900,855312000,0,0,0
SA204,20220218,20220218,112800500,11:28:01,2811,15450,42900,855312000,0,0,0
SA204,20220218,20220218,112801000,11:28:01,2811,15450,42900,855312000,0,0,0
SA204,20220218,20220218,112801500,11:28:02,2811,15450,42900,855312000,0,0,0
SA204,20220218,20220218,112802000,11:28:03,2811,15450,42900,855312000,0,0,0
SA204,20220218,20220218,112802500,11:28:03,2811,15450,42900,855312000,0,0,0
SA204,20220218,20220218,112803000,11:28:04,2811,15450,42900,855312000,0,0,0
SA204,20220218,20220218,112803500,11:28:04,2811,15450,42900,855312000,0,0,0
SA204,20220218,20220218,112804000,11:28:05,2811,15450,42900,855312000,0,0,0
SA204,20220218,20220218,112804500,11:28:05,2811,15450,42900,855312000,0,0,0
SA204,20220218,20220218,112805000,11:28:06,2811,15450,42900,855312000,0,0,0
SA204,20220218,20220218,112805500,11:28:06,2811,15450,42900,855312000,0,0,0
SA204,20220218,20220218,112806000,11:28:10,2811,15450,42900,855312000,0,0,0
SA204,20220218,20220218,112806500,11:28:10,2811,15450,42900,855312000,0,0,0
SA204,20220218,20220218,112810000,11:28:11,2813,15452,42898,855422720,2,-2,110720
SA204,20220218,20220218,112810500,11:28:12,2813,15452,42898,855422720,0,0,0
SA204,20220218,20220218,112811000,11:28:12,2813,15452,42898,855422720,0,0,0
SA204,20220218,20220218,112811500,11:28:12,2813,15452,42898,855422720,0,0,0
SA204,20220218,20220218,112812000,11:28:13,2813,15452,42898,855422720,0,0,0
SA204,20220218,20220218,112812500,11:28:13,2813,15453,42897,855478080,1,-1,55360
SA204,20220218,20220218,112813000,11:28:13,2815,15454,42896,855533440,1,-1,55360
SA204,20220218,20220218,112813500,11:28:14,2815,15455,42896,855588800,1,0,55360
SA204,20220218,20220218,112814000,11:28:14,2816,15457,42894,855699520,2,-2,110720
SA204,20220218,20220218,112814500,11:28:14,2816,15477,42887,856806720,20,-7,1107200
SA204,20220218,20220218,112815000,11:28:15,2816,15477,42887,856806720,0,0,0
SA204,20220218,20220218,112815500,11:28:15,2816,15477,42887,856806720,0,0,0
SA204,20220218,20220218,112816000,11:28:16,2816,15477,42887,856806720,0,0,0
SA204,20220218,20220218,112816500,11:28:16,2816,15477,42887,856806720,0,0,0
SA204,20220218,20220218,112817000,11:28:17,2818,15478,42887,856862080,1,0,55360
SA204,20220218,20220218,112817500,11:28:17,2818,15478,42887,856862080,0,0,0
SA204,20220218,20220218,112818000,11:28:18,2818,15478,42887,856862080,0,0,0
SA204,20220218,20220218,112818500,11:28:18,2818,15478,42887,856862080,0,0,0
SA204,20220218,20220218,112819000,11:28:19,2818,15478,42887,856862080,0,0,0
SA204,20220218,20220218,112819500,11:28:20,2818,15478,42887,856862080,0,0,0
SA204,20220218,20220218,112820000,11:28:20,2818,15478,42887,856862080,0,0,0
SA204,20220218,20220218,112820500,11:28:20,2818,15478,42887,856862080,0,0,0
SA204,20220218,20220218,112821000,11:28:21,2818,15478,42887,856862080,0,0,0
SA204,20220218,20220218,112821500,11:28:22,2818,15478,42887,856862080,0,0,0
SA204,20220218,20220218,112822000,11:28:22,2818,15478,42887,856862080,0,0,0
SA204,20220218,20220218,112822500,11:28:22,2818,15478,42887,856862080,0,0,0
SA204,20220218,20220218,112823000,11:28:23,2819,15483,42882,857138880,5,-5,276800
SA204,20220218,20220218,112823500,11:28:23,2819,15483,42882,857138880,0,0,0
SA204,20220218,20220218,112824000,11:28:24,2819,15483,42882,857138880,0,0,0
SA204,20220218,20220218,112824500,11:28:24,2819,15483,42882,857138880,0,0,0
SA204,20220218,20220218,112825000,11:28:25,2819,15483,42882,857138880,0,0,0
SA204,20220218,20220218,112825500,11:28:25,2819,15483,42882,857138880,0,0,0
SA204,20220218,20220218,112826000,11:28:26,2819,15483,42882,857138880,0,0,0
SA204,20220218,20220218,112826500,11:28:27,2819,15483,42882,857138880,0,0,0
SA204,20220218,20220218,112827000,11:28:27,2819,15483,42882,857138880,0,0,0
SA204,20220218,20220218,112827500,11:28:27,2819,15483,42882,857138880,0,0,0
SA204,20220218,20220218,112828000,11:28:28,2819,15483,42882,857138880,0,0,0
SA204,20220218,20220218,112828500,11:28:28,2819,15483,42882,857138880,0,0,0
SA204,20220218,20220218,112829000,11:28:29,2819,15483,42882,857138880,0,0,0
SA204,20220218,20220218,112829500,11:28:29,2819,15483,42882,857138880,0,0,0
SA204,20220218,20220218,112830000,11:28:30,2819,15483,42882,857138880,0,0,0
SA204,20220218,20220218,112830500,11:28:31,2819,15483,42882,857138880,0,0,0
SA204,20220218,20220218,112831000,11:28:31,2820,15486,42881,857304960,3,-1,166080
SA204,20220218,20220218,112831500,11:28:32,2820,15486,42881,857304960,0,0,0
SA204,20220218,20220218,112832000,11:28:32,2820,15487,42881,857360320,1,0,55360
SA204,20220218,20220218,112832500,11:28:33,2820,15487,42881,857360320,0,0,0
SA204,20220218,20220218,112833000,11:28:33,2820,15487,42881,857360320,0,0,0
SA204,20220218,20220218,112833500,11:28:34,2820,15487,42881,857360320,0,0,0
SA204,20220218,20220218,112834000,11:28:34,2820,15487,42881,857360320,0,0,0
SA204,20220218,20220218,112834500,11:28:34,2820,15487,42881,857360320,0,0,0
SA204,20220218,20220218,112835000,11:28:35,2820,15487,42881,857360320,0,0,0
SA204,20220218,20220218,112835500,11:28:37,2820,15487,42881,857360320,0,0,0
SA204,20220218,20220218,112836000,11:28:37,2820,15487,42881,857360320,0,0,0
SA204,20220218,20220218,112836500,11:28:37,2820,15487,42881,857360320,0,0,0
SA204,20220218,20220218,112837000,11:28:37,2820,15487,42881,857360320,0,0,0
SA204,20220218,20220218,112837500,11:28:38,2820,15487,42881,857360320,0,0,0
SA204,20220218,20220218,112838000,11:28:38,2820,15487,42881,857360320,0,0,0
SA204,20220218,20220218,112838500,11:28:38,2820,15487,42881,857360320,0,0,0
SA204,20220218,20220218,112839000,11:28:40,2817,15488,42880,857415680,1,-1,55360
SA204,20220218,20220218,112839500,11:28:40,2817,15488,42880,857415680,0,0,0
SA204,20220218,20220218,112840000,11:28:40,2817,15488,42880,857415680,0,0,0
SA204,20220218,20220218,112840500,11:28:40,2817,15488,42880,857415680,0,0,0
SA204,20220218,20220218,112841000,11:28:41,2817,15488,42880,857415680,0,0,0
SA204,20220218,20220218,112841500,11:28:42,2817,15488,42880,857415680,0,0,0
SA204,20220218,20220218,112842000,11:28:42,2818,15489,42879,857471040,1,-1,55360
SA204,20220218,20220218,112842500,11:28:42,2818,15490,42878,857526400,1,-1,55360
SA204,20220218,20220218,112843000,11:28:43,2818,15490,42878,857526400,0,0,0
SA204,20220218,20220218,112843500,11:28:44,2818,15490,42878,857526400,0,0,0
SA204,20220218,20220218,112844000,11:28:44,2818,15490,42878,857526400,0,0,0
SA204,20220218,20220218,112844500,11:28:45,2818,15490,42878,857526400,0,0,0
SA204,20220218,20220218,112845000,11:28:45,2818,15490,42878,857526400,0,0,0
SA204,20220218,20220218,112845500,11:28:45,2820,15491,42878,857581760,1,0,55360
SA204,20220218,20220218,112846000,11:28:46,2820,15491,42878,857581760,0,0,0
SA204,20220218,20220218,112846500,11:28:46,2820,15491,42878,857581760,0,0,0
SA204,20220218,20220218,112847000,11:28:47,2820,15491,42878,857581760,0,0,0
SA204,20220218,20220218,112847500,11:28:48,2820,15491,42878,857581760,0,0,0
SA204,20220218,20220218,112848000,11:28:48,2820,15491,42878,857581760,0,0,0
SA204,20220218,20220218,112848500,11:28:48,2819,15501,42874,858135360,10,-4,553600
SA204,20220218,20220218,112849000,11:28:49,2819,15503,42872,858246080,2,-2,110720
SA204,20220218,20220218,112849500,11:28:50,2819,15503,42872,858246080,0,0,0
SA204,20220218,20220218,112850000,11:28:50,2819,15503,42872,858246080,0,0,0
SA204,20220218,20220218,112850500,11:28:51,2819,15503,42872,858246080,0,0,0
SA204,20220218,20220218,112851000,11:28:51,2819,15503,42872,858246080,0,0,0
SA204,20220218,20220218,112851500,11:28:51,2819,15503,42872,858246080,0,0,0
SA204,20220218,20220218,112852000,11:28:53,2819,15503,42872,858246080,0,0,0
SA204,20220218,20220218,112852500,11:28:54,2819,15503,42872,858246080,0,0,0
SA204,20220218,20220218,112853000,11:28:54,2819,15504,42872,858301440,1,0,55360
SA204,20220218,20220218,112853500,11:28:54,2819,15504,42872,858301440,0,0,0
SA204,20220218,20220218,112854000,11:28:54,2819,15504,42872,858301440,0,0,0
SA204,20220218,20220218,112854500,11:28:54,2819,15504,42872,858301440,0,0,0
SA204,20220218,20220218,112855000,11:28:55,2819,15504,42872,858301440,0,0,0
SA204,20220218,20220218,112855500,11:28:56,2819,15504,42872,858301440,0,0,0
SA204,20220218,20220218,112856000,11:28:56,2819,15504,42872,858301440,0,0,0
SA204,20220218,20220218,112856500,11:28:56,2819,15504,42872,858301440,0,0,0
SA204,20220218,20220218,112857000,11:28:57,2819,15504,42872,858301440,0,0,0
SA204,20220218,20220218,112857500,11:28:58,2819,15504,42872,858301440,0,0,0
SA204,20220218,20220218,112858000,11:28:58,2819,15504,42872,858301440,0,0,0
SA204,20220218,20220218,112858500,11:28:59,2819,15504,42872,858301440,0,0,0
SA204,20220218,20220218,112859000,11:28:59,2819,15504,42872,858301440,0,0,0
SA204,20220218,20220218,112859500,11:29:00,2819,15504,42872,858301440,0,0,0
SA204,20220218,20220218,112900000,11:29:00,2819,15504,42872,858301440,0,0,0
SA204,20220218,20220218,112900500,11:29:01,2819,15504,42872,858301440,0,0,0
SA204,20220218,20220218,112901000,11:29:01,2818,15505,42871,858356800,1,-1,55360
SA204,20220218,20220218,112901500,11:29:02,2818,15505,42871,858356800,0,0,0
SA204,20220218,20220218,112902000,11:29:02,2818,15505,42871,858356800,0,0,0
SA204,20220218,20220218,112902500,11:29:03,2818,15505,42871,858356800,0,0,0
SA204,20220218,20220218,112903000,11:29:03,2818,15505,42871,858356800,0,0,0
SA204,20220218,20220218,112903500,11:29:04,2818,15505,42871,858356800,0,0,0
SA204,20220218,20220218,112904000,11:29:04,2818,15505,42871,858356800,0,0,0
SA204,20220218,20220218,112904500,11:29:04,2818,15505,42871,858356800,0,0,0
SA204,20220218,20220218,112905000,11:29:05,2818,15505,42871,858356800,0,0,0
SA204,20220218,20220218,112905500,11:29:06,2818,15505,42871,858356800,0,0,0
SA204,20220218,20220218,112906000,11:29:06,2818,15505,42871,858356800,0,0,0
SA204,20220218,20220218,112906500,11:29:06,2818,15505,42871,858356800,0,0,0
SA204,20220218,20220218,112907000,11:29:07,2818,15505,42871,858356800,0,0,0
SA204,20220218,20220218,112907500,11:29:08,2818,15505,42871,858356800,0,0,0
SA204,20220218,20220218,112908000,11:29:08,2818,15505,42871,858356800,0,0,0
SA204,20220218,20220218,112908500,11:29:08,2818,15505,42871,858356800,0,0,0
SA204,20220218,20220218,112909000,11:29:09,2818,15505,42871,858356800,0,0,0
SA204,20220218,20220218,112909500,11:29:09,2818,15505,42871,858356800,0,0,0
SA204,20220218,20220218,112910000,11:29:10,2818,15505,42871,858356800,0,0,0
SA204,20220218,20220218,112910500,11:29:10,2818,15505,42871,858356800,0,0,0
SA204,20220218,20220218,112911000,11:29:11,2818,15505,42871,858356800,0,0,0
SA204,20220218,20220218,112911500,11:29:12,2818,15505,42871,858356800,0,0,0
SA204,20220218,20220218,112913000,11:29:13,2818,15505,42871,858356800,0,0,0
SA204,20220218,20220218,112913500,11:29:14,2818,15505,42871,858356800,0,0,0
SA204,20220218,20220218,112914000,11:29:14,2818,15505,42871,858356800,0,0,0
SA204,20220218,20220218,112914500,11:29:15,2818,15505,42871,858356800,0,0,0
SA204,20220218,20220218,112915000,11:29:15,2818,15505,42871,858356800,0,0,0
SA204,20220218,20220218,112915500,11:29:16,2818,15505,42871,858356800,0,0,0
SA204,20220218,20220218,112916000,11:29:16,2818,15505,42871,858356800,0,0,0
SA204,20220218,20220218,112918000,11:29:21,2818,15505,42871,858356800,0,0,0
SA204,20220218,20220218,112920500,11:29:21,2818,15505,42871,858356800,0,0,0
SA204,20220218,20220218,112921000,11:29:22,2818,15505,42871,858356800,0,0,0
SA204,20220218,20220218,112921500,11:29:24,2818,15505,42871,858356800,0,0,0
SA204,20220218,20220218,112922000,11:29:24,2818,15505,42871,858356800,0,0,0
SA204,20220218,20220218,112924000,11:29:24,2818,15505,42871,858356800,0,0,0
SA204,20220218,20220218,112924500,11:29:24,2818,15505,42871,858356800,0,0,0
SA204,20220218,20220218,112925000,11:29:25,2818,15505,42871,858356800,0,0,0
SA204,20220218,20220218,112925500,11:29:25,2818,15505,42871,858356800,0,0,0
SA204,20220218,20220218,112926000,11:29:26,2818,15505,42871,858356800,0,0,0
SA204,20220218,20220218,112926500,11:29:26,2818,15505,42871,858356800,0,0,0
SA204,20220218,20220218,112927000,11:29:27,2824,15626,42816,865367880,121,-55,7011080
SA204,20220218,20220218,112927500,11:29:28,2824,15626,42816,865367880,0,0,0
SA204,20220218,20220218,112928000,11:29:28,2824,15626,42816,865367880,0,0,0
SA204,20220218,20220218,112928500,11:29:29,2824,15626,42816,865367880,0,0,0
SA204,20220218,20220218,112929000,11:29:29,2824,15626,42816,865367880,0,0,0
SA204,20220218,20220218,112929500,11:29:30,2824,15626,42816,865367880,0,0,0
SA204,20220218,20220218,112930000,11:29:30,2824,15626,42816,865367880,0,0,0
SA204,20220218,20220218,112930500,11:29:31,2824,15626,42816,865367880,0,0,0
SA204,20220218,20220218,112931000,11:29:32,2825,15638,42817,866032440,12,1,664560
SA204,20220218,20220218,112931500,11:29:32,2825,15654,42809,866918520,16,-8,886080
SA204,20220218,20220218,112932000,11:29:36,2825,15654,42809,866918520,0,0,0
SA204,20220218,20220218,112932500,11:29:36,2825,15654,42809,866918520,0,0,0
SA204,20220218,20220218,112933000,11:29:37,2825,15654,42809,866918520,0,0,0
SA204,20220218,20220218,112933500,11:29:38,2825,15654,42809,866918520,0,0,0
SA204,20220218,20220218,112936500,11:29:38,2825,15654,42809,866918520,0,0,0
SA204,20220218,20220218,112937500,11:29:38,2825,15654,42809,866918520,0,0,0
SA204,20220218,20220218,112938000,11:29:38,2825,15654,42809,866918520,0,0,0
SA204,20220218,20220218,112938500,11:29:39,2825,15654,42809,866918520,0,0,0
SA204,20220218,20220218,112939000,11:29:39,2825,15654,42809,866918520,0,0,0
SA204,20220218,20220218,112939500,11:29:40,2825,15654,42809,866918520,0,0,0
SA204,20220218,20220218,112940000,11:29:40,2825,15654,42809,866918520,0,0,0
SA204,20220218,20220218,112940500,11:29:40,2825,15654,42809,866918520,0,0,0
SA204,20220218,20220218,112941000,11:29:41,2825,15654,42809,866918520,0,0,0
SA204,20220218,20220218,112941500,11:29:42,2825,15654,42809,866918520,0,0,0
SA204,20220218,20220218,112942000,11:29:43,2825,15654,42809,866918520,0,0,0
SA204,20220218,20220218,112942500,11:29:44,2825,15654,42809,866918520,0,0,0
SA204,20220218,20220218,112943000,11:29:45,2825,15654,42809,866918520,0,0,0
SA204,20220218,20220218,112943500,11:29:45,2825,15654,42809,866918520,0,0,0
SA204,20220218,20220218,112944000,11:29:45,2825,15654,42809,866918520,0,0,0
SA204,20220218,20220218,112944500,11:29:45,2825,15654,42809,866918520,0,0,0
SA204,20220218,20220218,112946000,11:29:46,2821,15656,42807,867029280,2,-2,110760
SA204,20220218,20220218,112946500,11:29:47,2821,15656,42807,867029280,0,0,0
SA204,20220218,20220218,112947000,11:29:47,2821,15656,42807,867029280,0,0,0
SA204,20220218,20220218,112947500,11:29:48,2821,15656,42807,867029280,0,0,0
SA204,20220218,20220218,112948000,11:29:49,2821,15656,42807,867029280,0,0,0
SA204,20220218,20220218,112948500,11:29:49,2821,15656,42807,867029280,0,0,0
SA204,20220218,20220218,112949000,11:29:50,2821,15656,42807,867029280,0,0,0
SA204,20220218,20220218,112949500,11:29:50,2821,15656,42807,867029280,0,0,0
SA204,20220218,20220218,112950000,11:29:51,2821,15656,42807,867029280,0,0,0
SA204,20220218,20220218,112951500,11:29:52,2821,15656,42807,867029280,0,0,0
SA204,20220218,20220218,112952000,11:29:52,2823,15657,42807,867084660,1,0,55380
SA204,20220218,20220218,112952500,11:29:53,2823,15657,42807,867084660,0,0,0
SA204,20220218,20220218,112953000,11:29:54,2823,15657,42807,867084660,0,0,0
SA204,20220218,20220218,112953500,11:29:54,2823,15657,42807,867084660,0,0,0
SA204,20220218,20220218,112954000,11:29:54,2823,15657,42807,867084660,0,0,0
SA204,20220218,20220218,112954500,11:29:54,2823,15657,42807,867084660,0,0,0
SA204,20220218,20220218,112955000,11:29:55,2823,15657,42807,867084660,0,0,0
SA204,20220218,20220218,112955500,11:29:56,2823,15657,42807,867084660,0,0,0
SA204,20220218,20220218,112956000,11:30:00,2823,15657,42807,867084660,0,0,0
SA204,20220218,20220218,112956500,11:30:00,2823,15657,42807,867084660,0,0,0
SA204,20220218,20220218,112957000,11:30:00,2823,15657,42807,867084660,0,0,0
SA204,20220218,20220218,112957500,11:30:02,2823,15657,42807,867084660,0,0,0
SA204,20220218,20220218,112959500,11:30:02,2823,15657,42807,867084660,0,0,0
SA204,20220218,20220218,113000000,11:30:03,2823,15657,42807,867084660,0,0,0
SA204,20220218,20220218,113000500,11:30:03,2823,15657,42807,867084660,0,0,0
SA204,20220218,20220218,133001000,13:30:01,2823,15657,42807,867084660,0,0,0
SA204,20220218,20220218,133001500,13:30:02,2824,15664,42807,867472320,7,0,387660
SA204,20220218,20220218,133002000,13:30:08,2823,15671,42805,867859980,7,-2,387660
SA204,20220218,20220218,133002500,13:30:10,2823,15671,42805,867859980,0,0,0
SA204,20220218,20220218,133006500,13:30:10,2822,15675,42805,868081500,4,0,221520
SA204,20220218,20220218,133009000,13:30:10,2822,15675,42805,868081500,0,0,0
SA204,20220218,20220218,133010000,13:30:11,2822,15675,42805,868081500,0,0,0
SA204,20220218,20220218,133010500,13:30:12,2822,15675,42805,868081500,0,0,0
SA204,20220218,20220218,133011000,13:30:13,2822,15675,42805,868081500,0,0,0
SA204,20220218,20220218,133012500,13:30:13,2822,15675,42805,868081500,0,0,0
SA204,20220218,20220218,133013000,13:30:13,2822,15675,42805,868081500,0,0,0
SA204,20220218,20220218,133013500,13:30:14,2822,15675,42805,868081500,0,0,0
SA204,20220218,20220218,133014000,13:30:15,2822,15675,42805,868081500,0,0,0
SA204,20220218,20220218,133014500,13:30:16,2827,15676,42804,868136880,1,-1,55380
SA204,20220218,20220218,133015000,13:30:17,2827,15676,42804,868136880,0,0,0
SA204,20220218,20220218,133016500,13:30:18,2827,15676,42804,868136880,0,0,0
SA204,20220218,20220218,133017000,13:30:18,2827,15676,42804,868136880,0,0,0
SA204,20220218,20220218,133017500,13:30:18,2827,15676,42804,868136880,0,0,0
SA204,20220218,20220218,133018000,13:30:19,2827,15676,42804,868136880,0,0,0
SA204,20220218,20220218,133018500,13:30:20,2827,15676,42804,868136880,0,0,0
SA204,20220218,20220218,133019000,13:30:20,2827,15676,42804,868136880,0,0,0
SA204,20220218,20220218,133019500,13:30:20,2827,15676,42804,868136880,0,0,0
SA204,20220218,20220218,133020000,13:30:21,2827,15676,42804,868136880,0,0,0
SA204,20220218,20220218,133020500,13:30:21,2827,15676,42804,868136880,0,0,0
SA204,20220218,20220218,133021000,13:30:21,2827,15676,42804,868136880,0,0,0
SA204,20220218,20220218,133021500,13:30:22,2827,15676,42804,868136880,0,0,0
SA204,20220218,20220218,133022000,13:30:38,2829,15677,42804,868192260,1,0,55380
SA204,20220218,20220218,133022500,13:30:38,2829,15677,42804,868192260,0,0,0
SA204,20220218,20220218,133023000,13:30:40,2829,15677,42804,868192260,0,0,0
SA204,20220218,20220218,133038000,13:30:40,2826,15721,42801,870628980,44,-3,2436720
SA204,20220218,20220218,133040500,13:30:42,2826,15722,42800,870684360,1,-1,55380
SA204,20220218,20220218,133041000,13:30:43,2826,15722,42800,870684360,0,0,0
SA204,20220218,20220218,133042500,13:30:44,2826,15722,42800,870684360,0,0,0
SA204,20220218,20220218,133043000,13:30:44,2826,15722,42800,870684360,0,0,0
SA204,20220218,20220218,133043500,13:30:45,2826,15722,42800,870684360,0,0,0
SA204,20220218,20220218,133044000,13:30:46,2826,15722,42800,870684360,0,0,0
SA204,20220218,20220218,133044500,13:30:46,2826,15722,42800,870684360,0,0,0
SA204,20220218,20220218,133045000,13:30:46,2826,15722,42800,870684360,0,0,0
SA204,20220218,20220218,133045500,13:30:47,2826,15722,42800,870684360,0,0,0
SA204,20220218,20220218,133046000,13:30:47,2826,15722,42800,870684360,0,0,0
SA204,20220218,20220218,133046500,13:30:47,2826,15725,42803,870850500,3,3,166140
SA204,20220218,20220218,133047000,13:30:48,2826,15725,42803,870850500,0,0,0
SA204,20220218,20220218,133047500,13:30:48,2826,15725,42803,870850500,0,0,0
SA204,20220218,20220218,133048000,13:30:49,2826,15725,42803,870850500,0,0,0
SA204,20220218,20220218,133048500,13:30:49,2826,15725,42803,870850500,0,0,0
SA204,20220218,20220218,133049000,13:30:50,2826,15725,42803,870850500,0,0,0
SA204,20220218,20220218,133049500,13:30:50,2826,15725,42803,870850500,0,0,0
SA204,20220218,20220218,133050000,13:30:51,2826,15725,42803,870850500,0,0,0
SA204,20220218,20220218,133050500,13:30:51,2826,15725,42803,870850500,0,0,0
SA204,20220218,20220218,133051000,13:30:52,2826,15725,42803,870850500,0,0,0
SA204,20220218,20220218,133051500,13:30:52,2826,15725,42803,870850500,0,0,0
SA204,20220218,20220218,133052000,13:30:53,2826,15725,42803,870850500,0,0,0
SA204,20220218,20220218,133052500,13:30:53,2826,15725,42803,870850500,0,0,0
SA204,20220218,20220218,133053000,13:30:54,2826,15725,42803,870850500,0,0,0
SA204,20220218,20220218,133053500,13:30:54,2826,15725,42803,870850500,0,0,0
SA204,20220218,20220218,133054000,13:30:55,2826,15725,42803,870850500,0,0,0
SA204,20220218,20220218,133054500,13:30:55,2826,15726,42803,870905880,1,0,55380
SA204,20220218,20220218,133055000,13:30:56,2826,15726,42803,870905880,0,0,0
SA204,20220218,20220218,133055500,13:30:56,2826,15726,42803,870905880,0,0,0
SA204,20220218,20220218,133056000,13:30:57,2826,15726,42803,870905880,0,0,0
SA204,20220218,20220218,133056500,13:30:57,2826,15726,42803,870905880,0,0,0
SA204,20220218,20220218,133057000,13:30:58,2826,15726,42803,870905880,0,0,0
SA204,20220218,20220218,133057500,13:30:58,2826,15726,42803,870905880,0,0,0
SA204,20220218,20220218,133058000,13:30:58,2826,15726,42803,870905880,0,0,0
SA204,20220218,20220218,133058500,13:30:59,2826,15726,42803,870905880,0,0,0
SA204,20220218,20220218,133059000,13:30:59,2826,15726,42803,870905880,0,0,0
SA204,20220218,20220218,133059500,13:30:59,2826,15726,42803,870905880,0,0,0
SA204,20220218,20220218,133100000,13:31:00,2827,15729,42802,871072020,3,-1,166140
SA204,20220218,20220218,133100500,13:31:01,2827,15729,42802,871072020,0,0,0
SA204,20220218,20220218,133101000,13:31:01,2827,15729,42802,871072020,0,0,0
SA204,20220218,20220218,133101500,13:31:01,2827,15734,42800,871348920,5,-2,276900
SA204,20220218,20220218,133102000,13:31:02,2827,15734,42800,871348920,0,0,0
SA204,20220218,20220218,133102500,13:31:02,2827,15734,42800,871348920,0,0,0
SA204,20220218,20220218,133103000,13:31:03,2827,15734,42800,871348920,0,0,0
SA204,20220218,20220218,133103500,13:31:05,2827,15734,42800,871348920,0,0,0
SA204,20220218,20220218,133104000,13:31:06,2827,15734,42800,871348920,0,0,0
SA204,20220218,20220218,133104500,13:31:06,2827,15736,42800,871459680,2,0,110760
SA204,20220218,20220218,133105500,13:31:07,2827,15736,42800,871459680,0,0,0
SA204,20220218,20220218,133106000,13:31:08,2827,15736,42800,871459680,0,0,0
SA204,20220218,20220218,133107000,13:31:08,2826,15742,42800,871791960,6,0,332280
SA204,20220218,20220218,133107500,13:31:09,2826,15742,42800,871791960,0,0,0
SA204,20220218,20220218,133108500,13:31:09,2826,15742,42800,871791960,0,0,0
SA204,20220218,20220218,133109000,13:31:09,2826,15742,42800,871791960,0,0,0
SA204,20220218,20220218,133109500,13:31:10,2826,15742,42800,871791960,0,0,0
SA204,20220218,20220218,133110000,13:31:11,2826,15742,42800,871791960,0,0,0
SA204,20220218,20220218,133110500,13:31:11,2826,15742,42800,871791960,0,0,0
SA204,20220218,20220218,133111000,13:31:11,2826,15742,42800,871791960,0,0,0
SA204,20220218,20220218,133111500,13:31:12,2826,15742,42800,871791960,0,0,0
SA204,20220218,20220218,133112000,13:31:13,2826,15742,42800,871791960,0,0,0
SA204,20220218,20220218,133112500,13:31:13,2826,15742,42800,871791960,0,0,0
SA204,20220218,20220218,133113000,13:31:14,2826,15742,42800,871791960,0,0,0
SA204,20220218,20220218,133113500,13:31:15,2826,15742,42800,871791960,0,0,0
SA204,20220218,20220218,133114000,13:31:15,2826,15742,42800,871791960,0,0,0
SA204,20220218,20220218,133114500,13:31:15,2826,15742,42800,871791960,0,0,0
SA204,20220218,20220218,133115000,13:31:15,2826,15742,42800,871791960,0,0,0
SA204,20220218,20220218,133115500,13:31:16,2826,15742,42800,871791960,0,0,0
SA204,20220218,20220218,133116000,13:31:16,2826,15742,42800,871791960,0,0,0
SA204,20220218,20220218,133116500,13:31:17,2826,15742,42800,871791960,0,0,0
SA204,20220218,20220218,133117000,13:31:18,2826,15742,42800,871791960,0,0,0
SA204,20220218,20220218,133117500,13:31:18,2826,15742,42800,871791960,0,0,0
SA204,20220218,20220218,133118000,13:31:19,2824,15743,42799,871847340,1,-1,55380
SA204,20220218,20220218,133118500,13:31:19,2824,15743,42799,871847340,0,0,0
SA204,20220218,20220218,133119000,13:31:19,2824,15743,42799,871847340,0,0,0
SA204,20220218,20220218,133119500,13:31:20,2824,15743,42799,871847340,0,0,0
SA204,20220218,20220218,133120000,13:31:20,2824,15743,42799,871847340,0,0,0
SA204,20220218,20220218,133120500,13:31:21,2824,15743,42799,871847340,0,0,0
SA204,20220218,20220218,133121000,13:31:21,2824,15743,42799,871847340,0,0,0
SA204,20220218,20220218,133121500,13:31:22,2824,15743,42799,871847340,0,0,0
SA204,20220218,20220218,133122000,13:31:23,2824,15743,42799,871847340,0,0,0
SA204,20220218,20220218,133122500,13:31:25,2824,15743,42799,871847340,0,0,0
SA204,20220218,20220218,133123000,13:31:25,2824,15743,42799,871847340,0,0,0
SA204,20220218,20220218,133123500,13:31:25,2824,15743,42799,871847340,0,0,0
SA204,20220218,20220218,133124500,13:31:25,2824,15743,42799,871847340,0,0,0
SA204,20220218,20220218,133156000,13:31:56,2824,15743,42799,871847340,0,0,0
SA204,20220218,20220218,133158500,13:31:58,2824,15743,42799,871847340,0,0,0
SA204,20220218,20220218,133159500,13:32:00,2824,15743,42799,871847340,0,0,0
SA204,20220218,20220218,133200000,13:32:01,2821,15764,42792,873010320,21,-7,1162980
SA204,20220218,20220218,133200500,13:32:01,2821,15764,42792,873010320,0,0,0
SA204,20220218,20220218,133201000,13:32:01,2821,15764,42792,873010320,0,0,0
SA204,20220218,20220218,133201500,13:32:01,2821,15764,42792,873010320,0,0,0
SA204,20220218,20220218,133202000,13:32:03,2821,15764,42792,873010320,0,0,0
SA204,20220218,20220218,133202500,13:32:04,2821,15764,42792,873010320,0,0,0
SA204,20220218,20220218,133203000,13:32:05,2821,15764,42792,873010320,0,0,0
SA204,20220218,20220218,133203500,13:32:05,2821,15764,42792,873010320,0,0,0
SA204,20220218,20220218,133204000,13:32:05,2821,15764,42792,873010320,0,0,0
SA204,20220218,20220218,133205000,13:32:05,2821,15764,42792,873010320,0,0,0
SA204,20220218,20220218,133205500,13:32:06,2821,15764,42792,873010320,0,0,0
SA204,20220218,20220218,133206000,13:32:07,2821,15764,42792,873010320,0,0,0
SA204,20220218,20220218,133206500,13:32:07,2821,15764,42792,873010320,0,0,0
SA204,20220218,20220218,133208000,13:32:09,2821,15764,42792,873010320,0,0,0
SA204,20220218,20220218,133210500,13:32:14,2820,15765,42792,873065700,1,0,55380
SA204,20220218,20220218,133211000,13:32:14,2820,15765,42792,873065700,0,0,0
SA204,20220218,20220218,133213000,13:32:15,2820,15765,42792,873065700,0,0,0
SA204,20220218,20220218,133214000,13:32:15,2820,15765,42792,873065700,0,0,0
SA204,20220218,20220218,133214500,13:32:16,2820,15765,42792,873065700,0,0,0
SA204,20220218,20220218,133215000,13:32:16,2820,15765,42792,873065700,0,0,0
SA204,20220218,20220218,133215500,13:32:16,2820,15765,42792,873065700,0,0,0
SA204,20220218,20220218,133216500,13:32:17,2820,15765,42792,873065700,0,0,0
SA204,20220218,20220218,133217000,13:32:18,2820,15765,42792,873065700,0,0,0
SA204,20220218,20220218,133217500,13:32:18,2820,15765,42792,873065700,0,0,0
SA204,20220218,20220218,133218500,13:32:19,2820,15765,42792,873065700,0,0,0
SA204,20220218,20220218,133219000,13:32:20,2820,15765,42792,873065700,0,0,0
SA204,20220218,20220218,133219500,13:32:20,2820,15765,42792,873065700,0,0,0
SA204,20220218,20220218,133220000,13:32:20,2820,15765,42792,873065700,0,0,0
SA204,20220218,20220218,133220500,13:32:21,2820,15765,42792,873065700,0,0,0
SA204,20220218,20220218,133221000,13:32:21,2820,15765,42792,873065700,0,0,0
SA204,20220218,20220218,133221500,13:32:22,2820,15765,42792,873065700,0,0,0
SA204,20220218,20220218,133222000,13:32:22,2820,15765,42792,873065700,0,0,0
SA204,20220218,20220218,133222500,13:32:24,2820,15765,42792,873065700,0,0,0
SA204,20220218,20220218,133223000,13:32:24,2820,15765,42792,873065700,0,0,0
SA204,20220218,20220218,133223500,13:32:24,2820,15765,42792,873065700,0,0,0
SA204,20220218,20220218,133224000,13:32:24,2820,15765,42792,873065700,0,0,0
SA204,20220218,20220218,133224500,13:32:25,2820,15765,42792,873065700,0,0,0
SA204,20220218,20220218,133225000,13:32:25,2820,15765,42792,873065700,0,0,0
SA204,20220218,20220218,133225500,13:32:26,2820,15765,42792,873065700,0,0,0
SA204,20220218,20220218,133226000,13:32:27,2820,15765,42792,873065700,0,0,0
SA204,20220218,20220218,133226500,13:32:27,2820,15765,42792,873065700,0,0,0
SA204,20220218,20220218,133227000,13:32:27,2820,15765,42792,873065700,0,0,0
SA204,20220218,20220218,133227500,13:32:32,2820,15765,42792,873065700,0,0,0
SA204,20220218,20220218,133228000,13:32:32,2820,15765,42792,873065700,0,0,0
SA204,20220218,20220218,133228500,13:32:32,2820,15765,42792,873065700,0,0,0
SA204,20220218,20220218,133229000,13:32:33,2820,15765,42792,873065700,0,0,0
SA204,20220218,20220218,133231500,13:32:34,2820,15765,42792,873065700,0,0,0
SA204,20220218,20220218,133234500,13:32:35,2820,15765,42792,873065700,0,0,0
SA204,20220218,20220218,133235000,13:32:36,2820,15765,42792,873065700,0,0,0
SA204,20220218,20220218,133235500,13:32:36,2820,15765,42792,873065700,0,0,0
SA204,20220218,20220218,133236000,13:32:37,2820,15765,42792,873065700,0,0,0
SA204,20220218,20220218,133236500,13:32:37,2820,15765,42792,873065700,0,0,0
SA204,20220218,20220218,133237000,13:32:37,2820,15765,42792,873065700,0,0,0
SA204,20220218,20220218,133237500,13:32:38,2820,15765,42792,873065700,0,0,0
SA204,20220218,20220218,133238000,13:32:38,2820,15765,42792,873065700,0,0,0
SA204,20220218,20220218,133238500,13:32:39,2820,15765,42792,873065700,0,0,0
SA204,20220218,20220218,133239000,13:32:39,2820,15765,42792,873065700,0,0,0
SA204,20220218,20220218,133239500,13:32:40,2820,15765,42792,873065700,0,0,0
SA204,20220218,20220218,133240000,13:32:40,2820,15765,42792,873065700,0,0,0
SA204,20220218,20220218,133240500,13:32:40,2820,15765,42792,873065700,0,0,0
SA204,20220218,20220218,133241000,13:32:41,2820,15765,42792,873065700,0,0,0
SA204,20220218,20220218,133242000,13:32:42,2820,15765,42792,873065700,0,0,0
SA204,20220218,20220218,133242500,13:32:42,2820,15765,42792,873065700,0,0,0
SA204,20220218,20220218,133244000,13:32:44,2820,15765,42792,873065700,0,0,0
SA204,20220218,20220218,133244500,13:32:45,2820,15765,42792,873065700,0,0,0
SA204,20220218,20220218,133245000,13:32:45,2820,15765,42792,873065700,0,0,0
SA204,20220218,20220218,133245500,13:32:45,2820,15765,42792,873065700,0,0,0
SA204,20220218,20220218,133246000,13:32:47,2820,15765,42792,873065700,0,0,0
SA204,20220218,20220218,133246500,13:32:47,2818,15767,42790,873176460,2,-2,110760
SA204,20220218,20220218,133247000,13:32:47,2818,15769,42788,873287220,2,-2,110760
SA204,20220218,20220218,133251500,13:32:53,2818,15769,42788,873287220,0,0,0
SA204,20220218,20220218,133253500,13:32:54,2818,15769,42788,873287220,0,0,0
SA204,20220218,20220218,133254000,13:32:54,2818,15770,42788,873342600,1,0,55380
SA204,20220218,20220218,133254500,13:32:55,2818,15770,42788,873342600,0,0,0
SA204,20220218,20220218,133255000,13:32:55,2818,15770,42788,873342600,0,0,0
SA204,20220218,20220218,133255500,13:32:55,2818,15770,42788,873342600,0,0,0
SA204,20220218,20220218,133256000,13:32:56,2818,15770,42788,873342600,0,0,0
SA204,20220218,20220218,133256500,13:32:58,2818,15770,42788,873342600,0,0,0
SA204,20220218,20220218,133257000,13:32:59,2818,15770,42788,873342600,0,0,0
SA204,20220218,20220218,133257500,13:33:00,2820,15771,42787,873397980,1,-1,55380
SA204,20220218,20220218,133258000,13:33:00,2820,15771,42787,873397980,0,0,0
SA204,20220218,20220218,133259500,13:33:00,2820,15771,42787,873397980,0,0,0
SA204,20220218,20220218,133300000,13:33:01,2820,15771,42787,873397980,0,0,0
SA204,20220218,20220218,133300500,13:33:02,2820,15771,42787,873397980,0,0,0
SA204,20220218,20220218,133301000,13:33:02,2820,15771,42787,873397980,0,0,0
SA204,20220218,20220218,133301500,13:33:02,2820,15771,42787,873397980,0,0,0
SA204,20220218,20220218,133302000,13:33:03,2820,15771,42787,873397980,0,0,0
SA204,20220218,20220218,133302500,13:33:03,2820,15771,42787,873397980,0,0,0
SA204,20220218,20220218,133303000,13:33:04,2820,15771,42787,873397980,0,0,0
SA204,20220218,20220218,133303500,13:33:04,2821,15772,42786,873453360,1,-1,55380
SA204,20220218,20220218,133304000,13:33:04,2821,15772,42786,873453360,0,0,0
SA204,20220218,20220218,133304500,13:33:05,2821,15772,42786,873453360,0,0,0
SA204,20220218,20220218,133305000,13:33:05,2821,15772,42786,873453360,0,0,0
SA204,20220218,20220218,133305500,13:33:05,2821,15772,42786,873453360,0,0,0
SA204,20220218,20220218,133306000,13:33:06,2821,15772,42786,873453360,0,0,0
SA204,20220218,20220218,133306500,13:33:06,2821,15772,42786,873453360,0,0,0
SA204,20220218,20220218,133307000,13:33:07,2821,15772,42786,873453360,0,0,0
SA204,20220218,20220218,133307500,13:33:08,2822,15774,42788,873564120,2,2,110760
SA204,20220218,20220218,133308000,13:33:08,2822,15774,42788,873564120,0,0,0
SA204,20220218,20220218,133308500,13:33:09,2822,15774,42788,873564120,0,0,0
SA204,20220218,20220218,133309000,13:33:09,2822,15774,42788,873564120,0,0,0
SA204,20220218,20220218,133309500,13:33:11,2822,15774,42788,873564120,0,0,0
SA204,20220218,20220218,133310000,13:33:11,2822,15774,42788,873564120,0,0,0
SA204,20220218,20220218,133311000,13:33:13,2822,15774,42788,873564120,0,0,0
SA204,20220218,20220218,133311500,13:33:14,2822,15774,42788,873564120,0,0,0
SA204,20220218,20220218,133312000,13:33:14,2822,15774,42788,873564120,0,0,0
SA204,20220218,20220218,133313500,13:33:14,2822,15774,42788,873564120,0,0,0
SA204,20220218,20220218,133314000,13:33:17,2822,15774,42788,873564120,0,0,0
SA204,20220218,20220218,133314500,13:33:17,2822,15774,42788,873564120,0,0,0
SA204,20220218,20220218,133315000,13:33:18,2822,15774,42788,873564120,0,0,0
SA204,20220218,20220218,133315500,13:33:18,2822,15774,42788,873564120,0,0,0
SA204,20220218,20220218,133317000,13:33:18,2822,15774,42788,873564120,0,0,0
SA204,20220218,20220218,133318000,13:33:19,2825,15794,42785,874671720,20,-3,1107600
SA204,20220218,20220218,133318500,13:33:19,2825,15794,42785,874671720,0,0,0
SA204,20220218,20220218,133319000,13:33:20,2825,15794,42785,874671720,0,0,0
SA204,20220218,20220218,133319500,13:33:21,2825,15794,42785,874671720,0,0,0
SA204,20220218,20220218,133320000,13:33:21,2825,15794,42785,874671720,0,0,0
SA204,20220218,20220218,133320500,13:33:21,2825,15794,42785,874671720,0,0,0
SA204,20220218,20220218,133321000,13:33:22,2825,15794,42785,874671720,0,0,0
SA204,20220218,20220218,133321500,13:33:22,2825,15794,42785,874671720,0,0,0
SA204,20220218,20220218,133322000,13:33:22,2825,15794,42785,874671720,0,0,0
SA204,20220218,20220218,133322500,13:33:22,2825,15794,42785,874671720,0,0,0
SA204,20220218,20220218,133323000,13:33:23,2825,15794,42785,874671720,0,0,0
SA204,20220218,20220218,133323500,13:33:24,2825,15794,42785,874671720,0,0,0
SA204,20220218,20220218,133324000,13:33:24,2824,15809,42771,875502420,15,-14,830700
SA204,20220218,20220218,133324500,13:33:25,2824,15809,42771,875502420,0,0,0
SA204,20220218,20220218,133325000,13:33:26,2824,15809,42771,875502420,0,0,0
SA204,20220218,20220218,133325500,13:33:27,2824,15809,42771,875502420,0,0,0
SA204,20220218,20220218,133326000,13:33:28,2824,15809,42771,875502420,0,0,0
SA204,20220218,20220218,133326500,13:33:29,2824,15809,42771,875502420,0,0,0
SA204,20220218,20220218,133327000,13:33:29,2824,15809,42771,875502420,0,0,0
SA204,20220218,20220218,133328500,13:33:30,2824,15809,42771,875502420,0,0,0
SA204,20220218,20220218,133329500,13:33:30,2824,15809,42771,875502420,0,0,0
SA204,20220218,20220218,133330000,13:33:30,2824,15809,42771,875502420,0,0,0
SA204,20220218,20220218,133330500,13:33:32,2824,15809,42771,875502420,0,0,0
SA204,20220218,20220218,133331000,13:33:32,2824,15809,42771,875502420,0,0,0
SA204,20220218,20220218,133331500,13:33:32,2824,15809,42771,875502420,0,0,0
SA204,20220218,20220218,133332000,13:33:32,2824,15809,42771,875502420,0,0,0
SA204,20220218,20220218,133332500,13:33:33,2822,15813,42767,875723940,4,-4,221520
SA204,20220218,20220218,133333000,13:33:33,2822,15813,42767,875723940,0,0,0
SA204,20220218,20220218,133333500,13:33:33,2822,15813,42767,875723940,0,0,0
SA204,20220218,20220218,133334000,13:33:34,2822,15813,42767,875723940,0,0,0
SA204,20220218,20220218,133334500,13:33:35,2822,15813,42767,875723940,0,0,0
SA204,20220218,20220218,133335000,13:33:35,2822,15813,42767,875723940,0,0,0
SA204,20220218,20220218,133335500,13:33:35,2822,15813,42767,875723940,0,0,0
SA204,20220218,20220218,133336000,13:33:36,2822,15813,42767,875723940,0,0,0
SA204,20220218,20220218,133336500,13:33:36,2822,15813,42767,875723940,0,0,0
SA204,20220218,20220218,133337000,13:33:37,2822,15813,42767,875723940,0,0,0
SA204,20220218,20220218,133337500,13:33:37,2822,15813,42767,875723940,0,0,0
SA204,20220218,20220218,133338000,13:33:38,2822,15813,42767,875723940,0,0,0
SA204,20220218,20220218,133338500,13:33:39,2822,15813,42767,875723940,0,0,0
SA204,20220218,20220218,133339000,13:33:39,2822,15813,42767,875723940,0,0,0
SA204,20220218,20220218,133339500,13:33:40,2822,15813,42767,875723940,0,0,0
SA204,20220218,20220218,133340000,13:33:40,2822,15813,42767,875723940,0,0,0
SA204,20220218,20220218,133340500,13:33:41,2822,15813,42767,875723940,0,0,0
SA204,20220218,20220218,133341000,13:33:41,2822,15813,42767,875723940,0,0,0
SA204,20220218,20220218,133341500,13:33:42,2822,15813,42767,875723940,0,0,0
SA204,20220218,20220218,133342000,13:33:42,2822,15813,42767,875723940,0,0,0
SA204,20220218,20220218,133342500,13:33:42,2822,15813,42767,875723940,0,0,0
SA204,20220218,20220218,133343000,13:33:43,2822,15813,42767,875723940,0,0,0
SA204,20220218,20220218,133343500,13:33:44,2822,15813,42767,875723940,0,0,0
SA204,20220218,20220218,133344000,13:33:45,2822,15813,42767,875723940,0,0,0
SA204,20220218,20220218,133344500,13:33:45,2822,15813,42767,875723940,0,0,0
SA204,20220218,20220218,133345000,13:33:45,2822,15813,42767,875723940,0,0,0
SA204,20220218,20220218,133345500,13:33:47,2822,15813,42767,875723940,0,0,0
SA204,20220218,20220218,133346000,13:33:48,2822,15813,42767,875723940,0,0,0
SA204,20220218,20220218,133346500,13:33:48,2822,15813,42767,875723940,0,0,0
SA204,20220218,20220218,133347000,13:33:48,2822,15813,42767,875723940,0,0,0
SA204,20220218,20220218,133347500,13:33:49,2822,15813,42767,875723940,0,0,0
SA204,20220218,20220218,133348000,13:33:49,2822,15813,42767,875723940,0,0,0
SA204,20220218,20220218,133348500,13:33:49,2822,15813,42767,875723940,0,0,0
SA204,20220218,20220218,133349000,13:33:50,2822,15813,42767,875723940,0,0,0
SA204,20220218,20220218,133349500,13:33:50,2822,15813,42767,875723940,0,0,0
SA204,20220218,20220218,133350000,13:33:50,2822,15813,42767,875723940,0,0,0
SA204,20220218,20220218,133350500,13:33:50,2822,15813,42767,875723940,0,0,0
SA204,20220218,20220218,133351000,13:33:51,2822,15813,42767,875723940,0,0,0
SA204,20220218,20220218,133351500,13:33:52,2822,15813,42767,875723940,0,0,0
SA204,20220218,20220218,133352000,13:33:52,2822,15813,42767,875723940,0,0,0
SA204,20220218,20220218,133352500,13:33:52,2822,15813,42767,875723940,0,0,0
SA204,20220218,20220218,133353000,13:33:53,2822,15813,42767,875723940,0,0,0
SA204,20220218,20220218,133353500,13:33:53,2821,15818,42763,876000840,5,-4,276900
SA204,20220218,20220218,133354000,13:33:54,2821,15819,42762,876056220,1,-1,55380
SA204,20220218,20220218,133354500,13:33:55,2820,15820,42762,876111600,1,0,55380
SA204,20220218,20220218,133355000,13:33:56,2820,15820,42762,876111600,0,0,0
SA204,20220218,20220218,133355500,13:33:56,2820,15820,42762,876111600,0,0,0
SA204,20220218,20220218,133356000,13:33:56,2820,15820,42762,876111600,0,0,0
SA204,20220218,20220218,133356500,13:33:57,2820,15820,42762,876111600,0,0,0
SA204,20220218,20220218,133357000,13:33:58,2820,15820,42762,876111600,0,0,0
SA204,20220218,20220218,133357500,13:33:58,2820,15820,42762,876111600,0,0,0
SA204,20220218,20220218,133358000,13:33:58,2820,15820,42762,876111600,0,0,0
SA204,20220218,20220218,133358500,13:33:59,2820,15820,42762,876111600,0,0,0
SA204,20220218,20220218,133359000,13:33:59,2820,15820,42762,876111600,0,0,0
SA204,20220218,20220218,133359500,13:34:00,2820,15820,42762,876111600,0,0,0
SA204,20220218,20220218,133400000,13:34:00,2820,15820,42762,876111600,0,0,0
SA204,20220218,20220218,133400500,13:34:01,2820,15820,42762,876111600,0,0,0
SA204,20220218,20220218,133401000,13:34:01,2820,15820,42762,876111600,0,0,0
SA204,20220218,20220218,133401500,13:34:02,2820,15820,42762,876111600,0,0,0
SA204,20220218,20220218,133402000,13:34:10,2820,15820,42762,876111600,0,0,0
SA204,20220218,20220218,133402500,13:34:10,2820,15820,42762,876111600,0,0,0
SA204,20220218,20220218,133403000,13:34:10,2820,15820,42762,876111600,0,0,0
SA204,20220218,20220218,133410000,13:34:11,2820,15820,42762,876111600,0,0,0
SA204,20220218,20220218,133410500,13:34:12,2820,15855,42752,878367000,35,-10,2255400
SA204,20220218,20220218,133411000,13:34:12,2820,15855,42752,878367000,0,0,0
SA204,20220218,20220218,133411500,13:34:12,2820,15859,42752,878588600,4,0,221600
SA204,20220218,20220218,133412000,13:34:12,2820,15859,42752,878588600,0,0,0
SA204,20220218,20220218,133412500,13:34:13,2820,15859,42752,878588600,0,0,0
SA204,20220218,20220218,133413000,13:34:13,2820,15859,42752,878588600,0,0,0
SA204,20220218,20220218,133413500,13:34:14,2820,15859,42752,878588600,0,0,0
SA204,20220218,20220218,133414000,13:34:14,2820,15859,42752,878588600,0,0,0
SA204,20220218,20220218,133414500,13:34:15,2820,15859,42752,878588600,0,0,0
SA204,20220218,20220218,133415000,13:34:15,2820,15859,42752,878588600,0,0,0
SA204,20220218,20220218,133415500,13:34:16,2820,15859,42752,878588600,0,0,0
SA204,20220218,20220218,133416000,13:34:16,2820,15859,42752,878588600,0,0,0
SA204,20220218,20220218,133416500,13:34:17,2820,15859,42752,878588600,0,0,0
SA204,20220218,20220218,133417000,13:34:17,2820,15859,42752,878588600,0,0,0
SA204,20220218,20220218,133417500,13:34:17,2820,15859,42752,878588600,0,0,0
SA204,20220218,20220218,133418000,13:34:18,2820,15859,42752,878588600,0,0,0
SA204,20220218,20220218,133418500,13:34:19,2820,15859,42752,878588600,0,0,0
SA204,20220218,20220218,133419000,13:34:19,2820,15859,42752,878588600,0,0,0
SA204,20220218,20220218,133419500,13:34:20,2820,15859,42752,878588600,0,0,0
SA204,20220218,20220218,133420000,13:34:20,2820,15859,42752,878588600,0,0,0
SA204,20220218,20220218,133420500,13:34:21,2821,15861,42752,878699400,2,0,110800
SA204,20220218,20220218,133421000,13:34:23,2821,15861,42752,878699400,0,0,0
SA204,20220218,20220218,133421500,13:34:24,2821,15861,42752,878699400,0,0,0
SA204,20220218,20220218,133423500,13:34:24,2821,15861,42752,878699400,0,0,0
SA204,20220218,20220218,133424000,13:34:24,2821,15861,42752,878699400,0,0,0
SA204,20220218,20220218,133424500,13:34:24,2820,15862,42752,878754800,1,0,55400
SA204,20220218,20220218,133425000,13:34:25,2820,15862,42752,878754800,0,0,0
SA204,20220218,20220218,133425500,13:34:26,2820,15862,42752,878754800,0,0,0
SA204,20220218,20220218,133426000,13:34:26,2820,15862,42752,878754800,0,0,0
SA204,20220218,20220218,133426500,13:34:26,2820,15862,42752,878754800,0,0,0
SA204,20220218,20220218,133427000,13:34:27,2820,15862,42752,878754800,0,0,0
SA204,20220218,20220218,133427500,13:34:28,2820,15862,42752,878754800,0,0,0
SA204,20220218,20220218,133428000,13:34:28,2820,15862,42752,878754800,0,0,0
SA204,20220218,20220218,133428500,13:34:29,2820,15862,42752,878754800,0,0,0
SA204,20220218,20220218,133429000,13:34:29,2820,15862,42752,878754800,0,0,0
SA204,20220218,20220218,133429500,13:34:29,2820,15862,42752,878754800,0,0,0
SA204,20220218,20220218,133430000,13:34:30,2820,15862,42752,878754800,0,0,0
SA204,20220218,20220218,133430500,13:34:30,2820,15862,42752,878754800,0,0,0
SA204,20220218,20220218,133431000,13:34:31,2820,15862,42752,878754800,0,0,0
SA204,20220218,20220218,133431500,13:34:31,2820,15862,42752,878754800,0,0,0
SA204,20220218,20220218,133432000,13:34:32,2820,15862,42752,878754800,0,0,0
SA204,20220218,20220218,133432500,13:34:32,2820,15862,42752,878754800,0,0,0
SA204,20220218,20220218,133433000,13:34:33,2820,15862,42752,878754800,0,0,0
SA204,20220218,20220218,133433500,13:34:34,2820,15862,42752,878754800,0,0,0
SA204,20220218,20220218,133434000,13:34:34,2820,15862,42752,878754800,0,0,0
SA204,20220218,20220218,133434500,13:34:35,2820,15862,42752,878754800,0,0,0
SA204,20220218,20220218,133435000,13:34:35,2820,15862,42752,878754800,0,0,0
SA204,20220218,20220218,133435500,13:34:36,2820,15862,42752,878754800,0,0,0
SA204,20220218,20220218,133436000,13:34:36,2820,15862,42752,878754800,0,0,0
SA204,20220218,20220218,133436500,13:34:36,2820,15862,42752,878754800,0,0,0
SA204,20220218,20220218,133437000,13:34:37,2820,15862,42752,878754800,0,0,0
SA204,20220218,20220218,133437500,13:34:38,2820,15862,42752,878754800,0,0,0
SA204,20220218,20220218,133438000,13:34:38,2820,15862,42752,878754800,0,0,0
SA204,20220218,20220218,133438500,13:34:39,2820,15862,42752,878754800,0,0,0
SA204,20220218,20220218,133439000,13:34:39,2820,15862,42752,878754800,0,0,0
SA204,20220218,20220218,133439500,13:34:40,2820,15862,42752,878754800,0,0,0
SA204,20220218,20220218,133440500,13:34:41,2820,15862,42752,878754800,0,0,0
SA204,20220218,20220218,133441000,13:34:41,2820,15862,42752,878754800,0,0,0
SA204,20220218,20220218,133441500,13:34:43,2820,15862,42752,878754800,0,0,0
SA204,20220218,20220218,133442000,13:34:44,2820,15862,42752,878754800,0,0,0
SA204,20220218,20220218,133442500,13:34:44,2820,15862,42752,878754800,0,0,0
SA204,20220218,20220218,133443000,13:34:45,2820,15862,42752,878754800,0,0,0
SA204,20220218,20220218,133443500,13:34:45,2820,15862,42752,878754800,0,0,0
SA204,20220218,20220218,133444500,13:34:46,2820,15862,42752,878754800,0,0,0
SA204,20220218,20220218,133445000,13:34:46,2819,15864,42750,878865600,2,-2,110800
SA204,20220218,20220218,133445500,13:34:46,2819,15864,42750,878865600,0,0,0
SA204,20220218,20220218,133449000,13:34:49,2819,15864,42750,878865600,0,0,0
SA204,20220218,20220218,133449500,13:34:49,2818,15868,42752,879087200,4,2,221600
SA204,20220218,20220218,133450000,13:34:51,2818,15868,42752,879087200,0,0,0
SA204,20220218,20220218,133450500,13:34:51,2818,15868,42752,879087200,0,0,0
SA204,20220218,20220218,133451000,13:34:51,2818,15868,42752,879087200,0,0,0
SA204,20220218,20220218,133451500,13:34:52,2818,15868,42752,879087200,0,0,0
SA204,20220218,20220218,133452500,13:34:53,2818,15868,42752,879087200,0,0,0
SA204,20220218,20220218,133453000,13:34:53,2818,15868,42752,879087200,0,0,0
SA204,20220218,20220218,133453500,13:34:55,2818,15868,42752,879087200,0,0,0
SA204,20220218,20220218,133454000,13:34:56,2818,15868,42752,879087200,0,0,0
SA204,20220218,20220218,133454500,13:34:56,2818,15868,42752,879087200,0,0,0
SA204,20220218,20220218,133455500,13:34:56,2818,15868,42752,879087200,0,0,0
SA204,20220218,20220218,133456000,13:34:56,2818,15868,42752,879087200,0,0,0
SA204,20220218,20220218,133456500,13:34:57,2818,15868,42752,879087200,0,0,0
SA204,20220218,20220218,133457000,13:34:57,2818,15868,42752,879087200,0,0,0
SA204,20220218,20220218,133458000,13:34:58,2818,15868,42752,879087200,0,0,0
SA204,20220218,20220218,133458500,13:34:59,2818,15868,42752,879087200,0,0,0
SA204,20220218,20220218,133459000,13:34:59,2818,15868,42752,879087200,0,0,0
SA204,20220218,20220218,133459500,13:35:00,2818,15868,42752,879087200,0,0,0
SA204,20220218,20220218,133500000,13:35:00,2818,15868,42752,879087200,0,0,0
SA204,20220218,20220218,133500500,13:35:02,2818,15868,42752,879087200,0,0,0
SA204,20220218,20220218,133501000,13:35:04,2818,15870,42750,879198000,2,-2,110800
SA204,20220218,20220218,133501500,13:35:06,2818,15870,42750,879198000,0,0,0
SA204,20220218,20220218,133502000,13:35:10,2818,15870,42750,879198000,0,0,0
SA204,20220218,20220218,133504500,13:35:10,2818,15870,42750,879198000,0,0,0
SA204,20220218,20220218,133510000,13:35:10,2818,15870,42750,879198000,0,0,0
SA204,20220218,20220218,133510500,13:35:11,2818,15870,42750,879198000,0,0,0
SA204,20220218,20220218,133511000,13:35:11,2818,15905,42731,881137000,35,-19,1939000
SA204,20220218,20220218,133511500,13:35:12,2818,15905,42731,881137000,0,0,0
SA204,20220218,20220218,133512000,13:35:13,2818,15905,42731,881137000,0,0,0
SA204,20220218,20220218,133512500,13:35:13,2818,15905,42731,881137000,0,0,0
SA204,20220218,20220218,133513000,13:35:13,2818,15905,42731,881137000,0,0,0
SA204,20220218,20220218,133513500,13:35:14,2818,15905,42731,881137000,0,0,0
SA204,20220218,20220218,133514000,13:35:14,2818,15905,42731,881137000,0,0,0
SA204,20220218,20220218,133514500,13:35:15,2818,15905,42731,881137000,0,0,0
SA204,20220218,20220218,133515000,13:35:15,2818,15905,42731,881137000,0,0,0
SA204,20220218,20220218,133515500,13:35:16,2818,15905,42731,881137000,0,0,0
SA204,20220218,20220218,133516000,13:35:16,2818,15905,42731,881137000,0,0,0
SA204,20220218,20220218,133516500,13:35:17,2818,15905,42731,881137000,0,0,0
SA204,20220218,20220218,133517000,13:35:17,2818,15905,42731,881137000,0,0,0
SA204,20220218,20220218,133517500,13:35:18,2818,15905,42731,881137000,0,0,0
SA204,20220218,20220218,133518000,13:35:19,2818,15905,42731,881137000,0,0,0
SA204,20220218,20220218,133518500,13:35:19,2818,15905,42731,881137000,0,0,0
SA204,20220218,20220218,133519000,13:35:19,2818,15905,42731,881137000,0,0,0
SA204,20220218,20220218,133519500,13:35:20,2818,15905,42731,881137000,0,0,0
SA204,20220218,20220218,133520000,13:35:20,2818,15905,42731,881137000,0,0,0
SA204,20220218,20220218,133520500,13:35:21,2818,15905,42731,881137000,0,0,0
SA204,20220218,20220218,133521000,13:35:22,2818,15905,42731,881137000,0,0,0
SA204,20220218,20220218,133521500,13:35:22,2818,15905,42731,881137000,0,0,0
SA204,20220218,20220218,133522000,13:35:22,2818,15905,42731,881137000,0,0,0
SA204,20220218,20220218,133522500,13:35:23,2818,15905,42731,881137000,0,0,0
SA204,20220218,20220218,133523000,13:35:23,2818,15905,42731,881137000,0,0,0
SA204,20220218,20220218,133523500,13:35:23,2818,15905,42731,881137000,0,0,0
SA204,20220218,20220218,133524000,13:35:25,2818,15905,42731,881137000,0,0,0
SA204,20220218,20220218,133524500,13:35:25,2818,15905,42731,881137000,0,0,0
SA204,20220218,20220218,133525000,13:35:25,2818,15905,42731,881137000,0,0,0
SA204,20220218,20220218,133525500,13:35:26,2818,15905,42731,881137000,0,0,0
SA204,20220218,20220218,133526000,13:35:26,2818,15905,42731,881137000,0,0,0
SA204,20220218,20220218,133526500,13:35:27,2818,15905,42731,881137000,0,0,0
SA204,20220218,20220218,133527000,13:35:27,2818,15905,42731,881137000,0,0,0
SA204,20220218,20220218,133527500,13:35:31,2818,15905,42731,881137000,0,0,0
SA204,20220218,20220218,133528000,13:35:32,2818,15905,42731,881137000,0,0,0
SA204,20220218,20220218,133531000,13:35:32,2818,15905,42731,881137000,0,0,0
SA204,20220218,20220218,133531500,13:35:41,2818,15905,42731,881137000,0,0,0
SA204,20220218,20220218,133532000,13:35:42,2818,15905,42731,881137000,0,0,0
SA204,20220218,20220218,133532500,13:35:42,2818,15905,42731,881137000,0,0,0
SA204,20220218,20220218,133540500,13:35:43,2818,15905,42731,881137000,0,0,0
SA204,20220218,20220218,133542000,13:35:43,2818,15905,42731,881137000,0,0,0
SA204,20220218,20220218,133542500,13:35:44,2818,15905,42731,881137000,0,0,0
SA204,20220218,20220218,133543500,13:35:44,2818,15905,42731,881137000,0,0,0
SA204,20220218,20220218,133544000,13:35:45,2818,15905,42731,881137000,0,0,0
SA204,20220218,20220218,133544500,13:35:45,2818,15905,42731,881137000,0,0,0
SA204,20220218,20220218,133545000,13:35:46,2818,15905,42731,881137000,0,0,0
SA204,20220218,20220218,133545500,13:35:46,2818,15905,42731,881137000,0,0,0
SA204,20220218,20220218,133546000,13:35:46,2818,15905,42731,881137000,0,0,0
SA204,20220218,20220218,133546500,13:35:46,2818,15905,42731,881137000,0,0,0
SA204,20220218,20220218,133547000,13:35:47,2818,15905,42731,881137000,0,0,0
SA204,20220218,20220218,133547500,13:35:48,2818,15905,42731,881137000,0,0,0
SA204,20220218,20220218,133548000,13:35:48,2818,15905,42731,881137000,0,0,0
SA204,20220218,20220218,133548500,13:35:48,2818,15905,42731,881137000,0,0,0
SA204,20220218,20220218,133549000,13:35:49,2818,15905,42731,881137000,0,0,0
SA204,20220218,20220218,133549500,13:35:49,2818,15905,42731,881137000,0,0,0
SA204,20220218,20220218,133550000,13:35:50,2818,15905,42731,881137000,0,0,0
SA204,20220218,20220218,133550500,13:35:51,2818,15905,42731,881137000,0,0,0
SA204,20220218,20220218,133551000,13:35:51,2818,15905,42731,881137000,0,0,0
SA204,20220218,20220218,133551500,13:35:52,2818,15905,42731,881137000,0,0,0
SA204,20220218,20220218,133552000,13:35:52,2818,15905,42731,881137000,0,0,0
SA204,20220218,20220218,133552500,13:35:52,2818,15905,42731,881137000,0,0,0
SA204,20220218,20220218,133553000,13:35:53,2818,15905,42731,881137000,0,0,0
SA204,20220218,20220218,133553500,13:35:55,2818,15905,42731,881137000,0,0,0
SA204,20220218,20220218,133554000,13:35:55,2818,15905,42731,881137000,0,0,0
SA204,20220218,20220218,133555000,13:35:56,2818,15905,42731,881137000,0,0,0
SA204,20220218,20220218,133555500,13:35:56,2818,15905,42731,881137000,0,0,0
SA204,20220218,20220218,133556000,13:35:56,2818,15905,42731,881137000,0,0,0
SA204,20220218,20220218,133556500,13:35:57,2818,15905,42731,881137000,0,0,0
SA204,20220218,20220218,133557000,13:35:59,2818,15905,42731,881137000,0,0,0
SA204,20220218,20220218,133557500,13:36:01,2818,15905,42731,881137000,0,0,0
SA204,20220218,20220218,133558000,13:36:01,2818,15905,42731,881137000,0,0,0
SA204,20220218,20220218,133559500,13:36:03,2818,15905,42731,881137000,0,0,0
SA204,20220218,20220218,133601500,13:36:03,2818,15905,42731,881137000,0,0,0
SA204,20220218,20220218,133602500,13:36:03,2818,15905,42731,881137000,0,0,0
SA204,20220218,20220218,133603000,13:36:05,2818,15905,42731,881137000,0,0,0
SA204,20220218,20220218,133603500,13:36:05,2818,15905,42731,881137000,0,0,0
SA204,20220218,20220218,133604000,13:36:06,2818,15905,42731,881137000,0,0,0
SA204,20220218,20220218,133605000,13:36:06,2818,15905,42731,881137000,0,0,0
SA204,20220218,20220218,133606500,13:36:07,2817,15942,42721,883186800,37,-10,2049800
SA204,20220218,20220218,133607000,13:36:08,2817,15944,42721,883297600,2,0,110800
SA204,20220218,20220218,133607500,13:36:08,2817,15944,42721,883297600,0,0,0
SA204,20220218,20220218,133608000,13:36:08,2817,15944,42721,883297600,0,0,0
SA204,20220218,20220218,133609000,13:36:09,2817,15944,42721,883297600,0,0,0
SA204,20220218,20220218,133609500,13:36:10,2817,15944,42721,883297600,0,0,0
SA204,20220218,20220218,133610000,13:36:11,2816,15947,42718,883463800,3,-3,166200
SA204,20220218,20220218,133610500,13:36:11,2816,15948,42717,883519200,1,-1,55400
SA204,20220218,20220218,133611000,13:36:12,2816,15948,42717,883519200,0,0,0
SA204,20220218,20220218,133611500,13:36:12,2818,15949,42716,883574600,1,-1,55400
SA204,20220218,20220218,133612000,13:36:12,2818,15949,42716,883574600,0,0,0
SA204,20220218,20220218,133612500,13:36:12,2818,15949,42716,883574600,0,0,0
SA204,20220218,20220218,133613000,13:36:13,2818,15949,42716,883574600,0,0,0
SA204,20220218,20220218,133613500,13:36:14,2818,15949,42716,883574600,0,0,0
SA204,20220218,20220218,133614000,13:36:14,2818,15949,42716,883574600,0,0,0
SA204,20220218,20220218,133614500,13:36:14,2818,15949,42716,883574600,0,0,0
SA204,20220218,20220218,133615000,13:36:15,2818,15949,42716,883574600,0,0,0
SA204,20220218,20220218,133615500,13:36:15,2818,15949,42716,883574600,0,0,0
SA204,20220218,20220218,133616000,13:36:16,2818,15949,42716,883574600,0,0,0
SA204,20220218,20220218,133616500,13:36:17,2818,15949,42716,883574600,0,0,0
SA204,20220218,20220218,133617000,13:36:17,2818,15949,42716,883574600,0,0,0
SA204,20220218,20220218,133617500,13:36:19,2818,15949,42716,883574600,0,0,0
SA204,20220218,20220218,133618500,13:36:19,2816,15950,42715,883630000,1,-1,55400
SA204,20220218,20220218,133619000,13:36:19,2816,15950,42715,883630000,0,0,0
SA204,20220218,20220218,133620000,13:36:20,2816,15950,42715,883630000,0,0,0
SA204,20220218,20220218,133620500,13:36:20,2816,15950,42715,883630000,0,0,0
SA204,20220218,20220218,133621000,13:36:21,2816,15950,42715,883630000,0,0,0
SA204,20220218,20220218,133621500,13:36:21,2816,15950,42715,883630000,0,0,0
SA204,20220218,20220218,133622000,13:36:22,2816,15950,42715,883630000,0,0,0
SA204,20220218,20220218,133622500,13:36:22,2816,15950,42715,883630000,0,0,0
SA204,20220218,20220218,133623000,13:36:23,2816,15950,42715,883630000,0,0,0
SA204,20220218,20220218,133623500,13:36:23,2816,15950,42715,883630000,0,0,0
SA204,20220218,20220218,133624000,13:36:24,2816,15950,42715,883630000,0,0,0
SA204,20220218,20220218,133624500,13:36:24,2816,15950,42715,883630000,0,0,0
SA204,20220218,20220218,133625000,13:36:25,2816,15950,42715,883630000,0,0,0
SA204,20220218,20220218,133625500,13:36:26,2816,15950,42715,883630000,0,0,0
SA204,20220218,20220218,133626500,13:36:27,2816,15950,42715,883630000,0,0,0
