SA205,20220218,20220218,112003000,11:20:04,2797,657491,420889,36398701760,657491,-68501,36398701760
SA205,20220218,20220218,112004500,11:20:09,2797,657501,420886,36399255360,10,-3,553600
SA205,20220218,20220218,112005000,11:20:10,2797,657509,420884,36399698240,8,-2,442880
SA205,20220218,20220218,112006000,11:20:10,2798,657518,420888,36400196480,9,4,498240
SA205,20220218,20220218,112006500,11:20:10,2797,657523,420889,36400473280,5,1,276800
SA205,20220218,20220218,112007000,11:20:10,2798,657564,420890,36402743040,41,1,2269760
SA205,20220218,20220218,112007500,11:20:10,2798,657626,420951,36406175360,62,61,3432320
SA205,20220218,20220218,112008000,11:20:10,2798,657684,421001,36409386240,58,50,3210880
SA205,20220218,20220218,112008500,11:20:10,2798,657760,421053,36413593600,76,52,4207360
SA205,20220218,20220218,112009000,11:20:10,2798,657783,421061,36414866880,23,8,1273280
SA205,20220218,20220218,112009500,11:20:10,2798,657826,421076,36417247360,43,15,2380480
SA205,20220218,20220218,112010000,11:20:10,2798,657871,421058,36419738560,45,-18,2491200
SA205,20220218,20220218,112010500,11:20:10,2798,657876,421057,36420015360,5,-1,276800
SA205,20220218,20220218,112011000,11:20:11,2798,657877,421057,36420070720,1,0,55360
SA205,20220218,20220218,112011500,11:20:12,2797,657892,421050,36420901120,15,-7,830400
SA205,20220218,20220218,112012000,11:20:12,2798,657926,421073,36422783360,34,23,1882240
SA205,20220218,20220218,112012500,11:20:12,2798,658008,421083,36427322880,82,10,4539520
SA205,20220218,20220218,112013000,11:20:13,2798,658012,421087,36427544320,4,4,221440
SA205,20220218,20220218,112013500,11:20:13,2798,658033,421080,36428706880,21,-7,1162560
SA205,20220218,20220218,112014000,11:20:14,2799,658051,421075,36429703360,18,-5,996480
SA205,20220218,20220218,112014500,11:20:14,2798,658082,421079,36431419520,31,4,1716160
SA205,20220218,20220218,112015000,11:20:15,2799,658101,421076,36432471360,19,-3,1051840
SA205,20220218,20220218,112015500,11:20:16,2798,658118,421077,36433412480,17,1,941120
SA205,20220218,20220218,112016000,11:20:16,2799,658268,421048,36441716480,150,-29,8304000
SA205,20220218,20220218,112016500,11:20:16,2799,658312,421046,36444152320,44,-2,2435840
SA205,20220218,20220218,112017000,11:20:17,2799,658350,421051,36446256000,38,5,2103680
SA205,20220218,20220218,112017500,11:20:17,2798,658390,421041,36448470400,40,-10,2214400
SA205,20220218,20220218,112018000,11:20:18,2799,658409,421044,36449522240,19,3,1051840
SA205,20220218,20220218,112018500,11:20:18,2798,658416,421047,36449909760,7,3,387520
SA205,20220218,20220218,112019000,11:20:19,2798,658438,421043,36451127680,22,-4,1217920
SA205,20220218,20220218,112019500,11:20:20,2799,658449,421044,36451736640,11,1,608960
SA205,20220218,20220218,112020000,11:20:20,2799,658462,421042,36452456320,13,-2,719680
SA205,20220218,20220218,112020500,11:20:20,2799,658472,421045,36453009920,10,3,553600
SA205,20220218,20220218,112021000,11:20:21,2798,658484,421045,36453674240,12,0,664320
SA205,20220218,20220218,112021500,11:20:21,2799,658486,421044,36453784960,2,-1,110720
SA205,20220218,20220218,112022000,11:20:22,2798,658509,421047,36455058240,23,3,1273280
SA205,20220218,20220218,112022500,11:20:23,2798,658513,421051,36455279680,4,4,221440
SA205,20220218,20220218,112023000,11:20:23,2798,658520,421051,36455667200,7,0,387520
SA205,20220218,20220218,112023500,11:20:23,2798,658523,421050,36455833280,3,-1,166080
SA205,20220218,20220218,112024000,11:20:24,2798,658528,421047,36456110080,5,-3,276800
SA205,20220218,20220218,112024500,11:20:24,2799,658536,421045,36456552960,8,-2,442880
SA205,20220218,20220218,112025000,11:20:25,2798,658555,421041,36457604800,19,-4,1051840
SA205,20220218,20220218,112025500,11:20:26,2798,658630,421065,36461756800,75,24,4152000
SA205,20220218,20220218,112026000,11:20:26,2798,658644,421051,36462531840,14,-14,775040
SA205,20220218,20220218,112026500,11:20:26,2797,658646,421050,36462642560,2,-1,110720
SA205,20220218,20220218,112027000,11:20:27,2797,658646,421050,36462642560,0,0,0
SA205,20220218,20220218,112027500,11:20:28,2798,658649,421049,36462808640,3,-1,166080
SA205,20220218,20220218,112028000,11:20:28,2798,658653,421049,36463030080,4,0,221440
SA205,20220218,20220218,112028500,11:20:28,2797,658671,421058,36464026560,18,9,996480
SA205,20220218,20220218,112029000,11:20:29,2798,658685,421054,36464801600,14,-4,775040
SA205,20220218,20220218,112029500,11:20:30,2797,658824,421121,36472496640,139,67,7695040
SA205,20220218,20220218,112030000,11:20:31,2797,658889,421151,36476095040,65,30,3598400
SA205,20220218,20220218,112030500,11:20:31,2797,658909,421164,36477202240,20,13,1107200
SA205,20220218,20220218,112031000,11:20:32,2797,658912,421163,36477368320,3,-1,166080
SA205,20220218,20220218,112031500,11:20:32,2797,658912,421163,36477368320,0,0,0
SA205,20220218,20220218,112032000,11:20:32,2797,658914,421161,36477479040,2,-2,110720
SA205,20220218,20220218,112032500,11:20:32,2797,658942,421175,36479029120,28,14,1550080
SA205,20220218,20220218,112033000,11:20:33,2797,658969,421173,36480523840,27,-2,1494720
SA205,20220218,20220218,112033500,11:20:33,2797,658989,421179,36481631040,20,6,1107200
SA205,20220218,20220218,112034000,11:20:34,2797,659003,421193,36482406080,14,14,775040
SA205,20220218,20220218,112034500,11:20:34,2796,659006,421192,36482572160,3,-1,166080
SA205,20220218,20220218,112035000,11:20:35,2796,659007,421191,36482627520,1,-1,55360
SA205,20220218,20220218,112035500,11:20:35,2796,659009,421191,36482738240,2,0,110720
SA205,20220218,20220218,112036000,11:20:36,2796,659009,421191,36482738240,0,0,0
SA205,20220218,20220218,112036500,11:20:37,2796,659011,421193,36482848960,2,2,110720
SA205,20220218,20220218,112037000,11:20:37,2797,659012,421194,36482904320,1,1,55360
SA205,20220218,20220218,112037500,11:20:38,2796,659020,421195,36483347200,8,1,442880
SA205,20220218,20220218,112038000,11:20:38,2796,659022,421197,36483457920,2,2,110720
SA205,20220218,20220218,112038500,11:20:38,2796,659023,421198,36483513280,1,1,55360
SA205,20220218,20220218,112039000,11:20:39,2797,659028,421198,36483790080,5,0,276800
SA205,20220218,20220218,112039500,11:20:40,2796,659040,421198,36484454400,12,0,664320
SA205,20220218,20220218,112040000,11:20:40,2797,659074,421209,36486336640,34,11,1882240
SA205,20220218,20220218,112040500,11:20:41,2797,659079,421206,36486613440,5,-3,276800
SA205,20220218,20220218,112041000,11:20:41,2796,659080,421206,36486668800,1,0,55360
SA205,20220218,20220218,112041500,11:20:41,2796,659084,421206,36486890240,4,0,221440
SA205,20220218,20220218,112042000,11:20:42,2796,659087,421208,36487056320,3,2,166080
SA205,20220218,20220218,112042500,11:20:42,2796,659087,421208,36487056320,0,0,0
SA205,20220218,20220218,112043000,11:20:43,2796,659087,421208,36487056320,0,0,0
SA205,20220218,20220218,112043500,11:20:44,2796,659088,421209,36487111680,1,1,55360
SA205,20220218,20220218,112044000,11:20:44,2796,659089,421209,36487167040,1,0,55360
SA205,20220218,20220218,112044500,11:20:45,2797,659091,421208,36487277760,2,-1,110720
SA205,20220218,20220218,112045000,11:20:45,2796,659093,421210,36487388480,2,2,110720
SA205,20220218,20220218,112045500,11:20:46,2797,659157,421212,36490931520,64,2,3543040
SA205,20220218,20220218,112046000,11:20:46,2797,659193,421204,36492924480,36,-8,1992960
SA205,20220218,20220218,112046500,11:20:46,2798,659220,421206,36494419200,27,2,1494720
SA205,20220218,20220218,112047000,11:20:47,2797,659257,421223,36496467520,37,17,2048320
SA205,20220218,20220218,112047500,11:20:48,2798,659284,421223,36497962240,27,0,1494720
SA205,20220218,20220218,112048000,11:20:48,2798,659315,421236,36499678400,31,13,1716160
SA205,20220218,20220218,112048500,11:20:50,2799,659338,421237,36500951680,23,1,1273280
SA205,20220218,20220218,112049000,11:20:50,2798,659341,421237,36501117760,3,0,166080
SA205,20220218,20220218,112049500,11:20:50,2798,659354,421230,36501837440,13,-7,719680
SA205,20220218,20220218,112050500,11:20:50,2798,659366,421224,36502501760,12,-6,664320
SA205,20220218,20220218,112051000,11:20:51,2798,659369,421221,36502667840,3,-3,166080
SA205,20220218,20220218,112051500,11:20:51,2798,659370,421220,36502723200,1,-1,55360
SA205,20220218,20220218,112052000,11:20:53,2798,659381,421222,36503332160,11,2,608960
SA205,20220218,20220218,112052500,11:20:53,2798,659385,421225,36503553600,4,3,221440
SA205,20220218,20220218,112053000,11:20:53,2798,659451,421275,36507207360,66,50,3653760
SA205,20220218,20220218,112053500,11:20:53,2799,659495,421283,36509643200,44,8,2435840
SA205,20220218,20220218,112054000,11:20:54,2799,659505,421278,36510196800,10,-5,553600
SA205,20220218,20220218,112054500,11:20:55,2798,659544,421278,36512355840,39,0,2159040
SA205,20220218,20220218,112055000,11:20:55,2799,659562,421274,36513352320,18,-4,996480
SA205,20220218,20220218,112055500,11:20:56,2798,659566,421273,36513573760,4,-1,221440
SA205,20220218,20220218,112056000,11:20:56,2798,659570,421270,36513795200,4,-3,221440
SA205,20220218,20220218,112056500,11:20:56,2799,659583,421266,36514514880,13,-4,719680
SA205,20220218,20220218,112057000,11:20:58,2798,659590,421269,36514902400,7,3,387520
SA205,20220218,20220218,112057500,11:20:58,2798,659604,421266,36515677440,14,-3,775040
SA205,20220218,20220218,112058000,11:20:58,2798,659605,421265,36515732800,1,-1,55360
SA205,20220218,20220218,112058500,11:20:59,2798,659619,421274,36516507840,14,9,775040
SA205,20220218,20220218,112059000,11:20:59,2799,659626,421270,36516895360,7,-4,387520
SA205,20220218,20220218,112059500,11:21:00,2798,659629,421269,36517061440,3,-1,166080
SA205,20220218,20220218,112100000,11:21:00,2798,659629,421269,36517061440,0,0,0
SA205,20220218,20220218,112100500,11:21:01,2798,659641,421279,36517725760,12,10,664320
SA205,20220218,20220218,112101000,11:21:01,2798,659641,421279,36517725760,0,0,0
SA205,20220218,20220218,112101500,11:21:02,2799,659642,421279,36517781120,1,0,55360
SA205,20220218,20220218,112102000,11:21:02,2799,659715,421287,36521822400,73,8,4041280
SA205,20220218,20220218,112102500,11:21:03,2798,659722,421282,36522209920,7,-5,387520
SA205,20220218,20220218,112103000,11:21:03,2798,659735,421281,36522929600,13,-1,719680
SA205,20220218,20220218,112103500,11:21:04,2799,659828,421200,36528078080,93,-81,5148480
SA205,20220218,20220218,112104000,11:21:04,2799,659883,421186,36531122880,55,-14,3044800
SA205,20220218,20220218,112104500,11:21:05,2799,659902,421172,36532174720,19,-14,1051840
SA205,20220218,20220218,112105000,11:21:05,2800,659976,421151,36536271360,74,-21,4096640
SA205,20220218,20220218,112105500,11:21:06,2800,660183,421206,36547730880,207,55,11459520
SA205,20220218,20220218,112106000,11:21:07,2800,660436,421342,36574945680,253,136,27214800
SA205,20220218,20220218,112106500,11:21:07,2800,660492,421318,36578046960,56,-24,3101280
SA205,20220218,20220218,112107000,11:21:10,2801,660523,421300,36579763740,31,-18,1716780
SA205,20220218,20220218,112107500,11:21:10,2801,660868,421125,36598869840,345,-175,19106100
SA205,20220218,20220218,112108000,11:21:10,2801,660889,421118,36600032820,21,-7,1162980
SA205,20220218,20220218,112108500,11:21:10,2801,660900,421110,36600642000,11,-8,609180
SA205,20220218,20220218,112110000,11:21:10,2802,661352,420812,36625673760,452,-298,25031760
SA205,20220218,20220218,112110500,11:21:11,2801,661391,420833,36627833580,39,21,2159820
SA205,20220218,20220218,112111000,11:21:11,2802,661399,420835,36628276620,8,2,443040
SA205,20220218,20220218,112111500,11:21:12,2802,661446,420857,36630879480,47,22,2602860
SA205,20220218,20220218,112112000,11:21:12,2801,661667,420788,36643118460,221,-69,12238980
SA205,20220218,20220218,112112500,11:21:13,2802,661721,420799,36646108980,54,11,2990520
SA205,20220218,20220218,112113000,11:21:13,2802,661765,420801,36648545700,44,2,2436720
SA205,20220218,20220218,112113500,11:21:13,2801,661812,420781,36651148560,47,-20,2602860
SA205,20220218,20220218,112114000,11:21:14,2802,661835,420772,36652422300,23,-9,1273740
SA205,20220218,20220218,112114500,11:21:14,2802,661913,420793,36656741940,78,21,4319640
SA205,20220218,20220218,112115000,11:21:15,2802,661960,420777,36659344800,47,-16,2602860
SA205,20220218,20220218,112115500,11:21:15,2801,662000,420781,36661560000,40,4,2215200
SA205,20220218,20220218,112116000,11:21:16,2801,662051,420770,36664384380,51,-11,2824380
SA205,20220218,20220218,112116500,11:21:17,2801,662063,420771,36665048940,12,1,664560
SA205,20220218,20220218,112117000,11:21:17,2802,662143,420730,36669479340,80,-41,4430400
SA205,20220218,20220218,112117500,11:21:18,2801,662148,420730,36669756240,5,0,276900
SA205,20220218,20220218,112118000,11:21:18,2801,662155,420730,36670143900,7,0,387660
SA205,20220218,20220218,112118500,11:21:18,2801,662161,420728,36670476180,6,-2,332280
SA205,20220218,20220218,112119000,11:21:19,2802,662167,420730,36670808460,6,2,332280
SA205,20220218,20220218,112119500,11:21:19,2802,662180,420731,36671528400,13,1,719940
SA205,20220218,20220218,112120000,11:21:20,2802,662266,420770,36676291080,86,39,4762680
SA205,20220218,20220218,112120500,11:21:21,2802,662342,420773,36680499960,76,3,4208880
SA205,20220218,20220218,112121000,11:21:22,2802,662401,420748,36683767380,59,-25,3267420
SA205,20220218,20220218,112121500,11:21:22,2802,662412,420739,36684376560,11,-9,609180
SA205,20220218,20220218,112122000,11:21:22,2803,662427,420733,36685207260,15,-6,830700
SA205,20220218,20220218,112122500,11:21:22,2802,662556,420665,36692351280,129,-68,7144020
SA205,20220218,20220218,112123000,11:21:23,2802,662595,420639,36694511100,39,-26,2159820
SA205,20220218,20220218,112123500,11:21:23,2803,662708,420553,36700769040,113,-86,6257940
SA205,20220218,20220218,112124000,11:21:24,2803,662738,420532,36702430440,30,-21,1661400
SA205,20220218,20220218,112124500,11:21:25,2803,662760,420524,36703648800,22,-8,1218360
SA205,20220218,20220218,112125000,11:22:29,2802,662784,420522,36704977920,24,-2,1329120
SA205,20220218,20220218,112125500,11:23:32,2803,662792,420515,36705420960,8,-7,443040
SA205,20220218,20220218,112126000,11:23:33,2802,663039,420569,36719099820,247,54,13678860
SA205,20220218,20220218,112126500,11:23:33,2803,663295,420333,36733277100,256,-236,14177280
SA205,20220218,20220218,112332500,11:23:33,2805,673968,419620,37324347840,10673,-713,591070740
SA205,20220218,20220218,112333000,11:23:33,2805,673980,419621,37325012400,12,1,664560
SA205,20220218,20220218,112334000,11:23:34,2804,674011,419619,37326729180,31,-2,1716780
SA205,20220218,20220218,112334500,11:23:34,2805,674016,419624,37327006080,5,5,276900
SA205,20220218,20220218,112335500,11:23:35,2805,674049,419627,37328833620,33,3,1827540
SA205,20220218,20220218,112336000,11:23:36,2806,674062,419620,37329553560,13,-7,719940
SA205,20220218,20220218,112337000,11:23:38,2805,674073,419622,37330162740,11,2,609180
SA205,20220218,20220218,112337500,11:23:38,2805,674118,419622,37332654840,45,0,2492100
SA205,20220218,20220218,112338000,11:23:38,2806,674253,419584,37340131140,135,-38,7476300
SA205,20220218,20220218,112339000,11:23:39,2807,674283,419586,37341792540,30,2,1661400
SA205,20220218,20220218,112339500,11:23:39,2807,674317,419608,37343675460,34,22,1882920
SA205,20220218,20220218,112340000,11:23:40,2807,674379,419602,37347109020,62,-6,3433560
SA205,20220218,20220218,112341000,11:23:41,2807,674393,419597,37347884340,14,-5,775320
SA205,20220218,20220218,112341500,11:23:42,2807,674425,419595,37349656500,32,-2,1772160
SA205,20220218,20220218,112342000,11:23:42,2808,674461,419619,37351650180,36,24,1993680
SA205,20220218,20220218,112343000,11:23:43,2808,674493,419638,37353422340,32,19,1772160
SA205,20220218,20220218,112343500,11:23:43,2808,674521,419649,37354972980,28,11,1550640
SA205,20220218,20220218,112344000,11:23:48,2808,674658,419629,37362560040,137,-20,7587060
SA205,20220218,20220218,112345000,11:23:48,2808,674675,419632,37363501500,17,3,941460
SA205,20220218,20220218,112345500,11:23:48,2809,674797,419580,37370257860,122,-52,6756360
SA205,20220218,20220218,112347500,11:23:48,2810,675176,419512,37391246880,379,-68,20989020
SA205,20220218,20220218,112348500,11:23:49,2810,675945,419206,37433834100,769,-306,42587220
SA205,20220218,20220218,112349000,11:23:49,2810,676070,419249,37440756600,125,43,6922500
SA205,20220218,20220218,112349500,11:23:50,2810,676188,419223,37447291440,118,-26,6534840
SA205,20220218,20220218,112350000,11:23:50,2811,676273,419283,37451998740,85,60,4707300
SA205,20220218,20220218,112350500,11:23:50,2813,676835,419196,37483122300,562,-87,31123560
SA205,20220218,20220218,112351500,11:23:51,2815,677351,418949,37511698380,516,-247,28576080
SA205,20220218,20220218,112352000,11:23:52,2816,677898,418686,37541991240,547,-263,30292860
SA205,20220218,20220218,112352500,11:23:52,2813,678010,418623,37548193800,112,-63,6202560
SA205,20220218,20220218,112353000,11:23:53,2814,678145,418605,37555670100,135,-18,7476300
SA205,20220218,20220218,112353500,11:23:53,2813,678637,418913,37596489800,492,308,40819700
SA205,20220218,20220218,112354500,11:23:55,2815,678685,418912,37599149000,48,-1,2659200
SA205,20220218,20220218,112355000,11:23:55,2814,678847,418887,37608123800,162,-25,8974800
SA205,20220218,20220218,112356000,11:23:56,2814,678911,418886,37611669400,64,-1,3545600
SA205,20220218,20220218,112356500,11:23:56,2814,679047,418855,37619203800,136,-31,7534400
SA205,20220218,20220218,112357000,11:23:57,2814,679162,418863,37625574800,115,8,6371000
SA205,20220218,20220218,112358000,11:23:58,2813,679243,418853,37630062200,81,-10,4487400
SA205,20220218,20220218,112358500,11:23:58,2813,679325,418861,37634605000,82,8,4542800
SA205,20220218,20220218,112359000,11:23:59,2812,679362,418857,37636654800,37,-4,2049800
SA205,20220218,20220218,112400000,11:24:00,2813,679546,418908,37646848400,184,51,10193600
SA205,20220218,20220218,112401000,11:24:01,2812,679664,418900,37653385600,118,-8,6537200
SA205,20220218,20220218,112401500,11:24:01,2813,679795,418892,37660643000,131,-8,7257400
SA205,20220218,20220218,112402000,11:24:02,2812,679939,418906,37668620600,144,14,7977600
SA205,20220218,20220218,112402500,11:24:02,2813,680283,419117,37687678200,344,211,19057600
SA205,20220218,20220218,112403000,11:24:03,2811,680570,419100,37703578000,287,-17,15899800
SA205,20220218,20220218,112403500,11:24:04,2812,680703,419037,37710946200,133,-63,7368200
SA205,20220218,20220218,112404000,11:24:04,2814,680742,419029,37713106800,39,-8,2160600
SA205,20220218,20220218,112404500,11:24:04,2814,680993,419194,37727012200,251,165,13905400
SA205,20220218,20220218,112405000,11:24:05,2814,681079,419192,37731776600,86,-2,4764400
SA205,20220218,20220218,112405500,11:24:05,2815,681294,419218,37743687600,215,26,11911000
SA205,20220218,20220218,112406000,11:24:06,2813,681424,419217,37750889600,130,-1,7202000
SA205,20220218,20220218,112406500,11:24:06,2814,681497,419205,37754933800,73,-12,4044200
SA205,20220218,20220218,112407000,11:24:07,2813,681543,419178,37757482200,46,-27,2548400
SA205,20220218,20220218,112407500,11:24:08,2813,681759,419263,37769448600,216,85,11966400
SA205,20220218,20220218,112408000,11:24:08,2814,681802,419260,37771830800,43,-3,2382200
SA205,20220218,20220218,112409000,11:24:11,2814,681910,419264,37777814000,108,4,5983200
SA205,20220218,20220218,112409500,11:24:11,2813,681920,419261,37778368000,10,-3,554000
SA205,20220218,20220218,112410000,11:24:12,2813,681929,419257,37778866600,9,-4,498600
SA205,20220218,20220218,112411500,11:24:12,2812,681965,419242,37780861000,36,-15,1994400
SA205,20220218,20220218,112412000,11:24:12,2812,681974,419244,37781359600,9,2,498600
SA205,20220218,20220218,112412500,11:24:13,2812,682074,419244,37786899600,100,0,5540000
SA205,20220218,20220218,112413000,11:24:13,2812,682087,419250,37787619800,13,6,720200
SA205,20220218,20220218,112413500,11:24:14,2812,682182,419215,37792882800,95,-35,5263000
SA205,20220218,20220218,112414500,11:24:14,2812,682240,419187,37796096000,58,-28,3213200
SA205,20220218,20220218,112415000,11:24:15,2811,682261,419169,37797259400,21,-18,1163400
SA205,20220218,20220218,112415500,11:24:15,2811,682320,419157,37800528000,59,-12,3268600
SA205,20220218,20220218,112416500,11:24:17,2811,682433,419194,37806788200,113,37,6260200
SA205,20220218,20220218,112417000,11:24:17,2811,682508,419173,37810943200,75,-21,4155000
SA205,20220218,20220218,112417500,11:24:18,2811,682515,419177,37811331000,7,4,387800
SA205,20220218,20220218,112418000,11:24:18,2812,682656,419148,37819142400,141,-29,7811400
SA205,20220218,20220218,112418500,11:24:19,2811,682730,419179,37823242000,74,31,4099600
SA205,20220218,20220218,112419000,11:24:19,2811,682752,419178,37824460800,22,-1,1218800
SA205,20220218,20220218,112419500,11:24:19,2812,682833,419159,37828948200,81,-19,4487400
SA205,20220218,20220218,112420000,11:24:20,2811,682914,419141,37833435600,81,-18,4487400
SA205,20220218,20220218,112420500,11:24:20,2812,682929,419135,37834266600,15,-6,831000
SA205,20220218,20220218,112421000,11:24:21,2812,682965,419127,37836261000,36,-8,1994400
SA205,20220218,20220218,112421500,11:24:22,2811,682974,419132,37836759600,9,5,498600
SA205,20220218,20220218,112422000,11:24:22,2811,683000,419118,37838200000,26,-14,1440400
SA205,20220218,20220218,112422500,11:24:23,2811,683069,419081,37842022600,69,-37,3822600
SA205,20220218,20220218,112423000,11:24:23,2811,683101,419096,37843795400,32,15,1772800
SA205,20220218,20220218,112423500,11:24:24,2810,683125,419095,37845125000,24,-1,1329600
SA205,20220218,20220218,112424000,11:24:24,2811,683148,419091,37846399200,23,-4,1274200
SA205,20220218,20220218,112424500,11:24:24,2811,683179,419084,37848116600,31,-7,1717400
SA205,20220218,20220218,112425000,11:24:25,2811,683217,419075,37850221800,38,-9,2105200
SA205,20220218,20220218,112425500,11:24:25,2811,683249,419076,37851994600,32,1,1772800
SA205,20220218,20220218,112426000,11:24:26,2810,683267,419071,37852991800,18,-5,997200
SA205,20220218,20220218,112426500,11:24:26,2810,683304,419055,37855041600,37,-16,2049800
SA205,20220218,20220218,112427000,11:24:27,2811,683334,419051,37856703600,30,-4,1662000
SA205,20220218,20220218,112427500,11:24:28,2810,683377,419025,37859085800,43,-26,2382200
SA205,20220218,20220218,112428000,11:24:28,2811,683448,419053,37863019200,71,28,3933400
SA205,20220218,20220218,112428500,11:24:28,2811,683454,419055,37863351600,6,2,332400
SA205,20220218,20220218,112429000,11:24:29,2811,683480,419065,37864792000,26,10,1440400
SA205,20220218,20220218,112429500,11:24:29,2812,683518,419057,37866897200,38,-8,2105200
SA205,20220218,20220218,112430000,11:24:30,2811,683562,419088,37869334800,44,31,2437600
SA205,20220218,20220218,112430500,11:24:30,2813,684029,418909,37895206600,467,-179,25871800
SA205,20220218,20220218,112431000,11:24:31,2813,684080,418887,37898032000,51,-22,2825400
SA205,20220218,20220218,112431500,11:24:31,2813,684119,418889,37900192600,39,2,2160600
SA205,20220218,20220218,112432000,11:24:32,2814,684129,418888,37900746600,10,-1,554000
SA205,20220218,20220218,112432500,11:24:32,2813,684161,418885,37902519400,32,-3,1772800
SA205,20220218,20220218,112433000,11:24:33,2813,684186,418872,37903904400,25,-13,1385000
SA205,20220218,20220218,112433500,11:24:33,2813,684207,418863,37905067800,21,-9,1163400
SA205,20220218,20220218,112434000,11:24:34,2814,684240,418874,37906896000,33,11,1828200
SA205,20220218,20220218,112434500,11:24:34,2813,684249,418873,37907394600,9,-1,498600
SA205,20220218,20220218,112435000,11:24:35,2813,684331,418854,37911937400,82,-19,4542800
SA205,20220218,20220218,112435500,11:24:35,2813,684344,418853,37912657600,13,-1,720200
SA205,20220218,20220218,112436000,11:24:36,2814,684355,418852,37913267000,11,-1,609400
SA205,20220218,20220218,112436500,11:24:36,2814,684472,418801,37919748800,117,-51,6481800
SA205,20220218,20220218,112437000,11:24:37,2814,684512,418802,37921964800,40,1,2216000
SA205,20220218,20220218,112437500,11:24:37,2814,684539,418788,37923460600,27,-14,1495800
SA205,20220218,20220218,112438000,11:24:39,2815,684597,418824,37926673800,58,36,3213200
SA205,20220218,20220218,112438500,11:24:39,2814,684672,418855,37930828800,75,31,4155000
SA205,20220218,20220218,112439000,11:24:40,2814,684717,418852,37933321800,45,-3,2493000
SA205,20220218,20220218,112439500,11:24:40,2814,684736,418854,37934374400,19,2,1052600
SA205,20220218,20220218,112440000,11:24:40,2815,684787,418892,37937199800,51,38,2825400
SA205,20220218,20220218,112440500,11:24:40,2813,684811,418901,37938529400,24,9,1329600
SA205,20220218,20220218,112441000,11:24:41,2813,684838,418910,37940025200,27,9,1495800
SA205,20220218,20220218,112441500,11:24:41,2814,684850,418916,37940690000,12,6,664800
SA205,20220218,20220218,112442000,11:24:42,2813,684856,418917,37941022400,6,1,332400
SA205,20220218,20220218,112442500,11:24:42,2814,684862,418918,37941354800,6,1,332400
SA205,20220218,20220218,112443000,11:24:43,2814,684865,418916,37941521000,3,-2,166200
SA205,20220218,20220218,112443500,11:24:43,2813,684889,418914,37942850600,24,-2,1329600
SA205,20220218,20220218,112444000,11:24:44,2813,684935,418904,37945399000,46,-10,2548400
SA205,20220218,20220218,112444500,11:24:44,2813,684981,418897,37947947400,46,-7,2548400
SA205,20220218,20220218,112445000,11:24:45,2814,685075,418959,37953155000,94,62,5207600
SA205,20220218,20220218,112445500,11:24:45,2813,685099,418967,37954484600,24,8,1329600
SA205,20220218,20220218,112446000,11:24:46,2813,685146,419011,37957088400,47,44,2603800
SA205,20220218,20220218,112446500,11:24:46,2813,685181,418993,37959027400,35,-18,1939000
SA205,20220218,20220218,112447000,11:24:47,2813,685201,418979,37960135400,20,-14,1108000
SA205,20220218,20220218,112447500,11:24:47,2813,685208,418980,37960523200,7,1,387800
SA205,20220218,20220218,112448000,11:24:48,2814,685319,419006,37966672600,111,26,6149400
SA205,20220218,20220218,112448500,11:24:48,2814,685558,418877,37979913200,239,-129,13240600
SA205,20220218,20220218,112449000,11:24:49,2814,685575,418861,37980855000,17,-16,941800
SA205,20220218,20220218,112449500,11:24:49,2814,685588,418854,37981575200,13,-7,720200
SA205,20220218,20220218,112450000,11:24:50,2814,685642,418828,37984566800,54,-26,2991600
SA205,20220218,20220218,112450500,11:24:50,2813,685669,418816,37986062600,27,-12,1495800
SA205,20220218,20220218,112451000,11:24:51,2814,685723,418861,37989054200,54,45,2991600
SA205,20220218,20220218,112451500,11:24:51,2815,685765,418881,37991381000,42,20,2326800
SA205,20220218,20220218,112452000,11:24:52,2814,685831,418930,37995037400,66,49,3656400
SA205,20220218,20220218,112452500,11:24:52,2814,685861,418952,37996699400,30,22,1662000
SA205,20220218,20220218,112453000,11:24:53,2815,685875,418953,37997475000,14,1,775600
SA205,20220218,20220218,112453500,11:24:53,2815,685958,418964,38002073200,83,11,4598200
SA205,20220218,20220218,112454000,11:24:54,2815,686012,418979,38005064800,54,15,2991600
SA205,20220218,20220218,112454500,11:24:54,2815,686283,418892,38020078200,271,-87,15013400
SA205,20220218,20220218,112455000,11:24:55,2815,686312,418887,38021684800,29,-5,1606600
SA205,20220218,20220218,112455500,11:24:56,2815,686360,418880,38024344000,48,-7,2659200
SA205,20220218,20220218,112456000,11:24:56,2816,686446,418847,38029108400,86,-33,4764400
SA205,20220218,20220218,112456500,11:24:56,2815,686548,418885,38034759200,102,38,5650800
SA205,20220218,20220218,112457000,11:24:57,2815,686598,418867,38037529200,50,-18,2770000
SA205,20220218,20220218,112457500,11:24:57,2816,686624,418860,38038969600,26,-7,1440400
SA205,20220218,20220218,112458000,11:24:58,2815,686752,418855,38046060800,128,-5,7091200
SA205,20220218,20220218,112458500,11:24:58,2815,686769,418856,38047002600,17,1,941800
SA205,20220218,20220218,112459000,11:24:59,2815,686776,418857,38047390400,7,1,387800
SA205,20220218,20220218,112459500,11:24:59,2815,686788,418860,38048055200,12,3,664800
SA205,20220218,20220218,112500000,11:25:00,2814,686808,418869,38049163200,20,9,1108000
SA205,20220218,20220218,112500500,11:25:01,2815,686871,418868,38052653400,63,-1,3490200
SA205,20220218,20220218,112501000,11:25:02,2815,687085,418852,38064509000,214,-16,11855600
SA205,20220218,20220218,112501500,11:25:03,2816,687111,418842,38065949400,26,-10,1440400
SA205,20220218,20220218,112502000,11:25:05,2815,687178,418835,38069661200,67,-7,3711800
SA205,20220218,20220218,112502500,11:25:06,2816,687285,418875,38075589000,107,40,5927800
SA205,20220218,20220218,112504500,11:25:06,2815,687432,418862,38083732800,147,-13,8143800
SA205,20220218,20220218,112505500,11:25:06,2815,687499,418856,38087444600,67,-6,3711800
SA205,20220218,20220218,112506000,11:25:07,2815,687523,418852,38088774200,24,-4,1329600
SA205,20220218,20220218,112506500,11:25:07,2815,687543,418848,38089882200,20,-4,1108000
SA205,20220218,20220218,112507000,11:25:07,2815,687562,418838,38090934800,19,-10,1052600
SA205,20220218,20220218,112507500,11:25:07,2815,687583,418836,38092098200,21,-2,1163400
SA205,20220218,20220218,112508000,11:25:08,2816,687598,418847,38092929200,15,11,831000
SA205,20220218,20220218,112508500,11:25:08,2815,687676,418824,38097250400,78,-23,4321200
SA205,20220218,20220218,112509000,11:25:09,2815,687721,418847,38099743400,45,23,2493000
SA205,20220218,20220218,112509500,11:25:09,2815,687735,418851,38100519000,14,4,775600
SA205,20220218,20220218,112510000,11:25:10,2815,687754,418861,38101571600,19,10,1052600
SA205,20220218,20220218,112510500,11:25:10,2814,687968,418987,38113427200,214,126,11855600
SA205,20220218,20220218,112511000,11:25:11,2813,688009,418976,38115698600,41,-11,2271400
SA205,20220218,20220218,112511500,11:25:11,2813,688027,418978,38116695800,18,2,997200
SA205,20220218,20220218,112512000,11:25:12,2813,688056,418966,38118302400,29,-12,1606600
SA205,20220218,20220218,112512500,11:25:12,2814,688070,418967,38119078000,14,1,775600
SA205,20220218,20220218,112513000,11:25:13,2813,688091,418972,38120241400,21,5,1163400
SA205,20220218,20220218,112513500,11:25:15,2814,688129,418958,38122346600,38,-14,2105200
SA205,20220218,20220218,112514000,11:25:15,2814,688146,418955,38123288400,17,-3,941800
SA205,20220218,20220218,112514500,11:25:15,2813,688181,418938,38125227400,35,-17,1939000
SA205,20220218,20220218,112515000,11:25:16,2813,688187,418940,38125559800,6,2,332400
SA205,20220218,20220218,112515500,11:25:16,2813,688198,418945,38126169200,11,5,609400
SA205,20220218,20220218,112516000,11:25:16,2813,688215,418945,38127111000,17,0,941800
SA205,20220218,20220218,112516500,11:25:16,2813,688243,418940,38128662200,28,-5,1551200
SA205,20220218,20220218,112517000,11:25:17,2813,688251,418938,38129105400,8,-2,443200
SA205,20220218,20220218,112517500,11:25:18,2813,688261,418937,38129659400,10,-1,554000
SA205,20220218,20220218,112518000,11:25:18,2813,688286,418947,38131044400,25,10,1385000
SA205,20220218,20220218,112518500,11:25:19,2813,688299,418955,38131764600,13,8,720200
SA205,20220218,20220218,112519000,11:25:19,2814,688305,418956,38132097000,6,1,332400
SA205,20220218,20220218,112519500,11:25:19,2813,688340,418957,38134036000,35,1,1939000
SA205,20220218,20220218,112520000,11:25:20,2814,688349,418957,38134534600,9,0,498600
SA205,20220218,20220218,112520500,11:25:21,2813,688359,418961,38135088600,10,4,554000
SA205,20220218,20220218,112521000,11:25:21,2814,688503,418905,38143066200,144,-56,7977600
SA205,20220218,20220218,112521500,11:25:22,2814,688518,418903,38143897200,15,-2,831000
SA205,20220218,20220218,112522000,11:25:22,2814,688613,418874,38149160200,95,-29,5263000
SA205,20220218,20220218,112522500,11:25:22,2816,688723,418900,38155254200,110,26,6094000
SA205,20220218,20220218,112523000,11:25:23,2815,688740,418900,38156196000,17,0,941800
SA205,20220218,20220218,112523500,11:25:24,2815,688764,418903,38157525600,24,3,1329600
SA205,20220218,20220218,112524000,11:25:25,2815,688772,418904,38157968800,8,1,443200
SA205,20220218,20220218,112524500,11:25:25,2816,688862,418888,38162954800,90,-16,4986000
SA205,20220218,20220218,112525000,11:25:25,2815,688881,418888,38164007400,19,0,1052600
SA205,20220218,20220218,112525500,11:25:26,2815,688885,418888,38164229000,4,0,221600
SA205,20220218,20220218,112526000,11:25:26,2815,688899,418899,38165004600,14,11,775600
SA205,20220218,20220218,112526500,11:25:27,2815,688905,418901,38165337000,6,2,332400
SA205,20220218,20220218,112527000,11:25:27,2814,688920,418899,38166168000,15,-2,831000
SA205,20220218,20220218,112527500,11:25:28,2815,688928,418898,38166611200,8,-1,443200
SA205,20220218,20220218,112528000,11:25:28,2814,688991,418915,38170101400,63,17,3490200
SA205,20220218,20220218,112528500,11:25:28,2813,688994,418916,38170267600,3,1,166200
SA205,20220218,20220218,112529000,11:25:29,2814,688996,418918,38170378400,2,2,110800
SA205,20220218,20220218,112529500,11:25:30,2814,689026,418919,38172040400,30,1,1662000
SA205,20220218,20220218,112530000,11:25:30,2813,689063,418918,38174090200,37,-1,2049800
SA205,20220218,20220218,112530500,11:25:31,2813,689107,418886,38176527800,44,-32,2437600
SA205,20220218,20220218,112531000,11:25:31,2812,689112,418883,38176804800,5,-3,277000
SA205,20220218,20220218,112531500,11:25:32,2812,689120,418883,38177248000,8,0,443200
SA205,20220218,20220218,112532000,11:25:32,2813,689139,418872,38178300600,19,-11,1052600
SA205,20220218,20220218,112532500,11:25:33,2812,689233,418828,38183508200,94,-44,5207600
SA205,20220218,20220218,112533000,11:25:33,2813,689255,418823,38184727000,22,-5,1218800
SA205,20220218,20220218,112533500,11:25:33,2812,689272,418830,38185668800,17,7,941800
SA205,20220218,20220218,112534000,11:25:34,2812,689289,418827,38186610600,17,-3,941800
SA205,20220218,20220218,112534500,11:25:35,2812,689294,418827,38186887600,5,0,277000
SA205,20220218,20220218,112535000,11:25:36,2813,689313,418832,38187940200,19,5,1052600
SA205,20220218,20220218,112535500,11:25:37,2812,689342,418823,38189546800,29,-9,1606600
SA205,20220218,20220218,112536000,11:25:37,2812,689360,418811,38190544000,18,-12,997200
SA205,20220218,20220218,112536500,11:25:37,2812,689364,418809,38190765600,4,-2,221600
SA205,20220218,20220218,112537000,11:25:38,2812,689383,418814,38191818200,19,5,1052600
SA205,20220218,20220218,112537500,11:25:38,2811,689389,418815,38192150600,6,1,332400
SA205,20220218,20220218,112538000,11:25:38,2812,689423,418810,38194034200,34,-5,1883600
SA205,20220218,20220218,112538500,11:25:39,2811,689439,418808,38194920600,16,-2,886400
SA205,20220218,20220218,112539000,11:25:39,2813,689450,418806,38195530000,11,-2,609400
SA205,20220218,20220218,112539500,11:25:40,2812,689468,418793,38196527200,18,-13,997200
SA205,20220218,20220218,112540000,11:25:40,2812,689470,418792,38196638000,2,-1,110800
SA205,20220218,20220218,112540500,11:25:40,2812,689471,418793,38196693400,1,1,55400
SA205,20220218,20220218,112541000,11:25:41,2811,689480,418793,38197192000,9,0,498600
SA205,20220218,20220218,112541500,11:25:41,2811,689495,418796,38198023000,15,3,831000
SA205,20220218,20220218,112542000,11:25:42,2812,689643,418710,38206222200,148,-86,8199200
SA205,20220218,20220218,112542500,11:25:42,2811,689690,418731,38208826000,47,21,2603800
SA205,20220218,20220218,112543000,11:25:43,2812,689721,418721,38210543400,31,-10,1717400
SA205,20220218,20220218,112543500,11:25:43,2812,689742,418704,38211706800,21,-17,1163400
SA205,20220218,20220218,112544000,11:25:44,2812,689762,418699,38212814800,20,-5,1108000
SA205,20220218,20220218,112544500,11:25:44,2812,689770,418704,38213258000,8,5,443200
SA205,20220218,20220218,112545000,11:25:45,2812,689791,418705,38214421400,21,1,1163400
SA205,20220218,20220218,112545500,11:25:46,2812,689800,418711,38214920000,9,6,498600
SA205,20220218,20220218,112546000,11:25:47,2813,689809,418712,38215418600,9,1,498600
SA205,20220218,20220218,112546500,11:25:48,2812,689816,418711,38215806400,7,-1,387800
SA205,20220218,20220218,112547000,11:25:48,2812,689817,418711,38215861800,1,0,55400
SA205,20220218,20220218,112547500,11:25:48,2812,689824,418708,38216249600,7,-3,387800
SA205,20220218,20220218,112548000,11:25:48,2813,689847,418719,38217523800,23,11,1274200
SA205,20220218,20220218,112548500,11:25:48,2812,689850,418721,38217690000,3,2,166200
SA205,20220218,20220218,112549000,11:25:49,2812,689858,418716,38218133200,8,-5,443200
SA205,20220218,20220218,112549500,11:25:49,2813,689866,418718,38218576400,8,2,443200
SA205,20220218,20220218,112550000,11:25:50,2812,689870,418719,38218798000,4,1,221600
SA205,20220218,20220218,112550500,11:25:51,2813,689876,418718,38219130400,6,-1,332400
SA205,20220218,20220218,112551000,11:25:51,2812,689887,418711,38219739800,11,-7,609400
SA205,20220218,20220218,112551500,11:25:51,2812,689895,418709,38220183000,8,-2,443200
SA205,20220218,20220218,112552000,11:25:52,2813,689904,418706,38220681600,9,-3,498600
SA205,20220218,20220218,112552500,11:25:52,2812,689921,418700,38221623400,17,-6,941800
SA205,20220218,20220218,112553000,11:25:53,2812,689953,418668,38223396200,32,-32,1772800
SA205,20220218,20220218,112553500,11:25:54,2812,689960,418662,38223784000,7,-6,387800
SA205,20220218,20220218,112554000,11:25:54,2812,689966,418663,38224116400,6,1,332400
SA205,20220218,20220218,112554500,11:25:55,2812,689974,418669,38224559600,8,6,443200
SA205,20220218,20220218,112555000,11:25:55,2812,689985,418679,38225169000,11,10,609400
SA205,20220218,20220218,112555500,11:25:56,2812,689992,418680,38225556800,7,1,387800
SA205,20220218,20220218,112556000,11:25:57,2812,690001,418681,38226055400,9,1,498600
SA205,20220218,20220218,112556500,11:25:57,2812,690047,418682,38228603800,46,1,2548400
SA205,20220218,20220218,112557000,11:25:57,2812,690079,418687,38230376600,32,5,1772800
SA205,20220218,20220218,112557500,11:25:57,2812,690084,418690,38230653600,5,3,277000
SA205,20220218,20220218,112558000,11:25:59,2812,690092,418691,38231096800,8,1,443200
SA205,20220218,20220218,112558500,11:25:59,2812,690123,418696,38232814200,31,5,1717400
SA205,20220218,20220218,112559000,11:26:00,2812,690141,418705,38233811400,18,9,997200
SA205,20220218,20220218,112559500,11:26:00,2811,690182,418699,38236082800,41,-6,2271400
SA205,20220218,20220218,112600000,11:26:00,2812,690205,418683,38237357000,23,-16,1274200
SA205,20220218,20220218,112600500,11:26:01,2812,690233,418670,38238908200,28,-13,1551200
SA205,20220218,20220218,112601000,11:26:01,2813,690344,418686,38245057600,111,16,6149400
SA205,20220218,20220218,112601500,11:26:01,2813,690507,418684,38254087800,163,-2,9030200
SA205,20220218,20220218,112602000,11:26:03,2814,690592,418694,38258796800,85,10,4709000
SA205,20220218,20220218,112602500,11:26:03,2814,690601,418691,38259295400,9,-3,498600
SA205,20220218,20220218,112603000,11:26:03,2815,690629,418705,38260846600,28,14,1551200
SA205,20220218,20220218,112603500,11:26:04,2815,690631,418704,38260957400,2,-1,110800
SA205,20220218,20220218,112604000,11:26:05,2813,690689,418711,38264170600,58,7,3213200
SA205,20220218,20220218,112604500,11:26:05,2814,690694,418713,38264447600,5,2,277000
SA205,20220218,20220218,112605000,11:26:05,2814,690754,418755,38267771600,60,42,3324000
SA205,20220218,20220218,112605500,11:26:06,2814,690787,418778,38269599800,33,23,1828200
SA205,20220218,20220218,112606000,11:26:06,2814,690843,418825,38272702200,56,47,3102400
SA205,20220218,20220218,112606500,11:26:07,2814,691050,418772,38284170000,207,-53,11467800
SA205,20220218,20220218,112607000,11:26:09,2815,691111,418716,38287549400,61,-56,3379400
SA205,20220218,20220218,112607500,11:26:09,2816,691120,418714,38288048000,9,-2,498600
SA205,20220218,20220218,112608000,11:26:09,2816,691146,418714,38289488400,26,0,1440400
SA205,20220218,20220218,112609000,11:26:09,2815,691253,418698,38295416200,107,-16,5927800
SA205,20220218,20220218,112609500,11:26:10,2815,691279,418686,38296856600,26,-12,1440400
SA205,20220218,20220218,112610000,11:26:10,2815,691304,418705,38298241600,25,19,1385000
SA205,20220218,20220218,112610500,11:26:10,2816,691319,418711,38299072600,15,6,831000
SA205,20220218,20220218,112611000,11:26:11,2815,691347,418722,38300623800,28,11,1551200
SA205,20220218,20220218,112611500,11:26:13,2816,691352,418724,38300900800,5,2,277000
SA205,20220218,20220218,112612000,11:26:14,2815,691405,418723,38303837000,53,-1,2936200
SA205,20220218,20220218,112612500,11:26:14,2815,691418,418726,38304557200,13,3,720200
SA205,20220218,20220218,112613000,11:26:15,2815,691435,418735,38305499000,17,9,941800
SA205,20220218,20220218,112614000,11:26:15,2815,691549,418697,38311814600,114,-38,6315600
SA205,20220218,20220218,112614500,11:26:15,2815,691569,418695,38312922600,20,-2,1108000
SA205,20220218,20220218,112615000,11:26:16,2814,691582,418705,38313642800,13,10,720200
SA205,20220218,20220218,112615500,11:26:16,2815,691591,418709,38314141400,9,4,498600
SA205,20220218,20220218,112616000,11:26:16,2814,691611,418708,38315249400,20,-1,1108000
SA205,20220218,20220218,112616500,11:26:17,2815,691620,418703,38315748000,9,-5,498600
SA205,20220218,20220218,112617000,11:26:17,2815,691633,418703,38316468200,13,0,720200
SA205,20220218,20220218,112617500,11:26:17,2814,691654,418697,38317631600,21,-6,1163400
SA205,20220218,20220218,112618000,11:26:18,2815,691684,418712,38319293600,30,15,1662000
SA205,20220218,20220218,112618500,11:26:18,2815,691749,418728,38322894600,65,16,3601000
SA205,20220218,20220218,112619000,11:26:19,2815,691758,418728,38323393200,9,0,498600
SA205,20220218,20220218,112619500,11:26:20,2815,691769,418729,38324002600,11,1,609400
SA205,20220218,20220218,112620000,11:26:20,2814,691780,418738,38324612000,11,9,609400
SA205,20220218,20220218,112620500,11:26:20,2815,691811,418758,38326329400,31,20,1717400
SA205,20220218,20220218,112621000,11:26:21,2815,691842,418753,38328046800,31,-5,1717400
SA205,20220218,20220218,112621500,11:26:21,2814,691858,418748,38328933200,16,-5,886400
SA205,20220218,20220218,112622000,11:26:22,2815,691873,418753,38329764200,15,5,831000
SA205,20220218,20220218,112622500,11:26:23,2815,691874,418752,38329819600,1,-1,55400
SA205,20220218,20220218,112623000,11:26:23,2814,691877,418751,38329985800,3,-1,166200
SA205,20220218,20220218,112623500,11:26:23,2814,691879,418750,38330096600,2,-1,110800
SA205,20220218,20220218,112624000,11:26:24,2815,691888,418748,38330595200,9,-2,498600
SA205,20220218,20220218,112624500,11:26:24,2814,691932,418725,38333032800,44,-23,2437600
SA205,20220218,20220218,112625000,11:26:25,2814,691942,418734,38333586800,10,9,554000
SA205,20220218,20220218,112625500,11:26:25,2814,691947,418735,38333863800,5,1,277000
SA205,20220218,20220218,112626000,11:26:26,2814,691971,418749,38335193400,24,14,1329600
SA205,20220218,20220218,112626500,11:26:26,2814,692005,418737,38337077000,34,-12,1883600
SA205,20220218,20220218,112627000,11:26:27,2814,692016,418747,38337686400,11,10,609400
SA205,20220218,20220218,112627500,11:26:27,2814,692026,418747,38338240400,10,0,554000
SA205,20220218,20220218,112628000,11:26:28,2813,692038,418745,38338905200,12,-2,664800
SA205,20220218,20220218,112628500,11:26:28,2813,692042,418746,38339126800,4,1,221600
SA205,20220218,20220218,112629000,11:26:29,2814,692047,418748,38339403800,5,2,277000
SA205,20220218,20220218,112629500,11:26:30,2813,692055,418754,38339847000,8,6,443200
SA205,20220218,20220218,112630000,11:26:31,2813,692058,418754,38340013200,3,0,166200
SA205,20220218,20220218,112630500,11:26:31,2813,692062,418757,38340234800,4,3,221600
SA205,20220218,20220218,112631000,11:26:31,2813,692073,418766,38340844200,11,9,609400
SA205,20220218,20220218,112631500,11:26:32,2814,692098,418757,38342229200,25,-9,1385000
SA205,20220218,20220218,112632000,11:26:32,2813,692159,418713,38345608600,61,-44,3379400
SA205,20220218,20220218,112632500,11:26:32,2813,692161,418712,38345719400,2,-1,110800
SA205,20220218,20220218,112633000,11:26:33,2813,692168,418707,38346107200,7,-5,387800
SA205,20220218,20220218,112633500,11:26:34,2813,692175,418703,38346495000,7,-4,387800
SA205,20220218,20220218,112634000,11:26:34,2812,692255,418695,38350927000,80,-8,4432000
SA205,20220218,20220218,112634500,11:26:37,2813,692277,418696,38352145800,22,1,1218800
SA205,20220218,20220218,112635000,11:26:37,2812,692305,418689,38353697000,28,-7,1551200
SA205,20220218,20220218,112635500,11:26:38,2812,692342,418687,38355746800,37,-2,2049800
SA205,20220218,20220218,112636000,11:26:38,2813,692450,418688,38361730000,108,1,5983200
SA205,20220218,20220218,112637000,11:26:38,2812,692584,418776,38369153600,134,88,7423600
SA205,20220218,20220218,112637500,11:27:10,2811,692588,418774,38369375200,4,-2,221600
SA205,20220218,20220218,112638000,11:27:10,2812,692637,418781,38372089800,49,7,2714600
SA205,20220218,20220218,112638500,11:27:10,2812,692661,418795,38373419400,24,14,1329600
SA205,20220218,20220218,112653500,11:27:10,2812,693213,418909,38404000200,552,114,30580800
SA205,20220218,20220218,112654000,11:27:12,2812,693227,418911,38404775800,14,2,775600
SA205,20220218,20220218,112710000,11:27:12,2817,695192,418719,38527540640,1965,-192,122764840
SA205,20220218,20220218,112710500,11:27:12,2818,695466,418807,38542725720,274,88,15185080
SA205,20220218,20220218,112712000,11:27:12,2817,695692,418754,38555250640,226,-53,12524920
SA205,20220218,20220218,112712500,11:27:13,2817,695734,418765,38557578280,42,11,2327640
SA205,20220218,20220218,112713000,11:27:13,2817,695750,418768,38558465000,16,3,886720
SA205,20220218,20220218,112713500,11:27:14,2817,695769,418757,38559517980,19,-11,1052980
SA205,20220218,20220218,112714000,11:27:15,2817,695926,418736,38568218920,157,-21,8700940
SA205,20220218,20220218,112714500,11:27:15,2817,695940,418725,38568994800,14,-11,775880
SA205,20220218,20220218,112715000,11:27:15,2817,696008,418735,38572763360,68,10,3768560
SA205,20220218,20220218,112715500,11:27:16,2818,696021,418743,38573483820,13,8,720460
SA205,20220218,20220218,112716000,11:27:17,2818,696111,418728,38578471620,90,-15,4987800
SA205,20220218,20220218,112716500,11:27:17,2818,696138,418736,38579967960,27,8,1496340
SA205,20220218,20220218,112717000,11:27:17,2819,696195,418722,38583126900,57,-14,3158940
SA205,20220218,20220218,112717500,11:27:17,2818,696254,418699,38586396680,59,-23,3269780
SA205,20220218,20220218,112718000,11:27:18,2818,696351,418669,38591772420,97,-30,5375740
SA205,20220218,20220218,112718500,11:27:19,2819,696555,418676,38603078100,204,7,11305680
SA205,20220218,20220218,112719000,11:27:19,2820,696609,418697,38606070780,54,21,2992680
SA205,20220218,20220218,112719500,11:27:20,2819,697071,418380,38631674820,462,-317,25604040
SA205,20220218,20220218,112720000,11:27:20,2819,697166,418423,38636939720,95,43,5264900
SA205,20220218,20220218,112720500,11:27:21,2819,697242,418432,38641151640,76,9,4211920
SA205,20220218,20220218,112721000,11:27:21,2820,697318,418451,38645363560,76,19,4211920
SA205,20220218,20220218,112721500,11:27:22,2819,697419,418505,38650960980,101,54,5597420
SA205,20220218,20220218,112722000,11:27:22,2820,697521,418488,38656613820,102,-17,5652840
SA205,20220218,20220218,112722500,11:27:23,2820,697571,418484,38659384820,50,-4,2771000
SA205,20220218,20220218,112723000,11:27:27,2820,697639,418465,38663153380,68,-19,3768560
SA205,20220218,20220218,112723500,11:27:27,2819,697684,418482,38665647280,45,17,2493900
SA205,20220218,20220218,112724000,11:27:27,2819,697746,418514,38669083320,62,32,3436040
SA205,20220218,20220218,112726500,11:27:27,2819,698189,418472,38693634380,443,-42,24551060
SA205,20220218,20220218,112727000,11:27:27,2819,698380,418569,38704219600,191,97,10585220
SA205,20220218,20220218,112727500,11:27:27,2819,698459,418598,38708597780,79,29,4378180
SA205,20220218,20220218,112728000,11:27:28,2818,698469,418597,38709151980,10,-1,554200
SA205,20220218,20220218,112728500,11:27:28,2818,698534,418605,38712754280,65,8,3602300
SA205,20220218,20220218,112729000,11:27:29,2818,698543,418601,38713253060,9,-4,498780
SA205,20220218,20220218,112729500,11:27:30,2819,698582,418582,38715414440,39,-19,2161380
SA205,20220218,20220218,112730000,11:27:30,2818,698595,418574,38716134900,13,-8,720460
SA205,20220218,20220218,112730500,11:27:31,2818,698621,418569,38717575820,26,-5,1440920
SA205,20220218,20220218,112731000,11:27:32,2818,698640,418568,38718628800,19,-1,1052980
SA205,20220218,20220218,112731500,11:27:35,2818,698686,418557,38721178120,46,-11,2549320
SA205,20220218,20220218,112732000,11:27:35,2818,698828,418590,38729047760,142,33,7869640
SA205,20220218,20220218,112732500,11:27:36,2818,698833,418586,38729324860,5,-4,277100
SA205,20220218,20220218,112735500,11:27:36,2818,699151,418487,38746948420,318,-99,17623560
SA205,20220218,20220218,112736000,11:27:36,2818,699159,418493,38747391780,8,6,443360
SA205,20220218,20220218,112736500,11:27:38,2818,699168,418495,38747890560,9,2,498780
SA205,20220218,20220218,112737000,11:27:38,2818,699177,418501,38748389340,9,6,498780
SA205,20220218,20220218,112737500,11:27:38,2818,699186,418509,38748888120,9,8,498780
SA205,20220218,20220218,112738000,11:27:38,2818,699189,418512,38749054380,3,3,166260
SA205,20220218,20220218,112738500,11:27:39,2818,699196,418510,38749442320,7,-2,387940
SA205,20220218,20220218,112739000,11:27:39,2818,699218,418513,38750661560,22,3,1219240
SA205,20220218,20220218,112739500,11:27:39,2818,699229,418518,38751271180,11,5,609620
SA205,20220218,20220218,112740000,11:27:40,2818,699250,418518,38752435000,21,0,1163820
SA205,20220218,20220218,112740500,11:27:40,2818,699275,418511,38753820500,25,-7,1385500
SA205,20220218,20220218,112741000,11:27:41,2818,699276,418511,38753875920,1,0,55420
SA205,20220218,20220218,112741500,11:27:41,2818,699321,418542,38756369820,45,31,2493900
SA205,20220218,20220218,112742000,11:27:42,2817,699447,418549,38763352740,126,7,6982920
SA205,20220218,20220218,112742500,11:27:43,2817,699457,418546,38763906940,10,-3,554200
SA205,20220218,20220218,112743000,11:27:43,2817,699476,418548,38764959920,19,2,1052980
SA205,20220218,20220218,112743500,11:27:43,2817,699515,418574,38767121300,39,26,2161380
SA205,20220218,20220218,112744000,11:27:44,2817,699516,418573,38767176720,1,-1,55420
SA205,20220218,20220218,112744500,11:27:45,2817,699524,418573,38767620080,8,0,443360
SA205,20220218,20220218,112745000,11:27:46,2817,699531,418570,38768008020,7,-3,387940
SA205,20220218,20220218,112745500,11:27:46,2818,699547,418583,38768894740,16,13,886720
SA205,20220218,20220218,112746000,11:27:46,2817,699599,418625,38771776580,52,42,2881840
SA205,20220218,20220218,112746500,11:27:47,2818,699605,418624,38772109100,6,-1,332520
SA205,20220218,20220218,112747000,11:27:47,2818,699616,418623,38772718720,11,-1,609620
SA205,20220218,20220218,112747500,11:27:47,2818,699633,418626,38773660860,17,3,942140
SA205,20220218,20220218,112748000,11:27:53,2818,699655,418634,38774880100,22,8,1219240
SA205,20220218,20220218,112748500,11:27:54,2817,699660,418632,38775157200,5,-2,277100
SA205,20220218,20220218,112749000,11:27:54,2818,699668,418628,38775600560,8,-4,443360
SA205,20220218,20220218,112749500,11:27:54,2818,699678,418625,38776154760,10,-3,554200
SA205,20220218,20220218,112754000,11:27:54,2818,699963,418506,38791949460,285,-119,15794700
SA205,20220218,20220218,112754500,11:27:55,2819,699973,418507,38792503660,10,1,554200
SA205,20220218,20220218,112755000,11:27:55,2818,699982,418507,38793002440,9,0,498780
SA205,20220218,20220218,112755500,11:27:55,2819,699989,418505,38793390380,7,-2,387940
SA205,20220218,20220218,112756000,11:27:56,2818,699995,418509,38793722900,6,4,332520
SA205,20220218,20220218,112756500,11:27:56,2818,700014,418511,38794775880,19,2,1052980
SA205,20220218,20220218,112757000,11:27:57,2818,700017,418512,38794942140,3,1,166260
SA205,20220218,20220218,112757500,11:27:57,2818,700029,418514,38795607180,12,2,665040
SA205,20220218,20220218,112758000,11:27:58,2819,700068,418523,38797768560,39,9,2161380
SA205,20220218,20220218,112758500,11:27:59,2819,700083,418534,38798599860,15,11,831300
SA205,20220218,20220218,112759000,11:27:59,2818,700106,418548,38799874520,23,14,1274660
SA205,20220218,20220218,112759500,11:27:59,2819,700121,418554,38800705820,15,6,831300
SA205,20220218,20220218,112800000,11:28:01,2818,700140,418562,38801758800,19,8,1052980
SA205,20220218,20220218,112800500,11:28:01,2818,700220,418589,38806192400,80,27,4433600
SA205,20220218,20220218,112801000,11:28:01,2819,700341,418586,38812898220,121,-3,6705820
SA205,20220218,20220218,112801500,11:28:02,2819,700371,418585,38814560820,30,-1,1662600
SA205,20220218,20220218,112802000,11:28:03,2819,700434,418558,38818052280,63,-27,3491460
SA205,20220218,20220218,112802500,11:28:03,2819,700462,418553,38819604040,28,-5,1551760
SA205,20220218,20220218,112803000,11:28:04,2818,700491,418551,38821211220,29,-2,1607180
SA205,20220218,20220218,112803500,11:28:04,2819,700496,418551,38821488320,5,0,277100
SA205,20220218,20220218,112804000,11:28:04,2819,700497,418552,38821543740,1,1,55420
SA205,20220218,20220218,112804500,11:28:05,2818,700507,418560,38822097940,10,8,554200
SA205,20220218,20220218,112805000,11:28:06,2818,700531,418584,38823428020,24,24,1330080
SA205,20220218,20220218,112805500,11:28:06,2819,700646,418655,38829801320,115,71,6373300
SA205,20220218,20220218,112806000,11:28:10,2819,700652,418657,38830133840,6,2,332520
SA205,20220218,20220218,112806500,11:28:10,2819,700659,418661,38830521780,7,4,387940
SA205,20220218,20220218,112807000,11:28:10,2819,700668,418667,38831020560,9,6,498780
SA205,20220218,20220218,112807500,11:28:11,2819,700688,418670,38832128960,20,3,1108400
SA205,20220218,20220218,112810000,11:28:11,2819,700884,418736,38842991280,196,66,10862320
SA205,20220218,20220218,112810500,11:28:11,2818,701105,418839,38855239100,221,103,12247820
SA205,20220218,20220218,112811000,11:28:12,2819,701113,418841,38855682460,8,2,443360
SA205,20220218,20220218,112811500,11:28:12,2819,701170,418858,38858841400,57,17,3158940
SA205,20220218,20220218,112812000,11:28:12,2819,701177,418852,38859229340,7,-6,387940
SA205,20220218,20220218,112812500,11:28:13,2820,701356,418947,38869149520,179,95,9920180
SA205,20220218,20220218,112813000,11:28:13,2820,701389,418949,38870978380,33,2,1828860
SA205,20220218,20220218,112813500,11:28:14,2820,701423,418928,38872862660,34,-21,1884280
SA205,20220218,20220218,112814000,11:28:14,2821,701565,418893,38880732300,142,-35,7869640
SA205,20220218,20220218,112814500,11:28:14,2821,701715,418870,38889045300,150,-23,8313000
SA205,20220218,20220218,112815000,11:28:15,2821,701811,418868,38894365620,96,-2,5320320
SA205,20220218,20220218,112815500,11:28:15,2821,701838,418874,38895861960,27,6,1496340
SA205,20220218,20220218,112816000,11:28:16,2822,701963,418895,38902789460,125,21,6927500
SA205,20220218,20220218,112816500,11:28:16,2823,702199,418764,38915868580,236,-131,13079120
SA205,20220218,20220218,112817000,11:28:17,2823,702331,418773,38923184020,132,9,7315440
SA205,20220218,20220218,112817500,11:28:17,2824,702361,418751,38924846620,30,-22,1662600
SA205,20220218,20220218,112818000,11:28:18,2823,702605,418686,38938369100,244,-65,13522480
SA205,20220218,20220218,112818500,11:28:18,2823,702686,418683,38942858120,81,-3,4489020
SA205,20220218,20220218,112819000,11:28:19,2824,702851,418662,38952002420,165,-21,9144300
SA205,20220218,20220218,112819500,11:28:19,2824,703030,418631,38961922600,179,-31,9920180
SA205,20220218,20220218,112820000,11:28:20,2824,703143,418643,38968185060,113,12,6262460
SA205,20220218,20220218,112820500,11:28:20,2824,703223,418649,38972618660,80,6,4433600
SA205,20220218,20220218,112821000,11:28:21,2824,703307,418639,38977273940,84,-10,4655280
SA205,20220218,20220218,112821500,11:28:22,2824,703415,418650,38983259300,108,11,5985360
SA205,20220218,20220218,112822000,11:28:22,2824,703436,418644,38984423120,21,-6,1163820
SA205,20220218,20220218,112822500,11:28:22,2825,703535,418570,38989909700,99,-74,5486580
SA205,20220218,20220218,112823000,11:28:23,2825,703693,418525,38998666060,158,-45,8756360
SA205,20220218,20220218,112823500,11:28:23,2824,703739,418537,39001215380,46,12,2549320
SA205,20220218,20220218,112824000,11:28:24,2825,703757,418540,39002212940,18,3,997560
SA205,20220218,20220218,112824500,11:28:24,2825,703802,418537,39004706840,45,-3,2493900
SA205,20220218,20220218,112825000,11:28:25,2824,703953,418527,39013075260,151,-10,8368420
SA205,20220218,20220218,112825500,11:28:25,2823,703969,418521,39013961980,16,-6,886720
SA205,20220218,20220218,112826000,11:28:26,2824,704006,418517,39016012520,37,-4,2050540
SA205,20220218,20220218,112826500,11:28:27,2823,704041,418506,39017952220,35,-11,1939700
SA205,20220218,20220218,112827000,11:28:27,2823,704076,418497,39019891920,35,-9,1939700
SA205,20220218,20220218,112827500,11:28:27,2823,704259,418519,39030033780,183,22,10141860
SA205,20220218,20220218,112828000,11:28:28,2823,704334,418505,39034190280,75,-14,4156500
SA205,20220218,20220218,112828500,11:28:28,2823,704388,418484,39037182960,54,-21,2992680
SA205,20220218,20220218,112829000,11:28:29,2823,704588,418527,39048266960,200,43,11084000
SA205,20220218,20220218,112829500,11:28:29,2823,704687,418549,39053753540,99,22,5486580
SA205,20220218,20220218,112830000,11:28:30,2824,704799,418579,39059960580,112,30,6207040
SA205,20220218,20220218,112830500,11:28:31,2824,704848,418595,39062676160,49,16,2715580
SA205,20220218,20220218,112831000,11:28:31,2824,704895,418599,39065280900,47,4,2604740
SA205,20220218,20220218,112831500,11:28:31,2824,704951,418636,39068384420,56,37,3103520
SA205,20220218,20220218,112832000,11:28:32,2824,704971,418629,39069492820,20,-7,1108400
SA205,20220218,20220218,112832500,11:28:33,2824,705125,418715,39078027500,154,86,8534680
SA205,20220218,20220218,112833000,11:28:33,2824,705198,418760,39082073160,73,45,4045660
SA205,20220218,20220218,112833500,11:28:34,2824,705225,418766,39083569500,27,6,1496340
SA205,20220218,20220218,112834000,11:28:34,2824,705235,418770,39084123700,10,4,554200
SA205,20220218,20220218,112834500,11:28:34,2824,705264,418767,39085730880,29,-3,1607180
SA205,20220218,20220218,112835000,11:28:35,2824,705284,418781,39086839280,20,14,1108400
SA205,20220218,20220218,112835500,11:28:37,2823,705431,418878,39094986020,147,97,8146740
SA205,20220218,20220218,112836000,11:28:37,2824,705477,418904,39097535340,46,26,2549320
SA205,20220218,20220218,112836500,11:28:37,2824,705537,418921,39100860540,60,17,3325200
SA205,20220218,20220218,112837000,11:28:37,2825,705570,418929,39102689400,33,8,1828860
SA205,20220218,20220218,112837500,11:28:38,2824,705621,418947,39105515820,51,18,2826420
SA205,20220218,20220218,112838000,11:28:38,2823,705649,418950,39107067580,28,3,1551760
SA205,20220218,20220218,112838500,11:28:38,2824,705719,418991,39110946980,70,41,3879400
SA205,20220218,20220218,112839000,11:28:40,2824,705723,418992,39111168660,4,1,221680
SA205,20220218,20220218,112839500,11:28:40,2824,705878,418970,39119758760,155,-22,8590100
SA205,20220218,20220218,112840000,11:28:40,2824,705882,418972,39119980440,4,2,221680
SA205,20220218,20220218,112840500,11:28:40,2824,705927,418991,39122474340,45,19,2493900
SA205,20220218,20220218,112841000,11:28:41,2824,706080,419050,39130953600,153,59,8479260
SA205,20220218,20220218,112841500,11:28:41,2824,706102,419054,39132172840,22,4,1219240
SA205,20220218,20220218,112842000,11:28:42,2824,706213,419130,39138324460,111,76,6151620
SA205,20220218,20220218,112842500,11:28:42,2825,706237,419130,39139654540,24,0,1330080
SA205,20220218,20220218,112843000,11:28:43,2824,706297,419156,39142979740,60,26,3325200
SA205,20220218,20220218,112843500,11:28:44,2824,706332,419161,39144919440,35,5,1939700
SA205,20220218,20220218,112844000,11:28:44,2824,706395,419192,39148410900,63,31,3491460
SA205,20220218,20220218,112844500,11:28:45,2825,706428,419198,39150239760,33,6,1828860
SA205,20220218,20220218,112845000,11:28:45,2825,706489,419225,39153620380,61,27,3380620
SA205,20220218,20220218,112845500,11:28:45,2826,706539,419258,39156391380,50,33,2771000
SA205,20220218,20220218,112846000,11:28:46,2826,706693,419275,39164926060,154,17,8534680
SA205,20220218,20220218,112846500,11:28:46,2825,706704,419270,39165535680,11,-5,609620
SA205,20220218,20220218,112847000,11:28:47,2825,706814,419281,39171631880,110,11,6096200
SA205,20220218,20220218,112847500,11:28:47,2825,706853,419278,39173793260,39,-3,2161380
SA205,20220218,20220218,112848000,11:28:48,2825,706876,419267,39175067920,23,-11,1274660
SA205,20220218,20220218,112848500,11:28:48,2825,707039,419256,39184101380,163,-11,9033460
SA205,20220218,20220218,112849000,11:28:49,2826,707121,419327,39188645820,82,71,4544440
SA205,20220218,20220218,112849500,11:28:50,2825,707127,419328,39188978340,6,1,332520
SA205,20220218,20220218,112850000,11:28:50,2825,707187,419365,39192303540,60,37,3325200
SA205,20220218,20220218,112850500,11:28:50,2824,707207,419364,39193411940,20,-1,1108400
SA205,20220218,20220218,112851000,11:28:51,2825,707229,419369,39194631180,22,5,1219240
SA205,20220218,20220218,112851500,11:28:51,2824,707298,419381,39198455160,69,12,3823980
SA205,20220218,20220218,112852000,11:28:52,2824,707329,419393,39200173180,31,12,1718020
SA205,20220218,20220218,112852500,11:28:53,2824,707353,419403,39201503260,24,10,1330080
SA205,20220218,20220218,112853000,11:28:54,2824,707384,419421,39203221280,31,18,1718020
SA205,20220218,20220218,112853500,11:28:54,2824,707491,419507,39209151220,107,86,5929940
SA205,20220218,20220218,112854000,11:28:54,2824,707553,419564,39212587260,62,57,3436040
SA205,20220218,20220218,112854500,11:28:54,2825,707576,419579,39213861920,23,15,1274660
SA205,20220218,20220218,112855000,11:28:55,2824,707640,419620,39217408800,64,41,3546880
SA205,20220218,20220218,112855500,11:28:56,2825,707649,419619,39217907580,9,-1,498780
SA205,20220218,20220218,112856000,11:28:56,2825,707742,419641,39223061640,93,22,5154060
SA205,20220218,20220218,112856500,11:28:56,2825,707815,419675,39227107300,73,34,4045660
SA205,20220218,20220218,112857000,11:28:57,2824,707847,419671,39228880740,32,-4,1773440
SA205,20220218,20220218,112857500,11:28:58,2824,707879,419668,39230654180,32,-3,1773440
SA205,20220218,20220218,112858000,11:28:58,2824,708011,419670,39237969620,132,2,7315440
SA205,20220218,20220218,112858500,11:28:59,2824,708130,419634,39244564600,119,-36,6594980
SA205,20220218,20220218,112859000,11:28:59,2825,708197,419696,39262441680,67,62,17877080
SA205,20220218,20220218,112859500,11:29:00,2825,708253,419718,39265546320,56,22,3104640
SA205,20220218,20220218,112900000,11:29:00,2824,708260,419721,39265934400,7,3,388080
SA205,20220218,20220218,112900500,11:29:01,2825,708276,419730,39266821440,16,9,887040
SA205,20220218,20220218,112901000,11:29:01,2824,708355,419745,39271201200,79,15,4379760
SA205,20220218,20220218,112901500,11:29:02,2824,708378,419751,39272476320,23,6,1275120
SA205,20220218,20220218,112902000,11:29:02,2824,708403,419757,39273862320,25,6,1386000
SA205,20220218,20220218,112902500,11:29:03,2824,708407,419760,39274084080,4,3,221760
SA205,20220218,20220218,112903000,11:29:03,2823,708422,419770,39274915680,15,10,831600
SA205,20220218,20220218,112903500,11:29:04,2823,708485,419824,39278408400,63,54,3492720
SA205,20220218,20220218,112904000,11:29:04,2823,708554,419860,39282233760,69,36,3825360
SA205,20220218,20220218,112904500,11:29:04,2823,708592,419873,39284340480,38,13,2106720
SA205,20220218,20220218,112905000,11:29:05,2824,708635,419891,39286724400,43,18,2383920
SA205,20220218,20220218,112905500,11:29:06,2823,708690,419910,39289773600,55,19,3049200
SA205,20220218,20220218,112906000,11:29:06,2824,708706,419918,39290660640,16,8,887040
SA205,20220218,20220218,112906500,11:29:06,2824,708831,419937,39297590640,125,19,6930000
SA205,20220218,20220218,112907000,11:29:07,2824,708858,419947,39299087520,27,10,1496880
SA205,20220218,20220218,112907500,11:29:08,2825,708977,420005,39305684880,119,58,6597360
SA205,20220218,20220218,112908000,11:29:08,2825,709142,420116,39314832480,165,111,9147600
SA205,20220218,20220218,112908500,11:29:08,2825,709293,420142,39323203920,151,26,8371440
SA205,20220218,20220218,112909000,11:29:09,2826,709386,420127,39328359840,93,-15,5155920
SA205,20220218,20220218,112909500,11:29:09,2826,709511,420203,39335289840,125,76,6930000
SA205,20220218,20220218,112910000,11:29:10,2826,709625,420272,39341610000,114,69,6320160
SA205,20220218,20220218,112910500,11:29:10,2827,709812,420209,39351977280,187,-63,10367280
SA205,20220218,20220218,112911000,11:29:11,2827,709995,420142,39362122800,183,-67,10145520
SA205,20220218,20220218,112911500,11:29:12,2827,710119,420116,39368997360,124,-26,6874560
SA205,20220218,20220218,112912000,11:29:12,2828,710314,420127,39379808160,195,11,10810800
SA205,20220218,20220218,112912500,11:29:12,2827,710510,420045,39390674400,196,-82,10866240
SA205,20220218,20220218,112913000,11:29:13,2828,710994,420115,39417507360,484,70,26832960
SA205,20220218,20220218,112913500,11:29:14,2829,711096,420120,39423162240,102,5,5654880
SA205,20220218,20220218,112914000,11:29:14,2828,711319,420096,39435525360,223,-24,12363120
SA205,20220218,20220218,112914500,11:29:15,2828,711374,420094,39438574560,55,-2,3049200
SA205,20220218,20220218,112915000,11:29:15,2827,711413,420096,39440736720,39,2,2162160
SA205,20220218,20220218,112915500,11:29:16,2828,711501,420162,39445615440,88,66,4878720
SA205,20220218,20220218,112916000,11:29:16,2828,711530,420184,39447223200,29,22,1607760
SA205,20220218,20220218,112916500,11:29:18,2829,711555,420180,39448609200,25,-4,1386000
SA205,20220218,20220218,112917000,11:29:20,2828,711724,420178,39457978560,169,-2,9369360
SA205,20220218,20220218,112917500,11:29:21,2828,711883,420289,39466793520,159,111,8814960
SA205,20220218,20220218,112918000,11:29:21,2829,711978,420332,39472060320,95,43,5266800
SA205,20220218,20220218,112920500,11:29:21,2828,712766,420544,39515747040,788,212,43686720
SA205,20220218,20220218,112921000,11:29:22,2828,712809,420544,39518130960,43,0,2383920
SA205,20220218,20220218,112921500,11:29:24,2829,712857,420575,39520792080,48,31,2661120
SA205,20220218,20220218,112922000,11:29:24,2829,712871,420578,39521568240,14,3,776160
SA205,20220218,20220218,112922500,11:29:24,2828,712921,420583,39524340240,50,5,2772000
SA205,20220218,20220218,112923000,11:29:24,2829,712968,420574,39526945920,47,-9,2605680
SA205,20220218,20220218,112924000,11:29:24,2829,713400,420667,39550896000,432,93,23950080
SA205,20220218,20220218,112924500,11:29:24,2829,713515,420649,39557271600,115,-18,6375600
SA205,20220218,20220218,112925000,11:29:25,2829,713836,420570,39575067840,321,-79,17796240
SA205,20220218,20220218,112925500,11:29:25,2830,713935,420603,39580556400,99,33,5488560
SA205,20220218,20220218,112926000,11:29:26,2829,714183,420538,39594305520,248,-65,13749120
SA205,20220218,20220218,112926500,11:29:26,2828,714202,420541,39595358880,19,3,1053360
SA205,20220218,20220218,112927000,11:29:27,2829,714445,420631,39608830800,243,90,13471920
SA205,20220218,20220218,112927500,11:29:27,2829,714530,420605,39613543200,85,-26,4712400
SA205,20220218,20220218,112928000,11:29:28,2829,714566,420592,39615539040,36,-13,1995840
SA205,20220218,20220218,112928500,11:29:28,2829,714589,420594,39616814160,23,2,1275120
SA205,20220218,20220218,112929000,11:29:29,2829,714816,420701,39629399040,227,107,12584880
SA205,20220218,20220218,112929500,11:29:30,2829,714842,420692,39630840480,26,-9,1441440
SA205,20220218,20220218,112930000,11:29:30,2829,714877,420672,39632780880,35,-20,1940400
SA205,20220218,20220218,112930500,11:29:30,2830,715036,420762,39641595840,159,90,8814960
SA205,20220218,20220218,112931000,11:29:32,2830,715140,420764,39647361600,104,2,5765760
SA205,20220218,20220218,112931500,11:29:32,2830,715207,420747,39651076080,67,-17,3714480
SA205,20220218,20220218,112932000,11:29:36,2830,715259,420738,39653958960,52,-9,2882880
SA205,20220218,20220218,112932500,11:29:36,2830,715332,420710,39658006080,73,-28,4047120
SA205,20220218,20220218,112933000,11:29:37,2829,715380,420712,39660667200,48,2,2661120
SA205,20220218,20220218,112933500,11:29:38,2829,715433,420706,39663605520,53,-6,2938320
SA205,20220218,20220218,112936500,11:29:38,2828,715918,420741,39690493920,485,35,26888400
SA205,20220218,20220218,112937000,11:29:38,2829,715958,420726,39692711520,40,-15,2217600
SA205,20220218,20220218,112937500,11:29:38,2828,716197,420703,39705961680,239,-23,13250160
SA205,20220218,20220218,112938000,11:29:38,2828,716256,420684,39709232640,59,-19,3270960
SA205,20220218,20220218,112938500,11:29:39,2827,716271,420681,39710064240,15,-3,831600
SA205,20220218,20220218,112939000,11:29:39,2827,716404,420736,39717437760,133,55,7373520
SA205,20220218,20220218,112939500,11:29:40,2826,716422,420735,39718435680,18,-1,997920
SA205,20220218,20220218,112940000,11:29:40,2827,716457,420756,39720376080,35,21,1940400
SA205,20220218,20220218,112940500,11:29:40,2826,716485,420766,39721928400,28,10,1552320
SA205,20220218,20220218,112941000,11:29:41,2826,716593,420714,39727915920,108,-52,5987520
SA205,20220218,20220218,112941500,11:29:42,2826,716630,420708,39729967200,37,-6,2051280
SA205,20220218,20220218,112942000,11:29:42,2826,716662,420694,39731741280,32,-14,1774080
SA205,20220218,20220218,112942500,11:29:44,2826,716691,420699,39733349040,29,5,1607760
SA205,20220218,20220218,112943000,11:29:45,2826,716721,420678,39735012240,30,-21,1663200
SA205,20220218,20220218,112943500,11:29:45,2826,716757,420658,39737008080,36,-20,1995840
SA205,20220218,20220218,112944000,11:29:45,2827,716869,420675,39743217360,112,17,6209280
SA205,20220218,20220218,112944500,11:29:45,2827,716901,420687,39744991440,32,12,1774080
SA205,20220218,20220218,112945000,11:29:46,2827,716933,420702,39746765520,32,15,1774080
SA205,20220218,20220218,112945500,11:29:46,2827,716963,420724,39748428720,30,22,1663200
SA205,20220218,20220218,112946000,11:29:46,2827,717002,420740,39750590880,39,16,2162160
SA205,20220218,20220218,112946500,11:29:47,2827,717018,420731,39751477920,16,-9,887040
SA205,20220218,20220218,112947000,11:29:47,2827,717042,420710,39752808480,24,-21,1330560
SA205,20220218,20220218,112947500,11:29:48,2827,717095,420687,39755746800,53,-23,2938320
SA205,20220218,20220218,112948000,11:29:49,2827,717109,420684,39756522960,14,-3,776160
SA205,20220218,20220218,112948500,11:29:49,2827,717145,420675,39758518800,36,-9,1995840
SA205,20220218,20220218,112949000,11:29:50,2827,717196,420681,39761346240,51,6,2827440
SA205,20220218,20220218,112949500,11:29:50,2827,717216,420679,39762455040,20,-2,1108800
SA205,20220218,20220218,112950000,11:29:51,2827,717255,420677,39764617200,39,-2,2162160
SA205,20220218,20220218,112950500,11:29:51,2828,717283,420683,39766169520,28,6,1552320
SA205,20220218,20220218,112951500,11:29:52,2828,717645,420743,39786238800,362,60,20069280
SA205,20220218,20220218,112952000,11:29:52,2829,717749,420744,39792004560,104,1,5765760
SA205,20220218,20220218,112952500,11:29:53,2828,717807,420772,39795220080,58,28,3215520
SA205,20220218,20220218,112953000,11:29:54,2828,717849,420769,39797548560,42,-3,2328480
SA205,20220218,20220218,112953500,11:29:54,2828,717870,420761,39798712800,21,-8,1164240
SA205,20220218,20220218,112954000,11:29:54,2827,717946,420773,39802926240,76,12,4213440
SA205,20220218,20220218,112954500,11:29:54,2828,717972,420772,39804367680,26,-1,1441440
SA205,20220218,20220218,112955000,11:29:55,2828,717975,420773,39804534000,3,1,166320
SA205,20220218,20220218,112955500,11:29:56,2828,718009,420773,39806418960,34,0,1884960
SA205,20220218,20220218,112956000,11:29:56,2828,718040,420778,39808137600,31,5,1718640
SA205,20220218,20220218,112956500,11:30:00,2828,718094,420777,39811131360,54,-1,2993760
SA205,20220218,20220218,112957000,11:30:00,2828,718177,420824,39815732880,83,47,4601520
SA205,20220218,20220218,112957500,11:30:02,2828,718228,420840,39818560320,51,16,2827440
SA205,20220218,20220218,112959500,11:30:02,2829,718387,420898,39827375280,159,58,8814960
SA205,20220218,20220218,113000000,11:30:03,2827,718405,420913,39828373200,18,15,997920
SA205,20220218,20220218,113000500,11:30:03,2827,718473,420874,39832143120,68,-39,3769920
SA205,20220218,20220218,133000500,13:30:00,2827,718473,420874,39832143120,0,0,0
SA205,20220218,20220218,133001000,13:30:01,2828,718898,421027,39855705120,425,153,23562000
SA205,20220218,20220218,133001500,13:30:02,2830,718986,421065,39860583840,88,38,4878720
SA205,20220218,20220218,133002000,13:30:08,2829,719127,421069,39868400880,141,4,7817040
SA205,20220218,20220218,133002500,13:30:10,2829,719266,421124,39876107040,139,55,7706160
SA205,20220218,20220218,133008000,13:30:10,2827,720850,421716,39963924000,1584,592,87816960
SA205,20220218,20220218,133009500,13:30:10,2829,721440,422107,40011062400,590,391,47138400
SA205,20220218,20220218,133010000,13:30:11,2829,721512,422105,40015055520,72,-2,3993120
SA205,20220218,20220218,133010500,13:30:12,2829,721560,422129,40017717600,48,24,2662080
SA205,20220218,20220218,133011000,13:30:12,2830,721676,422214,40024150960,116,85,6433360
SA205,20220218,20220218,133011500,13:30:13,2828,721713,422228,40026202980,37,14,2052020
SA205,20220218,20220218,133012500,13:30:13,2830,721822,422279,40032248120,109,51,6045140
SA205,20220218,20220218,133013000,13:30:13,2831,722013,422373,40042840980,191,94,10592860
SA205,20220218,20220218,133013500,13:30:14,2831,722195,422285,40052934700,182,-88,10093720
SA205,20220218,20220218,133014000,13:30:15,2832,722292,422322,40058314320,97,37,5379620
SA205,20220218,20220218,133014500,13:30:16,2832,722419,422297,40065357740,127,-25,7043420
SA205,20220218,20220218,133015000,13:30:17,2833,722515,422287,40070681900,96,-10,5324160
SA205,20220218,20220218,133016500,13:30:18,2832,722881,422305,40090980260,366,18,20298360
SA205,20220218,20220218,133017000,13:30:18,2833,722994,422276,40097247240,113,-29,6266980
SA205,20220218,20220218,133017500,13:30:18,2833,723035,422268,40099521100,41,-8,2273860
SA205,20220218,20220218,133018000,13:30:19,2834,723104,422265,40103347840,69,-3,3826740
SA205,20220218,20220218,133018500,13:30:20,2834,723185,422239,40107840100,81,-26,4492260
SA205,20220218,20220218,133019000,13:30:20,2833,723236,422222,40110668560,51,-17,2828460
SA205,20220218,20220218,133019500,13:30:20,2834,723318,422222,40115216280,82,0,4547720
SA205,20220218,20220218,133020000,13:30:21,2833,723353,422231,40117157380,35,9,1941100
SA205,20220218,20220218,133020500,13:30:21,2834,723410,422246,40120318600,57,15,3161220
SA205,20220218,20220218,133021000,13:30:21,2833,723546,422270,40127861160,136,24,7542560
SA205,20220218,20220218,133021500,13:30:22,2833,723641,422244,40133129860,95,-26,5268700
SA205,20220218,20220218,133022000,13:30:38,2835,723841,422369,40144221860,200,125,11092000
SA205,20220218,20220218,133022500,13:30:38,2835,724312,422549,40170343520,471,180,26121660
SA205,20220218,20220218,133023000,13:30:39,2834,724392,422548,40174780320,80,-1,4436800
SA205,20220218,20220218,133038000,13:30:40,2831,726304,422401,40280819840,1912,-147,106039520
SA205,20220218,20220218,133038500,13:30:42,2832,726319,422405,40281651740,15,4,831900
SA205,20220218,20220218,133040500,13:30:42,2831,726406,422397,40286476760,87,-8,4825020
SA205,20220218,20220218,133041000,13:30:43,2831,726423,422396,40287419580,17,-1,942820
SA205,20220218,20220218,133042500,13:30:44,2832,726486,422361,40290913560,63,-35,3493980
SA205,20220218,20220218,133043000,13:30:44,2831,726505,422348,40291967300,19,-13,1053740
SA205,20220218,20220218,133043500,13:30:44,2832,726541,422333,40293963860,36,-15,1996560
SA205,20220218,20220218,133044000,13:30:46,2831,726579,422339,40296071340,38,6,2107480
SA205,20220218,20220218,133044500,13:30:46,2832,726614,422334,40298012440,35,-5,1941100
SA205,20220218,20220218,133045000,13:30:46,2831,726664,422296,40300785440,50,-38,2773000
SA205,20220218,20220218,133045500,13:30:47,2831,726708,422267,40303225680,44,-29,2440240
SA205,20220218,20220218,133046000,13:30:47,2831,726729,422257,40304390340,21,-10,1164660
SA205,20220218,20220218,133046500,13:30:47,2831,726796,422208,40308106160,67,-49,3715820
SA205,20220218,20220218,133047000,13:30:48,2831,726820,422224,40309437200,24,16,1331040
SA205,20220218,20220218,133047500,13:30:48,2831,726875,422266,40312487500,55,42,3050300
SA205,20220218,20220218,133048000,13:30:48,2831,726904,422271,40314095840,29,5,1608340
SA205,20220218,20220218,133048500,13:30:49,2831,726929,422268,40315482340,25,-3,1386500
SA205,20220218,20220218,133049000,13:30:50,2831,726960,422253,40317201600,31,-15,1719260
SA205,20220218,20220218,133049500,13:30:50,2831,726986,422241,40318643560,26,-12,1441960
SA205,20220218,20220218,133050000,13:30:51,2831,727000,422246,40319420000,14,5,776440
SA205,20220218,20220218,133050500,13:30:51,2831,727021,422239,40320584660,21,-7,1164660
SA205,20220218,20220218,133051000,13:30:52,2830,727031,422236,40321139260,10,-3,554600
SA205,20220218,20220218,133051500,13:30:52,2831,727053,422233,40322359380,22,-3,1220120
SA205,20220218,20220218,133052000,13:30:53,2830,727061,422227,40322803060,8,-6,443680
SA205,20220218,20220218,133052500,13:30:53,2831,727127,422237,40326463420,66,10,3660360
SA205,20220218,20220218,133053000,13:30:54,2830,727153,422237,40327905380,26,0,1441960
SA205,20220218,20220218,133053500,13:30:54,2831,727201,422237,40330567460,48,0,2662080
SA205,20220218,20220218,133054000,13:30:54,2830,727278,422265,40334837880,77,28,4270420
SA205,20220218,20220218,133054500,13:30:55,2831,727324,422266,40337389040,46,1,2551160
SA205,20220218,20220218,133055000,13:30:56,2831,727335,422272,40337999100,11,6,610060
SA205,20220218,20220218,133055500,13:30:56,2831,727361,422255,40339441060,26,-17,1441960
SA205,20220218,20220218,133056000,13:30:57,2832,727379,422261,40340439340,18,6,998280
SA205,20220218,20220218,133056500,13:30:57,2831,727403,422261,40341770380,24,0,1331040
SA205,20220218,20220218,133057000,13:30:58,2831,727509,422312,40347649140,106,51,5878760
SA205,20220218,20220218,133057500,13:30:58,2831,727544,422315,40349590240,35,3,1941100
SA205,20220218,20220218,133058000,13:30:58,2832,727551,422322,40349978460,7,7,388220
SA205,20220218,20220218,133058500,13:30:59,2831,727575,422332,40351309500,24,10,1331040
SA205,20220218,20220218,133059000,13:30:59,2832,727607,422356,40353084220,32,24,1774720
SA205,20220218,20220218,133059500,13:30:59,2832,727746,422407,40360793160,139,51,7708940
SA205,20220218,20220218,133100000,13:31:00,2832,727865,422456,40367392900,119,49,6599740
SA205,20220218,20220218,133100500,13:31:01,2833,727935,422464,40371275100,70,8,3882200
SA205,20220218,20220218,133101000,13:31:01,2833,727976,422462,40373548960,41,-2,2273860
SA205,20220218,20220218,133101500,13:31:01,2834,728105,422485,40380703300,129,23,7154340
SA205,20220218,20220218,133102000,13:31:02,2833,728113,422479,40381146980,8,-6,443680
SA205,20220218,20220218,133102500,13:31:02,2833,728161,422506,40383809060,48,27,2662080
SA205,20220218,20220218,133103000,13:31:03,2834,728207,422530,40386360220,46,24,2551160
SA205,20220218,20220218,133103500,13:31:04,2834,728248,422556,40388634080,41,26,2273860
SA205,20220218,20220218,133104000,13:31:06,2833,728371,422577,40395455660,123,21,6821580
SA205,20220218,20220218,133104500,13:31:06,2832,728411,422575,40397674060,40,-2,2218400
SA205,20220218,20220218,133105500,13:31:07,2832,728601,422629,40408211460,190,54,10537400
SA205,20220218,20220218,133106000,13:31:08,2832,728645,422647,40410651700,44,18,2440240
SA205,20220218,20220218,133107500,13:31:08,2831,728824,422581,40420579040,179,-66,9927340
SA205,20220218,20220218,133108500,13:31:09,2831,728861,422581,40422631060,37,0,2052020
SA205,20220218,20220218,133109000,13:31:09,2831,729038,422640,40432447480,177,59,9816420
SA205,20220218,20220218,133109500,13:31:10,2831,729074,422655,40434444040,36,15,1996560
SA205,20220218,20220218,133110000,13:31:11,2832,729089,422663,40435275940,15,8,831900
SA205,20220218,20220218,133110500,13:31:11,2831,729114,422683,40436662440,25,20,1386500
SA205,20220218,20220218,133111000,13:31:11,2831,729187,422706,40440711020,73,23,4048580
SA205,20220218,20220218,133111500,13:31:12,2830,729192,422706,40440988320,5,0,277300
SA205,20220218,20220218,133112000,13:31:13,2831,729330,422728,40448641800,138,22,7653480
SA205,20220218,20220218,133112500,13:31:13,2830,729350,422730,40449751000,20,2,1109200
SA205,20220218,20220218,133113000,13:31:13,2830,729367,422739,40450693820,17,9,942820
SA205,20220218,20220218,133113500,13:31:14,2831,729388,422742,40451858480,21,3,1164660
SA205,20220218,20220218,133114000,13:31:15,2831,729424,422752,40453855040,36,10,1996560
SA205,20220218,20220218,133114500,13:31:15,2830,729454,422742,40455518840,30,-10,1663800
SA205,20220218,20220218,133115000,13:31:15,2831,729552,422732,40460953920,98,-10,5435080
SA205,20220218,20220218,133115500,13:31:15,2830,729570,422737,40461952200,18,5,998280
SA205,20220218,20220218,133116000,13:31:16,2830,729655,422786,40466666300,85,49,4714100
SA205,20220218,20220218,133116500,13:31:17,2830,729666,422784,40467276360,11,-2,610060
SA205,20220218,20220218,133117000,13:31:17,2830,729729,422783,40470770340,63,-1,3493980
SA205,20220218,20220218,133117500,13:31:18,2830,729830,422803,40476371800,101,20,5601460
SA205,20220218,20220218,133118000,13:31:19,2830,729852,422797,40477591920,22,-6,1220120
SA205,20220218,20220218,133118500,13:31:19,2830,729884,422785,40479366640,32,-12,1774720
SA205,20220218,20220218,133119000,13:31:19,2830,730001,422758,40485855460,117,-27,6488820
SA205,20220218,20220218,133119500,13:31:20,2830,730020,422760,40486909200,19,2,1053740
SA205,20220218,20220218,133120000,13:31:20,2831,730068,422753,40489571280,48,-7,2662080
SA205,20220218,20220218,133120500,13:31:21,2831,730095,422754,40491068700,27,1,1497420
SA205,20220218,20220218,133121000,13:31:21,2831,730134,422777,40493231640,39,23,2162940
SA205,20220218,20220218,133121500,13:31:22,2831,730196,422796,40496670160,62,19,3438520
SA205,20220218,20220218,133122000,13:31:22,2830,730240,422819,40499110400,44,23,2440240
SA205,20220218,20220218,133122500,13:31:25,2831,730247,422813,40499498620,7,-6,388220
SA205,20220218,20220218,133123000,13:31:25,2830,730261,422820,40500275060,14,7,776440
SA205,20220218,20220218,133123500,13:31:25,2831,730267,422822,40500607820,6,2,332760
SA205,20220218,20220218,133124000,13:31:25,2831,730280,422828,40501328800,13,6,720980
SA205,20220218,20220218,133124500,13:31:25,2831,730307,422846,40502826220,27,18,1497420
SA205,20220218,20220218,133156000,13:31:56,2831,730394,422875,40507651240,87,29,4825020
SA205,20220218,20220218,133158500,13:31:58,2830,730481,422901,40512476260,87,26,4825020
SA205,20220218,20220218,133159500,13:32:00,2831,730513,422884,40514250980,32,-17,1774720
SA205,20220218,20220218,133200000,13:32:01,2827,733392,423096,40673920320,2879,212,159669340
SA205,20220218,20220218,133200500,13:32:01,2827,733413,423094,40689753240,21,-2,15832920
SA205,20220218,20220218,133201000,13:32:01,2827,733570,423145,40698463600,157,51,8710360
SA205,20220218,20220218,133201500,13:32:01,2826,733575,423147,40698741000,5,2,277400
SA205,20220218,20220218,133202000,13:32:03,2827,733625,423154,40701515000,50,7,2774000
SA205,20220218,20220218,133202500,13:32:04,2827,733699,423129,40705620520,74,-25,4105520
SA205,20220218,20220218,133203000,13:32:05,2827,733730,423138,40707340400,31,9,1719880
SA205,20220218,20220218,133203500,13:32:05,2827,733773,423135,40709726040,43,-3,2385640
SA205,20220218,20220218,133204000,13:32:05,2827,733830,423112,40712888400,57,-23,3162360
SA205,20220218,20220218,133205000,13:32:05,2827,733876,423103,40715440480,46,-9,2552080
SA205,20220218,20220218,133205500,13:32:06,2827,733903,423106,40716938440,27,3,1497960
SA205,20220218,20220218,133206000,13:32:07,2827,733907,423109,40717160360,4,3,221920
SA205,20220218,20220218,133206500,13:32:07,2826,733917,423112,40717715160,10,3,554800
SA205,20220218,20220218,133207000,13:32:07,2827,733932,423111,40718547360,15,-1,832200
SA205,20220218,20220218,133207500,13:32:07,2826,733949,423113,40719490520,17,2,943160
SA205,20220218,20220218,133208000,13:32:09,2826,733969,423106,40720600120,20,-7,1109600
SA205,20220218,20220218,133208500,13:32:10,2826,733978,423105,40721099440,9,-1,499320
SA205,20220218,20220218,133209000,13:32:10,2826,733988,423104,40721654240,10,-1,554800
SA205,20220218,20220218,133209500,13:32:10,2827,734002,423096,40722430960,14,-8,776720
SA205,20220218,20220218,133210000,13:32:11,2826,734137,423003,40729920760,135,-93,7489800
SA205,20220218,20220218,133210500,13:32:13,2826,734329,422977,40740572920,192,-26,10652160
SA205,20220218,20220218,133211000,13:32:14,2826,734336,422977,40740961280,7,0,388360
SA205,20220218,20220218,133213000,13:32:15,2825,734720,422881,40762265600,384,-96,21304320
SA205,20220218,20220218,133214000,13:32:15,2825,734874,422844,40770809520,154,-37,8543920
SA205,20220218,20220218,133214500,13:32:16,2825,734929,422856,40773860920,55,12,3051400
SA205,20220218,20220218,133215000,13:32:16,2825,734953,422857,40775192440,24,1,1331520
SA205,20220218,20220218,133215500,13:32:16,2825,734994,422866,40777467120,41,9,2274680
SA205,20220218,20220218,133216000,13:32:17,2825,735092,422875,40782904160,98,9,5437040
SA205,20220218,20220218,133216500,13:32:17,2825,735136,422872,40785345280,44,-3,2441120
SA205,20220218,20220218,133217000,13:32:17,2825,735330,422722,40796108400,194,-150,10763120
SA205,20220218,20220218,133217500,13:32:18,2825,735351,422729,40797273480,21,7,1165080
SA205,20220218,20220218,133218000,13:32:18,2824,735367,422718,40798161160,16,-11,887680
SA205,20220218,20220218,133218500,13:32:19,2824,735458,422721,40803209840,91,3,5048680
SA205,20220218,20220218,133219000,13:32:20,2825,735501,422702,40805595480,43,-19,2385640
SA205,20220218,20220218,133219500,13:32:20,2824,735617,422641,40812031160,116,-61,6435680
SA205,20220218,20220218,133220000,13:32:20,2824,735783,422651,40821240840,166,10,9209680
SA205,20220218,20220218,133220500,13:32:21,2824,735803,422644,40822350440,20,-7,1109600
SA205,20220218,20220218,133221000,13:32:21,2825,735834,422651,40824070320,31,7,1719880
SA205,20220218,20220218,133221500,13:32:22,2826,735865,422646,40825790200,31,-5,1719880
SA205,20220218,20220218,133222000,13:32:22,2825,735912,422621,40828397760,47,-25,2607560
SA205,20220218,20220218,133222500,13:32:23,2825,735992,422584,40832836160,80,-37,4438400
SA205,20220218,20220218,133223000,13:32:24,2825,735997,422580,40833113560,5,-4,277400
SA205,20220218,20220218,133223500,13:32:24,2825,736013,422573,40834001240,16,-7,887680
SA205,20220218,20220218,133224000,13:32:24,2825,736020,422573,40834389600,7,0,388360
SA205,20220218,20220218,133224500,13:32:25,2825,736037,422573,40835332760,17,0,943160
SA205,20220218,20220218,133225000,13:32:25,2825,736049,422574,40835998520,12,1,665760
SA205,20220218,20220218,133225500,13:32:26,2825,736059,422577,40836553320,10,3,554800
SA205,20220218,20220218,133226000,13:32:27,2825,736070,422573,40837163600,11,-4,610280
SA205,20220218,20220218,133226500,13:32:27,2825,736077,422572,40837551960,7,-1,388360
SA205,20220218,20220218,133227000,13:32:27,2825,736101,422561,40838883480,24,-11,1331520
SA205,20220218,20220218,133227500,13:32:28,2825,736108,422563,40839271840,7,2,388360
SA205,20220218,20220218,133228000,13:32:32,2825,736128,422561,40840381440,20,-2,1109600
SA205,20220218,20220218,133228500,13:32:32,2825,736145,422566,40841324600,17,5,943160
SA205,20220218,20220218,133229000,13:32:33,2826,736189,422542,40843765720,44,-24,2441120
SA205,20220218,20220218,133232000,13:32:34,2825,736368,422557,40853696640,179,15,9930920
SA205,20220218,20220218,133232500,13:32:35,2825,736378,422560,40854251440,10,3,554800
SA205,20220218,20220218,133234500,13:32:35,2825,736473,422564,40859522040,95,4,5270600
SA205,20220218,20220218,133235000,13:32:36,2825,736492,422553,40860576160,19,-11,1054120
SA205,20220218,20220218,133235500,13:32:36,2825,736599,422592,40866512520,107,39,5936360
SA205,20220218,20220218,133236000,13:32:37,2825,736622,422605,40867788560,23,13,1276040
SA205,20220218,20220218,133236500,13:32:37,2825,736627,422607,40868065960,5,2,277400
SA205,20220218,20220218,133237000,13:32:37,2825,736735,422653,40874057800,108,46,5991840
SA205,20220218,20220218,133237500,13:32:37,2825,736751,422650,40874945480,16,-3,887680
SA205,20220218,20220218,133238000,13:32:38,2825,736761,422658,40875500280,10,8,554800
SA205,20220218,20220218,133238500,13:32:39,2825,736776,422656,40876332480,15,-2,832200
SA205,20220218,20220218,133239000,13:32:39,2824,736824,422654,40878995520,48,-2,2663040
SA205,20220218,20220218,133239500,13:32:40,2824,736892,422660,40882768160,68,6,3772640
SA205,20220218,20220218,133240000,13:32:40,2824,736929,422689,40884820920,37,29,2052760
SA205,20220218,20220218,133240500,13:32:40,2824,736939,422696,40885375720,10,7,554800
SA205,20220218,20220218,133241000,13:32:41,2824,736976,422676,40887428480,37,-20,2052760
SA205,20220218,20220218,133241500,13:32:42,2824,736989,422678,40888149720,13,2,721240
SA205,20220218,20220218,133242000,13:32:42,2824,737000,422676,40888760000,11,-2,610280
SA205,20220218,20220218,133242500,13:32:42,2824,737042,422659,40891090160,42,-17,2330160
SA205,20220218,20220218,133243000,13:32:43,2824,737086,422648,40893531280,44,-11,2441120
SA205,20220218,20220218,133243500,13:32:43,2824,737102,422647,40894418960,16,-1,887680
SA205,20220218,20220218,133244000,13:32:44,2824,737138,422652,40896416240,36,5,1997280
SA205,20220218,20220218,133244500,13:32:45,2824,737154,422653,40897303920,16,1,887680
SA205,20220218,20220218,133245000,13:32:45,2824,737178,422648,40898635440,24,-5,1331520
SA205,20220218,20220218,133245500,13:32:45,2825,737191,422645,40899356680,13,-3,721240
SA205,20220218,20220218,133246000,13:32:47,2824,737278,422576,40904183440,87,-69,4826760
SA205,20220218,20220218,133246500,13:32:47,2824,737327,422554,40906901960,49,-22,2718520
SA205,20220218,20220218,133247000,13:32:47,2824,737367,422538,40909121160,40,-16,2219200
SA205,20220218,20220218,133247500,13:32:48,2823,737375,422540,40909565000,8,2,443840
SA205,20220218,20220218,133248000,13:32:48,2823,737411,422509,40911562280,36,-31,1997280
SA205,20220218,20220218,133248500,13:32:49,2823,737423,422503,40912228040,12,-6,665760
SA205,20220218,20220218,133249000,13:32:49,2824,737455,422503,40914003400,32,0,1775360
SA205,20220218,20220218,133249500,13:32:50,2824,737479,422519,40915334920,24,16,1331520
SA205,20220218,20220218,133250000,13:32:52,2823,737509,422523,40916999320,30,4,1664400
SA205,20220218,20220218,133250500,13:32:52,2823,737517,422523,40917443160,8,0,443840
SA205,20220218,20220218,133251000,13:32:52,2823,737528,422522,40918053440,11,-1,610280
SA205,20220218,20220218,133251500,13:32:53,2823,737557,422513,40919662360,29,-9,1608920
SA205,20220218,20220218,133252500,13:32:53,2823,737584,422494,40921160320,27,-19,1497960
SA205,20220218,20220218,133253000,13:32:53,2824,737607,422479,40922436360,23,-15,1276040
SA205,20220218,20220218,133253500,13:32:54,2824,737649,422475,40924766520,42,-4,2330160
SA205,20220218,20220218,133254000,13:32:54,2825,737779,422464,40931978920,130,-11,7212400
SA205,20220218,20220218,133254500,13:32:55,2825,737796,422465,40932922080,17,1,943160
SA205,20220218,20220218,133255000,13:32:55,2824,737805,422472,40933421400,9,7,499320
SA205,20220218,20220218,133255500,13:32:55,2825,737857,422498,40936306360,52,26,2884960
SA205,20220218,20220218,133256000,13:32:56,2824,737889,422506,40938081720,32,8,1775360
SA205,20220218,20220218,133256500,13:32:57,2825,738135,422497,40951729800,246,-9,13648080
SA205,20220218,20220218,133257000,13:32:59,2825,738149,422503,40952506520,14,6,776720
SA205,20220218,20220218,133257500,13:33:00,2825,738159,422502,40953061320,10,-1,554800
SA205,20220218,20220218,133258000,13:33:00,2825,738215,422513,40956168200,56,11,3106880
SA205,20220218,20220218,133259500,13:33:00,2825,738309,422529,40961383320,94,16,5215120
SA205,20220218,20220218,133300000,13:33:01,2825,738338,422533,40962992240,29,4,1608920
SA205,20220218,20220218,133300500,13:33:01,2825,738354,422534,40963879920,16,1,887680
SA205,20220218,20220218,133301000,13:33:02,2825,738384,422531,40965544320,30,-3,1664400
SA205,20220218,20220218,133301500,13:33:02,2826,738396,422538,40966210080,12,7,665760
SA205,20220218,20220218,133302000,13:33:03,2826,738419,422537,40967486120,23,-1,1276040
SA205,20220218,20220218,133302500,13:33:03,2825,738437,422543,40968484760,18,6,998640
SA205,20220218,20220218,133303000,13:33:03,2825,738458,422546,40969649840,21,3,1165080
SA205,20220218,20220218,133303500,13:33:04,2826,738637,422466,40979580760,179,-80,9930920
SA205,20220218,20220218,133304000,13:33:04,2826,738649,422466,40980246520,12,0,665760
SA205,20220218,20220218,133304500,13:33:05,2827,738691,422497,40982576680,42,31,2330160
SA205,20220218,20220218,133305000,13:33:05,2827,738738,422510,40985184240,47,13,2607560
SA205,20220218,20220218,133305500,13:33:05,2827,738742,422514,40985406160,4,4,221920
SA205,20220218,20220218,133306000,13:33:06,2826,738756,422514,40986182880,14,0,776720
SA205,20220218,20220218,133306500,13:33:06,2827,738760,422515,40986404800,4,1,221920
SA205,20220218,20220218,133307000,13:33:07,2827,738861,422570,40992008280,101,55,5603480
SA205,20220218,20220218,133307500,13:33:08,2827,738894,422585,40993839120,33,15,1830840
SA205,20220218,20220218,133308000,13:33:08,2828,738935,422607,40996113800,41,22,2274680
SA205,20220218,20220218,133308500,13:33:09,2828,738954,422606,40997167920,19,-1,1054120
SA205,20220218,20220218,133309000,13:33:09,2827,738964,422606,40997722720,10,0,554800
SA205,20220218,20220218,133309500,13:33:11,2827,738978,422612,40998499440,14,6,776720
SA205,20220218,20220218,133310000,13:33:11,2827,738988,422613,40999054240,10,1,554800
SA205,20220218,20220218,133310500,13:33:12,2828,738992,422615,40999276160,4,2,221920
SA205,20220218,20220218,133311000,13:33:13,2827,739003,422615,40999886440,11,0,610280
SA205,20220218,20220218,133311500,13:33:14,2827,739019,422608,41000774120,16,-7,887680
SA205,20220218,20220218,133312000,13:33:14,2828,739156,422552,41008374880,137,-56,7600760
SA205,20220218,20220218,133312500,13:33:14,2828,739179,422543,41009650920,23,-9,1276040
SA205,20220218,20220218,133313500,13:33:14,2828,739259,422527,41014089320,80,-16,4438400
SA205,20220218,20220218,133314000,13:33:17,2828,739290,422500,41015809200,31,-27,1719880
SA205,20220218,20220218,133314500,13:33:17,2829,739316,422513,41017251680,26,13,1442480
SA205,20220218,20220218,133315000,13:33:18,2829,739326,422514,41017806480,10,1,554800
SA205,20220218,20220218,133315500,13:33:18,2829,739362,422521,41019803760,36,7,1997280
SA205,20220218,20220218,133317000,13:33:18,2830,739775,422700,41042717000,413,179,22913240
SA205,20220218,20220218,133318000,13:33:19,2830,739865,422719,41047710200,90,19,4993200
SA205,20220218,20220218,133318500,13:33:19,2831,739889,422722,41049041720,24,3,1331520
SA205,20220218,20220218,133319000,13:33:20,2830,739914,422733,41050428720,25,11,1387000
SA205,20220218,20220218,133319500,13:33:20,2830,739938,422745,41051760240,24,12,1331520
SA205,20220218,20220218,133320000,13:33:21,2831,739991,422737,41054700680,53,-8,2940440
SA205,20220218,20220218,133320500,13:33:21,2831,740023,422736,41056476040,32,-1,1775360
SA205,20220218,20220218,133321000,13:33:22,2830,740048,422753,41057863040,25,17,1387000
SA205,20220218,20220218,133321500,13:33:22,2831,740072,422753,41059194560,24,0,1331520
SA205,20220218,20220218,133322000,13:33:22,2831,740105,422772,41061025400,33,19,1830840
SA205,20220218,20220218,133322500,13:33:22,2831,740108,422775,41061191840,3,3,166440
SA205,20220218,20220218,133323000,13:33:23,2830,740123,422787,41062024040,15,12,832200
SA205,20220218,20220218,133323500,13:33:24,2830,740239,422740,41068459720,116,-47,6435680
SA205,20220218,20220218,133324000,13:33:24,2829,740339,422756,41074007720,100,16,5548000
SA205,20220218,20220218,133324500,13:33:25,2829,740351,422751,41074673480,12,-5,665760
SA205,20220218,20220218,133325000,13:33:26,2829,740364,422749,41075394720,13,-2,721240
SA205,20220218,20220218,133325500,13:33:27,2829,740403,422740,41077558440,39,-9,2163720
SA205,20220218,20220218,133326000,13:33:28,2829,740423,422758,41078668040,20,18,1109600
SA205,20220218,20220218,133326500,13:33:29,2828,740446,422774,41079944080,23,16,1276040
SA205,20220218,20220218,133327000,13:33:29,2828,740460,422783,41080720800,14,9,776720
SA205,20220218,20220218,133327500,13:33:29,2829,740465,422785,41080998200,5,2,277400
SA205,20220218,20220218,133328500,13:33:30,2828,740478,422795,41081719440,13,10,721240
SA205,20220218,20220218,133329500,13:33:30,2829,740486,422798,41082163280,8,3,443840
SA205,20220218,20220218,133330000,13:33:30,2829,740493,422803,41082551640,7,5,388360
SA205,20220218,20220218,133330500,13:33:31,2829,740547,422807,41085547560,54,4,2995920
SA205,20220218,20220218,133331000,13:33:32,2828,740566,422802,41086601680,19,-5,1054120
SA205,20220218,20220218,133331500,13:33:32,2828,740624,422822,41089819520,58,20,3217840
SA205,20220218,20220218,133332000,13:33:32,2828,740699,422842,41093980520,75,20,4161000
SA205,20220218,20220218,133332500,13:33:33,2828,740795,422896,41099306600,96,54,5326080
SA205,20220218,20220218,133333000,13:33:33,2828,740803,422891,41099750440,8,-5,443840
SA205,20220218,20220218,133333500,13:33:33,2828,740808,422890,41100027840,5,-1,277400
SA205,20220218,20220218,133334000,13:33:34,2828,740809,422889,41100083320,1,-1,55480
SA205,20220218,20220218,133334500,13:33:35,2828,740816,422890,41100471680,7,1,388360
SA205,20220218,20220218,133335000,13:33:35,2828,740921,422859,41106297080,105,-31,5825400
SA205,20220218,20220218,133335500,13:33:35,2828,740926,422859,41106574480,5,0,277400
SA205,20220218,20220218,133336000,13:33:36,2827,740934,422855,41107018320,8,-4,443840
SA205,20220218,20220218,133336500,13:33:36,2827,741015,422838,41111512200,81,-17,4493880
SA205,20220218,20220218,133337000,13:33:37,2828,741032,422837,41112455360,17,-1,943160
SA205,20220218,20220218,133337500,13:33:37,2828,741043,422838,41113065640,11,1,610280
SA205,20220218,20220218,133338000,13:33:38,2827,741064,422843,41114230720,21,5,1165080
SA205,20220218,20220218,133338500,13:33:39,2827,741145,422812,41118724600,81,-31,4493880
SA205,20220218,20220218,133339000,13:33:39,2827,741188,422839,41121110240,43,27,2385640
SA205,20220218,20220218,133339500,13:33:40,2827,741197,422836,41121609560,9,-3,499320
SA205,20220218,20220218,133340000,13:33:40,2828,741202,422838,41121886960,5,2,277400
SA205,20220218,20220218,133340500,13:33:41,2828,741203,422837,41121942440,1,-1,55480
SA205,20220218,20220218,133341000,13:33:41,2828,741217,422830,41122719160,14,-7,776720
SA205,20220218,20220218,133341500,13:33:42,2828,741245,422828,41124272600,28,-2,1553440
SA205,20220218,20220218,133342000,13:33:42,2827,741333,422773,41129154840,88,-55,4882240
SA205,20220218,20220218,133342500,13:33:42,2827,741340,422773,41129543200,7,0,388360
SA205,20220218,20220218,133343000,13:33:43,2828,741367,422781,41131041160,27,8,1497960
SA205,20220218,20220218,133343500,13:33:44,2828,741424,422776,41134203520,57,-5,3162360
SA205,20220218,20220218,133344000,13:33:45,2828,741450,422799,41135646000,26,23,1442480
SA205,20220218,20220218,133344500,13:33:45,2828,741465,422806,41136478200,15,7,832200
SA205,20220218,20220218,133345000,13:33:45,2828,741471,422807,41136811080,6,1,332880
SA205,20220218,20220218,133345500,13:33:47,2828,741475,422809,41137033000,4,2,221920
SA205,20220218,20220218,133346000,13:33:48,2827,741490,422810,41137865200,15,1,832200
SA205,20220218,20220218,133346500,13:33:48,2828,741499,422807,41138364520,9,-3,499320
SA205,20220218,20220218,133347000,13:33:48,2828,741528,422816,41139973440,29,9,1608920
SA205,20220218,20220218,133347500,13:33:49,2828,741532,422818,41140195360,4,2,221920
SA205,20220218,20220218,133348000,13:33:49,2827,741535,422821,41140361800,3,3,166440
SA205,20220218,20220218,133348500,13:33:49,2828,741546,422824,41140972080,11,3,610280
SA205,20220218,20220218,133349000,13:33:50,2827,741558,422833,41141637840,12,9,665760
SA205,20220218,20220218,133349500,13:33:50,2828,741563,422833,41141915240,5,0,277400
SA205,20220218,20220218,133350000,13:33:50,2828,741578,422848,41142747440,15,15,832200
SA205,20220218,20220218,133350500,13:33:50,2828,741605,422871,41144245400,27,23,1497960
SA205,20220218,20220218,133351000,13:33:51,2828,741611,422874,41144578280,6,3,332880
SA205,20220218,20220218,133351500,13:33:52,2827,741613,422876,41144689240,2,2,110960
SA205,20220218,20220218,133352000,13:33:52,2828,741654,422908,41146963920,41,32,2274680
SA205,20220218,20220218,133352500,13:33:52,2828,741664,422912,41147518720,10,4,554800
SA205,20220218,20220218,133353000,13:33:53,2827,741700,422923,41149516000,36,11,1997280
SA205,20220218,20220218,133353500,13:33:53,2827,741756,422917,41152622880,56,-6,3106880
SA205,20220218,20220218,133354000,13:33:54,2827,741761,422917,41152900280,5,0,277400
SA205,20220218,20220218,133354500,13:33:55,2826,741843,422908,41157449640,82,-9,4549360
SA205,20220218,20220218,133355000,13:33:56,2826,741844,422908,41157505120,1,0,55480
