SA207,20220218,20220218,112003000,11:20:03,0,0,0,0,0,0,0
SA207,20220218,20220218,112002700,11:20:08,2858,1982,12538,112101920,1982,12538,112101920
SA207,20220218,20220218,112004500,11:20:09,2858,1982,12538,112101920,0,0,0
SA207,20220218,20220218,112005000,11:20:10,2858,1982,12538,112101920,0,0,0
SA207,20220218,20220218,112005500,11:20:10,2858,1982,12538,112101920,0,0,0
SA207,20220218,20220218,112008500,11:20:10,2858,1982,12538,112101920,0,0,0
SA207,20220218,20220218,112010000,11:20:10,2858,1982,12538,112101920,0,0,0
SA207,20220218,20220218,112010500,11:20:10,2858,1982,12538,112101920,0,0,0
SA207,20220218,20220218,112012500,11:20:12,2858,1982,12538,112101920,0,0,0
SA207,20220218,20220218,112013000,11:20:13,2858,1982,12538,112101920,0,0,0
SA207,20220218,20220218,112013500,11:20:13,2858,1982,12538,112101920,0,0,0
SA207,20220218,20220218,112017000,11:20:17,2858,1982,12538,112101920,0,0,0
SA207,20220218,20220218,112017500,11:20:17,2858,1982,12538,112101920,0,0,0
SA207,20220218,20220218,112018000,11:20:18,2858,1982,12538,112101920,0,0,0
SA207,20220218,20220218,112018500,11:20:18,2858,1982,12538,112101920,0,0,0
SA207,20220218,20220218,112024000,11:20:24,2858,1982,12538,112101920,0,0,0
SA207,20220218,20220218,112026000,11:20:26,2858,1982,12538,112101920,0,0,0
SA207,20220218,20220218,112026500,11:20:26,2858,1982,12538,112101920,0,0,0
SA207,20220218,20220218,112027000,11:20:27,2858,1982,12538,112101920,0,0,0
SA207,20220218,20220218,112029000,11:20:29,2858,1982,12538,112101920,0,0,0
SA207,20220218,20220218,112029500,11:20:31,2858,1982,12538,112101920,0,0,0
SA207,20220218,20220218,112030000,11:20:31,2858,1982,12538,112101920,0,0,0
SA207,20220218,20220218,112030500,11:20:31,2858,1982,12538,112101920,0,0,0
SA207,20220218,20220218,112031000,11:20:32,2858,1982,12538,112101920,0,0,0
SA207,20220218,20220218,112033000,11:20:33,2858,1982,12538,112101920,0,0,0
SA207,20220218,20220218,112045500,11:20:46,2858,1982,12538,112101920,0,0,0
SA207,20220218,20220218,112046000,11:20:46,2858,1982,12538,112101920,0,0,0
SA207,20220218,20220218,112047500,11:20:48,2858,1982,12538,112101920,0,0,0
SA207,20220218,20220218,112048000,11:20:48,2858,1982,12538,112101920,0,0,0
SA207,20220218,20220218,112048500,11:20:50,2858,1982,12538,112101920,0,0,0
SA207,20220218,20220218,112049000,11:20:50,2858,1982,12538,112101920,0,0,0
SA207,20220218,20220218,112052000,11:20:53,2858,1982,12538,112101920,0,0,0
SA207,20220218,20220218,112052500,11:20:53,2858,1982,12538,112101920,0,0,0
SA207,20220218,20220218,112053000,11:20:53,2858,1982,12538,112101920,0,0,0
SA207,20220218,20220218,112053500,11:20:53,2858,1982,12538,112101920,0,0,0
SA207,20220218,20220218,112054000,11:20:54,2858,1982,12538,112101920,0,0,0
SA207,20220218,20220218,112055000,11:20:55,2858,1982,12538,112101920,0,0,0
SA207,20220218,20220218,112059000,11:20:59,2858,1982,12538,112101920,0,0,0
SA207,20220218,20220218,112059500,11:21:00,2858,1982,12538,112101920,0,0,0
SA207,20220218,20220218,112100000,11:21:00,2858,1982,12538,112101920,0,0,0
SA207,20220218,20220218,112104000,11:21:04,2858,1982,12538,112101920,0,0,0
SA207,20220218,20220218,112104500,11:21:05,2858,1982,12538,112101920,0,0,0
SA207,20220218,20220218,112105000,11:21:06,2858,1982,12538,112101920,0,0,0
SA207,20220218,20220218,112106000,11:21:07,2858,1982,12538,112101920,0,0,0
SA207,20220218,20220218,112106500,11:21:08,2858,1982,12538,112101920,0,0,0
SA207,20220218,20220218,112107000,11:21:10,2858,1982,12538,112101920,0,0,0
SA207,20220218,20220218,112107500,11:21:10,2858,1982,12538,112101920,0,0,0
SA207,20220218,20220218,112108000,11:21:10,2858,1982,12538,112101920,0,0,0
SA207,20220218,20220218,112110000,11:21:10,2858,1982,12538,112101920,0,0,0
SA207,20220218,20220218,112110500,11:21:11,2858,1982,12538,112101920,0,0,0
SA207,20220218,20220218,112115000,11:21:15,2858,1982,12538,112101920,0,0,0
SA207,20220218,20220218,112115500,11:21:15,2858,1982,12538,112101920,0,0,0
SA207,20220218,20220218,112116000,11:21:16,2858,1982,12538,112101920,0,0,0
SA207,20220218,20220218,112116500,11:21:17,2858,1982,12538,112101920,0,0,0
SA207,20220218,20220218,112117000,11:21:17,2858,1982,12538,112101920,0,0,0
SA207,20220218,20220218,112119500,11:21:20,2858,1982,12538,112101920,0,0,0
SA207,20220218,20220218,112120000,11:21:20,2858,1982,12538,112101920,0,0,0
SA207,20220218,20220218,112120500,11:21:22,2858,1982,12538,112101920,0,0,0
SA207,20220218,20220218,112121000,11:21:22,2858,1982,12538,112101920,0,0,0
SA207,20220218,20220218,112121500,11:21:22,2858,1982,12538,112101920,0,0,0
SA207,20220218,20220218,112332000,11:23:33,2858,1982,12538,112101920,0,0,0
SA207,20220218,20220218,112333000,11:23:33,2858,1982,12538,112101920,0,0,0
SA207,20220218,20220218,112335500,11:23:35,2858,1982,12538,112101920,0,0,0
SA207,20220218,20220218,112336000,11:23:37,2858,1982,12538,112101920,0,0,0
SA207,20220218,20220218,112337000,11:23:38,2858,1982,12538,112101920,0,0,0
SA207,20220218,20220218,112337500,11:23:38,2858,1982,12538,112101920,0,0,0
SA207,20220218,20220218,112338000,11:23:38,2858,1982,12538,112101920,0,0,0
SA207,20220218,20220218,112339000,11:23:39,2858,1982,12538,112101920,0,0,0
SA207,20220218,20220218,112339500,11:23:39,2858,1982,12538,112101920,0,0,0
SA207,20220218,20220218,112340000,11:23:40,2858,1982,12538,112101920,0,0,0
SA207,20220218,20220218,112341000,11:23:41,2858,1982,12538,112101920,0,0,0
SA207,20220218,20220218,112341500,11:23:42,2858,1982,12538,112101920,0,0,0
SA207,20220218,20220218,112342000,11:23:42,2858,1982,12538,112101920,0,0,0
SA207,20220218,20220218,112343000,11:23:43,2858,1982,12538,112101920,0,0,0
SA207,20220218,20220218,112343500,11:23:43,2858,1982,12538,112101920,0,0,0
SA207,20220218,20220218,112344000,11:23:48,2858,1982,12538,112101920,0,0,0
SA207,20220218,20220218,112345000,11:23:48,2858,1982,12538,112101920,0,0,0
SA207,20220218,20220218,112345500,11:23:48,2858,1982,12538,112101920,0,0,0
SA207,20220218,20220218,112347500,11:23:48,2858,1982,12538,112101920,0,0,0
SA207,20220218,20220218,112348500,11:23:49,2858,1982,12538,112101920,0,0,0
SA207,20220218,20220218,112349000,11:23:49,2858,1982,12538,112101920,0,0,0
SA207,20220218,20220218,112349500,11:23:50,2858,1982,12538,112101920,0,0,0
SA207,20220218,20220218,112350000,11:23:50,2858,1982,12538,112101920,0,0,0
SA207,20220218,20220218,112350500,11:23:50,2858,1982,12538,112101920,0,0,0
SA207,20220218,20220218,112351500,11:23:51,2875,2085,12586,118011000,103,48,5909080
SA207,20220218,20220218,112352000,11:23:52,2876,2086,12586,118067600,1,0,56600
SA207,20220218,20220218,112352500,11:23:52,2875,2097,12575,118690200,11,-11,622600
SA207,20220218,20220218,112353000,11:23:53,2875,2097,12575,118690200,0,0,0
SA207,20220218,20220218,112353500,11:23:53,2875,2097,12575,118690200,0,0,0
SA207,20220218,20220218,112354500,11:23:55,2875,2097,12575,118690200,0,0,0
SA207,20220218,20220218,112355000,11:23:55,2875,2097,12575,118690200,0,0,0
SA207,20220218,20220218,112356000,11:23:56,2875,2097,12575,118690200,0,0,0
SA207,20220218,20220218,112356500,11:23:56,2875,2097,12575,118690200,0,0,0
SA207,20220218,20220218,112357000,11:23:57,2875,2108,12570,119354960,11,-5,664760
SA207,20220218,20220218,112358000,11:23:58,2875,2108,12570,119354960,0,0,0
SA207,20220218,20220218,112358500,11:23:58,2875,2108,12570,119354960,0,0,0
SA207,20220218,20220218,112359000,11:23:59,2875,2108,12570,119354960,0,0,0
SA207,20220218,20220218,112401000,11:24:01,2875,2108,12570,119354960,0,0,0
SA207,20220218,20220218,112402000,11:24:02,2875,2108,12570,119354960,0,0,0
SA207,20220218,20220218,112402500,11:24:02,2875,2108,12570,119354960,0,0,0
SA207,20220218,20220218,112403000,11:24:03,2875,2108,12570,119354960,0,0,0
SA207,20220218,20220218,112403500,11:24:04,2874,2110,12571,119468200,2,1,113240
SA207,20220218,20220218,112404000,11:24:04,2874,2110,12571,119468200,0,0,0
SA207,20220218,20220218,112404500,11:24:04,2874,2110,12571,119468200,0,0,0
SA207,20220218,20220218,112405000,11:24:05,2876,2131,12568,120657220,21,-3,1189020
SA207,20220218,20220218,112405500,11:24:05,2874,2133,12568,120770460,2,0,113240
SA207,20220218,20220218,112406000,11:24:06,2874,2133,12568,120770460,0,0,0
SA207,20220218,20220218,112406500,11:24:06,2874,2133,12568,120770460,0,0,0
SA207,20220218,20220218,112407000,11:24:07,2874,2133,12568,120770460,0,0,0
SA207,20220218,20220218,112407500,11:24:08,2874,2133,12568,120770460,0,0,0
SA207,20220218,20220218,112408000,11:24:08,2874,2133,12568,120770460,0,0,0
SA207,20220218,20220218,112409000,11:24:11,2874,2133,12568,120770460,0,0,0
SA207,20220218,20220218,112409500,11:24:12,2873,2135,12567,120883700,2,-1,113240
SA207,20220218,20220218,112410000,11:24:12,2872,2136,12566,120940320,1,-1,56620
SA207,20220218,20220218,112411500,11:24:12,2872,2136,12566,120940320,0,0,0
SA207,20220218,20220218,112413000,11:24:14,2872,2136,12566,120940320,0,0,0
SA207,20220218,20220218,112413500,11:24:14,2872,2136,12566,120940320,0,0,0
SA207,20220218,20220218,112415500,11:24:15,2872,2136,12566,120940320,0,0,0
SA207,20220218,20220218,112416500,11:24:17,2872,2136,12566,120940320,0,0,0
SA207,20220218,20220218,112417000,11:24:17,2872,2137,12566,120996940,1,0,56620
SA207,20220218,20220218,112417500,11:24:18,2872,2137,12566,120996940,0,0,0
SA207,20220218,20220218,112419000,11:24:19,2872,2137,12566,120996940,0,0,0
SA207,20220218,20220218,112419500,11:24:20,2872,2137,12566,120996940,0,0,0
SA207,20220218,20220218,112420000,11:24:20,2872,2138,12565,121053560,1,-1,56620
SA207,20220218,20220218,112420500,11:24:21,2872,2138,12565,121053560,0,0,0
SA207,20220218,20220218,112423500,11:24:24,2872,2138,12565,121053560,0,0,0
SA207,20220218,20220218,112424000,11:24:24,2872,2138,12565,121053560,0,0,0
SA207,20220218,20220218,112425000,11:24:25,2872,2138,12565,121053560,0,0,0
SA207,20220218,20220218,112425500,11:24:25,2871,2139,12564,121110180,1,-1,56620
SA207,20220218,20220218,112426000,11:24:26,2871,2140,12563,121166800,1,-1,56620
SA207,20220218,20220218,112427000,11:24:27,2871,2140,12563,121166800,0,0,0
SA207,20220218,20220218,112428000,11:24:28,2871,2140,12563,121166800,0,0,0
SA207,20220218,20220218,112428500,11:24:28,2871,2140,12563,121166800,0,0,0
SA207,20220218,20220218,112429000,11:24:29,2871,2140,12563,121166800,0,0,0
SA207,20220218,20220218,112429500,11:24:30,2871,2140,12563,121166800,0,0,0
SA207,20220218,20220218,112430000,11:24:30,2871,2140,12563,121166800,0,0,0
SA207,20220218,20220218,112430500,11:24:30,2874,2141,12563,121223420,1,0,56620
SA207,20220218,20220218,112431000,11:24:31,2873,2145,12563,121449900,4,0,226480
SA207,20220218,20220218,112431500,11:24:31,2873,2145,12563,121449900,0,0,0
SA207,20220218,20220218,112432000,11:24:32,2873,2145,12563,121449900,0,0,0
SA207,20220218,20220218,112432500,11:24:33,2873,2145,12563,121449900,0,0,0
SA207,20220218,20220218,112433500,11:24:33,2873,2145,12563,121449900,0,0,0
SA207,20220218,20220218,112434000,11:24:34,2873,2145,12563,121449900,0,0,0
SA207,20220218,20220218,112435000,11:24:35,2873,2145,12563,121449900,0,0,0
SA207,20220218,20220218,112437000,11:24:37,2873,2145,12563,121449900,0,0,0
SA207,20220218,20220218,112437500,11:24:39,2873,2145,12563,121449900,0,0,0
SA207,20220218,20220218,112438000,11:24:39,2873,2145,12563,121449900,0,0,0
SA207,20220218,20220218,112438500,11:24:39,2873,2145,12563,121449900,0,0,0
SA207,20220218,20220218,112439000,11:24:40,2873,2145,12563,121449900,0,0,0
SA207,20220218,20220218,112439500,11:24:40,2873,2145,12563,121449900,0,0,0
SA207,20220218,20220218,112440000,11:24:40,2873,2145,12563,121449900,0,0,0
SA207,20220218,20220218,112440500,11:24:40,2873,2145,12563,121449900,0,0,0
SA207,20220218,20220218,112441000,11:24:41,2873,2145,12563,121449900,0,0,0
SA207,20220218,20220218,112441500,11:24:41,2873,2145,12563,121449900,0,0,0
SA207,20220218,20220218,112442000,11:24:42,2873,2145,12563,121449900,0,0,0
SA207,20220218,20220218,112442500,11:24:42,2873,2145,12563,121449900,0,0,0
SA207,20220218,20220218,112443500,11:24:43,2873,2145,12563,121449900,0,0,0
SA207,20220218,20220218,112444000,11:24:44,2873,2145,12563,121449900,0,0,0
SA207,20220218,20220218,112444500,11:24:44,2873,2145,12563,121449900,0,0,0
SA207,20220218,20220218,112445000,11:24:45,2873,2145,12563,121449900,0,0,0
SA207,20220218,20220218,112445500,11:24:45,2873,2145,12563,121449900,0,0,0
SA207,20220218,20220218,112446000,11:24:46,2873,2145,12563,121449900,0,0,0
SA207,20220218,20220218,112446500,11:24:46,2873,2145,12563,121449900,0,0,0
SA207,20220218,20220218,112447000,11:24:47,2873,2145,12563,121449900,0,0,0
SA207,20220218,20220218,112447500,11:24:47,2873,2145,12563,121449900,0,0,0
SA207,20220218,20220218,112448000,11:24:48,2873,2145,12563,121449900,0,0,0
SA207,20220218,20220218,112448500,11:24:49,2873,2145,12563,121449900,0,0,0
SA207,20220218,20220218,112449000,11:24:49,2873,2145,12563,121449900,0,0,0
SA207,20220218,20220218,112449500,11:24:49,2873,2145,12563,121449900,0,0,0
SA207,20220218,20220218,112450000,11:24:50,2873,2145,12563,121449900,0,0,0
SA207,20220218,20220218,112450500,11:24:50,2873,2145,12563,121449900,0,0,0
SA207,20220218,20220218,112451000,11:24:51,2873,2145,12563,121449900,0,0,0
SA207,20220218,20220218,112451500,11:24:52,2873,2145,12563,121449900,0,0,0
SA207,20220218,20220218,112452000,11:24:52,2873,2145,12563,121449900,0,0,0
SA207,20220218,20220218,112453500,11:24:53,2873,2145,12563,121449900,0,0,0
SA207,20220218,20220218,112454000,11:24:54,2873,2145,12563,121449900,0,0,0
SA207,20220218,20220218,112454500,11:24:54,2873,2145,12563,121449900,0,0,0
SA207,20220218,20220218,112455000,11:24:55,2873,2145,12563,121449900,0,0,0
SA207,20220218,20220218,112455500,11:24:56,2873,2145,12563,121449900,0,0,0
SA207,20220218,20220218,112456000,11:24:56,2873,2145,12563,121449900,0,0,0
SA207,20220218,20220218,112456500,11:24:56,2873,2145,12563,121449900,0,0,0
SA207,20220218,20220218,112457500,11:24:57,2873,2145,12563,121449900,0,0,0
SA207,20220218,20220218,112458000,11:24:58,2873,2145,12563,121449900,0,0,0
SA207,20220218,20220218,112458500,11:24:58,2873,2145,12563,121449900,0,0,0
SA207,20220218,20220218,112459000,11:24:59,2873,2145,12563,121449900,0,0,0
SA207,20220218,20220218,112459500,11:25:00,2873,2145,12563,121449900,0,0,0
SA207,20220218,20220218,112501000,11:25:02,2873,2145,12563,121449900,0,0,0
SA207,20220218,20220218,112501500,11:25:05,2873,2145,12563,121449900,0,0,0
SA207,20220218,20220218,112502000,11:25:05,2873,2145,12563,121449900,0,0,0
SA207,20220218,20220218,112504500,11:25:06,2873,2145,12563,121449900,0,0,0
SA207,20220218,20220218,112506500,11:25:07,2873,2145,12563,121449900,0,0,0
SA207,20220218,20220218,112507500,11:25:07,2873,2145,12563,121449900,0,0,0
SA207,20220218,20220218,112508500,11:25:09,2873,2145,12563,121449900,0,0,0
SA207,20220218,20220218,112509000,11:25:09,2873,2145,12563,121449900,0,0,0
SA207,20220218,20220218,112509500,11:25:09,2875,2146,12563,121506520,1,0,56620
SA207,20220218,20220218,112510000,11:25:10,2875,2146,12563,121506520,0,0,0
SA207,20220218,20220218,112510500,11:25:10,2875,2150,12563,121776000,4,0,269480
SA207,20220218,20220218,112511000,11:25:11,2875,2150,12563,121776000,0,0,0
SA207,20220218,20220218,112511500,11:25:11,2875,2150,12563,121776000,0,0,0
SA207,20220218,20220218,112512000,11:25:12,2875,2150,12563,121776000,0,0,0
SA207,20220218,20220218,112513500,11:25:15,2875,2150,12563,121776000,0,0,0
SA207,20220218,20220218,112516000,11:25:16,2875,2150,12563,121776000,0,0,0
SA207,20220218,20220218,112516500,11:25:16,2875,2150,12563,121776000,0,0,0
SA207,20220218,20220218,112520000,11:25:21,2875,2150,12563,121776000,0,0,0
SA207,20220218,20220218,112520500,11:25:21,2875,2150,12563,121776000,0,0,0
SA207,20220218,20220218,112521500,11:25:22,2875,2150,12563,121776000,0,0,0
SA207,20220218,20220218,112522000,11:25:22,2875,2150,12563,121776000,0,0,0
SA207,20220218,20220218,112522500,11:25:23,2875,2150,12563,121776000,0,0,0
SA207,20220218,20220218,112523000,11:25:23,2875,2150,12563,121776000,0,0,0
SA207,20220218,20220218,112523500,11:25:24,2875,2150,12563,121776000,0,0,0
SA207,20220218,20220218,112525000,11:25:25,2876,2151,12562,121832640,1,-1,56640
SA207,20220218,20220218,112525500,11:25:26,2876,2152,12562,121889280,1,0,56640
SA207,20220218,20220218,112526000,11:25:26,2876,2152,12562,121889280,0,0,0
SA207,20220218,20220218,112526500,11:25:27,2876,2152,12562,121889280,0,0,0
SA207,20220218,20220218,112527000,11:25:28,2876,2152,12562,121889280,0,0,0
SA207,20220218,20220218,112527500,11:25:28,2876,2152,12562,121889280,0,0,0
SA207,20220218,20220218,112528500,11:25:28,2875,2168,12569,122795520,16,7,906240
SA207,20220218,20220218,112529000,11:25:29,2875,2168,12569,122795520,0,0,0
SA207,20220218,20220218,112529500,11:25:30,2875,2168,12569,122795520,0,0,0
SA207,20220218,20220218,112530500,11:25:31,2875,2168,12569,122795520,0,0,0
SA207,20220218,20220218,112532000,11:25:32,2875,2168,12569,122795520,0,0,0
SA207,20220218,20220218,112532500,11:25:33,2875,2168,12569,122795520,0,0,0
SA207,20220218,20220218,112533000,11:25:33,2873,2173,12568,123078720,5,-1,283200
SA207,20220218,20220218,112533500,11:25:33,2873,2173,12568,123078720,0,0,0
SA207,20220218,20220218,112534000,11:25:34,2873,2173,12568,123078720,0,0,0
SA207,20220218,20220218,112534500,11:25:35,2873,2173,12568,123078720,0,0,0
SA207,20220218,20220218,112535500,11:25:37,2873,2173,12568,123078720,0,0,0
SA207,20220218,20220218,112536000,11:25:37,2873,2173,12568,123078720,0,0,0
SA207,20220218,20220218,112536500,11:25:37,2873,2173,12568,123078720,0,0,0
SA207,20220218,20220218,112537500,11:25:38,2873,2173,12568,123078720,0,0,0
SA207,20220218,20220218,112538000,11:25:38,2873,2173,12568,123078720,0,0,0
SA207,20220218,20220218,112539000,11:25:39,2873,2173,12568,123078720,0,0,0
SA207,20220218,20220218,112539500,11:25:40,2873,2173,12568,123078720,0,0,0
SA207,20220218,20220218,112540000,11:25:40,2873,2173,12568,123078720,0,0,0
SA207,20220218,20220218,112540500,11:25:41,2873,2173,12568,123078720,0,0,0
SA207,20220218,20220218,112541000,11:25:41,2873,2173,12568,123078720,0,0,0
SA207,20220218,20220218,112542000,11:25:42,2873,2173,12568,123078720,0,0,0
SA207,20220218,20220218,112542500,11:25:43,2873,2173,12568,123078720,0,0,0
SA207,20220218,20220218,112543000,11:25:43,2873,2173,12568,123078720,0,0,0
SA207,20220218,20220218,112543500,11:25:43,2873,2173,12568,123078720,0,0,0
SA207,20220218,20220218,112544000,11:25:44,2873,2173,12568,123078720,0,0,0
SA207,20220218,20220218,112550000,11:25:50,2873,2173,12568,123078720,0,0,0
SA207,20220218,20220218,112550500,11:25:51,2873,2173,12568,123078720,0,0,0
SA207,20220218,20220218,112551000,11:25:51,2873,2173,12568,123078720,0,0,0
SA207,20220218,20220218,112551500,11:25:51,2873,2173,12568,123078720,0,0,0
SA207,20220218,20220218,112556000,11:25:57,2873,2173,12568,123078720,0,0,0
SA207,20220218,20220218,112556500,11:25:57,2873,2173,12568,123078720,0,0,0
SA207,20220218,20220218,112557000,11:25:57,2873,2173,12568,123078720,0,0,0
SA207,20220218,20220218,112558500,11:25:59,2873,2173,12568,123078720,0,0,0
SA207,20220218,20220218,112559000,11:26:00,2873,2173,12568,123078720,0,0,0
SA207,20220218,20220218,112559500,11:26:00,2873,2173,12568,123078720,0,0,0
SA207,20220218,20220218,112600000,11:26:00,2873,2173,12568,123078720,0,0,0
SA207,20220218,20220218,112600500,11:26:01,2873,2173,12568,123078720,0,0,0
SA207,20220218,20220218,112601000,11:26:01,2873,2173,12568,123078720,0,0,0
SA207,20220218,20220218,112601500,11:26:02,2873,2173,12568,123078720,0,0,0
SA207,20220218,20220218,112602000,11:26:03,2873,2173,12568,123078720,0,0,0
SA207,20220218,20220218,112602500,11:26:03,2873,2173,12568,123078720,0,0,0
SA207,20220218,20220218,112603000,11:26:03,2873,2173,12568,123078720,0,0,0
SA207,20220218,20220218,112603500,11:26:04,2873,2173,12568,123078720,0,0,0
SA207,20220218,20220218,112604000,11:26:05,2873,2173,12568,123078720,0,0,0
SA207,20220218,20220218,112604500,11:26:05,2873,2173,12568,123078720,0,0,0
SA207,20220218,20220218,112605000,11:26:05,2873,2173,12568,123078720,0,0,0
SA207,20220218,20220218,112605500,11:26:06,2873,2173,12568,123078720,0,0,0
SA207,20220218,20220218,112606000,11:26:06,2873,2173,12568,123078720,0,0,0
SA207,20220218,20220218,112606500,11:26:09,2873,2173,12568,123078720,0,0,0
SA207,20220218,20220218,112607000,11:26:09,2873,2173,12568,123078720,0,0,0
SA207,20220218,20220218,112607500,11:26:09,2873,2173,12568,123078720,0,0,0
SA207,20220218,20220218,112609000,11:26:09,2873,2173,12568,123078720,0,0,0
SA207,20220218,20220218,112610000,11:26:10,2873,2173,12568,123078720,0,0,0
SA207,20220218,20220218,112612500,11:26:15,2873,2173,12568,123078720,0,0,0
SA207,20220218,20220218,112613000,11:26:15,2873,2173,12568,123078720,0,0,0
SA207,20220218,20220218,112613500,11:26:15,2873,2173,12568,123078720,0,0,0
SA207,20220218,20220218,112614000,11:26:15,2873,2173,12568,123078720,0,0,0
SA207,20220218,20220218,112614500,11:26:16,2873,2173,12568,123078720,0,0,0
SA207,20220218,20220218,112615000,11:26:16,2873,2173,12568,123078720,0,0,0
SA207,20220218,20220218,112615500,11:26:16,2873,2173,12568,123078720,0,0,0
SA207,20220218,20220218,112616500,11:26:17,2873,2173,12568,123078720,0,0,0
SA207,20220218,20220218,112617000,11:26:17,2873,2173,12568,123078720,0,0,0
SA207,20220218,20220218,112617500,11:26:17,2873,2173,12568,123078720,0,0,0
SA207,20220218,20220218,112618000,11:26:18,2873,2173,12568,123078720,0,0,0
SA207,20220218,20220218,112620000,11:26:20,2873,2173,12568,123078720,0,0,0
SA207,20220218,20220218,112620500,11:26:20,2873,2173,12568,123078720,0,0,0
SA207,20220218,20220218,112624500,11:26:24,2873,2173,12568,123078720,0,0,0
SA207,20220218,20220218,112626500,11:26:27,2873,2173,12568,123078720,0,0,0
SA207,20220218,20220218,112627000,11:26:27,2873,2173,12568,123078720,0,0,0
SA207,20220218,20220218,112627500,11:26:27,2873,2173,12568,123078720,0,0,0
SA207,20220218,20220218,112628000,11:26:28,2873,2173,12568,123078720,0,0,0
SA207,20220218,20220218,112628500,11:26:28,2873,2173,12568,123078720,0,0,0
SA207,20220218,20220218,112629500,11:26:30,2873,2173,12568,123078720,0,0,0
SA207,20220218,20220218,112632000,11:26:32,2873,2173,12568,123078720,0,0,0
SA207,20220218,20220218,112633500,11:26:34,2874,2174,12569,123135360,1,1,56640
SA207,20220218,20220218,112637000,11:26:38,2874,2174,12569,123135360,0,0,0
SA207,20220218,20220218,112637500,11:27:10,2874,2174,12569,123135360,0,0,0
SA207,20220218,20220218,112651500,11:27:10,2874,2174,12569,123135360,0,0,0
SA207,20220218,20220218,112709000,11:27:12,2874,2174,12569,123135360,0,0,0
SA207,20220218,20220218,112710500,11:27:12,2874,2174,12569,123135360,0,0,0
SA207,20220218,20220218,112712000,11:27:12,2874,2174,12569,123135360,0,0,0
SA207,20220218,20220218,112712500,11:27:13,2874,2174,12569,123135360,0,0,0
SA207,20220218,20220218,112713000,11:27:14,2874,2174,12569,123135360,0,0,0
SA207,20220218,20220218,112713500,11:27:14,2874,2174,12569,123135360,0,0,0
SA207,20220218,20220218,112714000,11:27:15,2874,2174,12569,123135360,0,0,0
SA207,20220218,20220218,112714500,11:27:15,2874,2174,12569,123135360,0,0,0
SA207,20220218,20220218,112715000,11:27:16,2874,2174,12569,123135360,0,0,0
SA207,20220218,20220218,112715500,11:27:16,2874,2174,12569,123135360,0,0,0
SA207,20220218,20220218,112716000,11:27:17,2874,2174,12569,123135360,0,0,0
SA207,20220218,20220218,112716500,11:27:17,2874,2174,12569,123135360,0,0,0
SA207,20220218,20220218,112717500,11:27:17,2874,2174,12569,123135360,0,0,0
SA207,20220218,20220218,112719000,11:27:19,2874,2174,12569,123135360,0,0,0
SA207,20220218,20220218,112719500,11:27:20,2874,2174,12569,123135360,0,0,0
SA207,20220218,20220218,112720000,11:27:20,2874,2174,12569,123135360,0,0,0
SA207,20220218,20220218,112720500,11:27:21,2874,2174,12569,123135360,0,0,0
SA207,20220218,20220218,112721000,11:27:21,2874,2174,12569,123135360,0,0,0
SA207,20220218,20220218,112722500,11:27:26,2874,2174,12569,123135360,0,0,0
SA207,20220218,20220218,112723000,11:27:27,2880,2195,12562,124324800,21,-7,1189440
SA207,20220218,20220218,112723500,11:27:27,2880,2195,12562,124324800,0,0,0
SA207,20220218,20220218,112724000,11:27:27,2880,2195,12562,124324800,0,0,0
SA207,20220218,20220218,112726500,11:27:27,2880,2195,12562,124324800,0,0,0
SA207,20220218,20220218,112728000,11:27:28,2880,2195,12562,124324800,0,0,0
SA207,20220218,20220218,112728500,11:27:28,2880,2195,12562,124324800,0,0,0
SA207,20220218,20220218,112729000,11:27:29,2880,2195,12562,124324800,0,0,0
SA207,20220218,20220218,112729500,11:27:30,2880,2195,12562,124324800,0,0,0
SA207,20220218,20220218,112730000,11:27:30,2880,2195,12562,124324800,0,0,0
SA207,20220218,20220218,112732000,11:27:36,2880,2195,12562,124324800,0,0,0
SA207,20220218,20220218,112735500,11:27:36,2880,2195,12562,124324800,0,0,0
SA207,20220218,20220218,112736000,11:27:37,2880,2195,12562,124324800,0,0,0
SA207,20220218,20220218,112736500,11:27:38,2880,2195,12562,124324800,0,0,0
SA207,20220218,20220218,112737000,11:27:38,2880,2195,12562,124324800,0,0,0
SA207,20220218,20220218,112737500,11:27:38,2880,2195,12562,124324800,0,0,0
SA207,20220218,20220218,112740500,11:27:40,2880,2195,12562,124324800,0,0,0
SA207,20220218,20220218,112741000,11:27:41,2880,2195,12562,124324800,0,0,0
SA207,20220218,20220218,112741500,11:27:42,2880,2195,12562,124324800,0,0,0
SA207,20220218,20220218,112742000,11:27:42,2880,2195,12562,124324800,0,0,0
SA207,20220218,20220218,112742500,11:27:43,2880,2195,12562,124324800,0,0,0
SA207,20220218,20220218,112743000,11:27:43,2880,2195,12562,124324800,0,0,0
SA207,20220218,20220218,112743500,11:27:44,2880,2195,12562,124324800,0,0,0
SA207,20220218,20220218,112746000,11:27:46,2880,2195,12562,124324800,0,0,0
SA207,20220218,20220218,112751500,11:27:54,2880,2195,12562,124324800,0,0,0
SA207,20220218,20220218,112800500,11:28:01,2880,2195,12562,124324800,0,0,0
SA207,20220218,20220218,112801000,11:28:01,2880,2195,12562,124324800,0,0,0
SA207,20220218,20220218,112801500,11:28:02,2880,2195,12562,124324800,0,0,0
SA207,20220218,20220218,112806500,11:28:10,2880,2195,12562,124324800,0,0,0
SA207,20220218,20220218,112810000,11:28:11,2880,2195,12562,124324800,0,0,0
SA207,20220218,20220218,112810500,11:28:12,2880,2195,12562,124324800,0,0,0
SA207,20220218,20220218,112811500,11:28:12,2880,2195,12562,124324800,0,0,0
SA207,20220218,20220218,112812000,11:28:13,2880,2195,12562,124324800,0,0,0
SA207,20220218,20220218,112812500,11:28:13,2880,2195,12562,124324800,0,0,0
SA207,20220218,20220218,112813000,11:28:13,2880,2195,12562,124324800,0,0,0
SA207,20220218,20220218,112813500,11:28:14,2880,2195,12562,124324800,0,0,0
SA207,20220218,20220218,112814000,11:28:14,2882,2201,12558,124708660,6,-4,383860
SA207,20220218,20220218,112814500,11:28:15,2882,2201,12558,124708660,0,0,0
SA207,20220218,20220218,112815000,11:28:15,2882,2201,12558,124708660,0,0,0
SA207,20220218,20220218,112815500,11:28:15,2882,2201,12558,124708660,0,0,0
SA207,20220218,20220218,112816000,11:28:16,2882,2201,12558,124708660,0,0,0
SA207,20220218,20220218,112816500,11:28:16,2882,2201,12558,124708660,0,0,0
SA207,20220218,20220218,112817000,11:28:17,2882,2201,12558,124708660,0,0,0
SA207,20220218,20220218,112817500,11:28:17,2882,2201,12558,124708660,0,0,0
SA207,20220218,20220218,112818000,11:28:18,2882,2201,12558,124708660,0,0,0
SA207,20220218,20220218,112818500,11:28:18,2882,2201,12558,124708660,0,0,0
SA207,20220218,20220218,112819000,11:28:19,2882,2201,12558,124708660,0,0,0
SA207,20220218,20220218,112819500,11:28:20,2882,2201,12558,124708660,0,0,0
SA207,20220218,20220218,112820000,11:28:20,2882,2201,12558,124708660,0,0,0
SA207,20220218,20220218,112820500,11:28:21,2882,2201,12558,124708660,0,0,0
SA207,20220218,20220218,112821000,11:28:21,2882,2201,12558,124708660,0,0,0
SA207,20220218,20220218,112821500,11:28:22,2882,2201,12558,124708660,0,0,0
SA207,20220218,20220218,112822000,11:28:22,2882,2201,12558,124708660,0,0,0
SA207,20220218,20220218,112825000,11:28:25,2882,2201,12558,124708660,0,0,0
SA207,20220218,20220218,112825500,11:28:25,2882,2201,12558,124708660,0,0,0
SA207,20220218,20220218,112826000,11:28:26,2882,2201,12558,124708660,0,0,0
SA207,20220218,20220218,112826500,11:28:27,2882,2201,12558,124708660,0,0,0
SA207,20220218,20220218,112827000,11:28:27,2882,2201,12558,124708660,0,0,0
SA207,20220218,20220218,112827500,11:28:27,2882,2201,12558,124708660,0,0,0
SA207,20220218,20220218,112828000,11:28:28,2882,2201,12558,124708660,0,0,0
SA207,20220218,20220218,112829000,11:28:29,2882,2201,12558,124708660,0,0,0
SA207,20220218,20220218,112829500,11:28:29,2882,2201,12558,124708660,0,0,0
SA207,20220218,20220218,112830000,11:28:30,2882,2201,12558,124708660,0,0,0
SA207,20220218,20220218,112830500,11:28:31,2882,2201,12558,124708660,0,0,0
SA207,20220218,20220218,112831000,11:28:31,2882,2201,12558,124708660,0,0,0
SA207,20220218,20220218,112831500,11:28:32,2882,2201,12558,124708660,0,0,0
SA207,20220218,20220218,112832000,11:28:33,2882,2201,12558,124708660,0,0,0
SA207,20220218,20220218,112832500,11:28:33,2882,2201,12558,124708660,0,0,0
SA207,20220218,20220218,112833000,11:28:33,2882,2201,12558,124708660,0,0,0
SA207,20220218,20220218,112833500,11:28:34,2882,2201,12558,124708660,0,0,0
SA207,20220218,20220218,112834000,11:28:34,2882,2201,12558,124708660,0,0,0
SA207,20220218,20220218,112834500,11:28:34,2882,2201,12558,124708660,0,0,0
SA207,20220218,20220218,112835000,11:28:35,2882,2201,12558,124708660,0,0,0
SA207,20220218,20220218,112835500,11:28:37,2882,2201,12558,124708660,0,0,0
SA207,20220218,20220218,112836000,11:28:37,2882,2201,12558,124708660,0,0,0
SA207,20220218,20220218,112836500,11:28:37,2882,2201,12558,124708660,0,0,0
SA207,20220218,20220218,112837000,11:28:37,2882,2201,12558,124708660,0,0,0
SA207,20220218,20220218,112837500,11:28:38,2882,2201,12558,124708660,0,0,0
SA207,20220218,20220218,112838000,11:28:38,2882,2201,12558,124708660,0,0,0
SA207,20220218,20220218,112839500,11:28:40,2882,2201,12558,124708660,0,0,0
SA207,20220218,20220218,112840000,11:28:40,2882,2201,12558,124708660,0,0,0
SA207,20220218,20220218,112840500,11:28:40,2882,2201,12558,124708660,0,0,0
SA207,20220218,20220218,112841000,11:28:41,2882,2201,12558,124708660,0,0,0
SA207,20220218,20220218,112841500,11:28:42,2882,2201,12558,124708660,0,0,0
SA207,20220218,20220218,112842000,11:28:42,2882,2201,12558,124708660,0,0,0
SA207,20220218,20220218,112842500,11:28:42,2882,2201,12558,124708660,0,0,0
SA207,20220218,20220218,112843000,11:28:43,2882,2201,12558,124708660,0,0,0
SA207,20220218,20220218,112843500,11:28:44,2882,2201,12558,124708660,0,0,0
SA207,20220218,20220218,112844000,11:28:44,2882,2201,12558,124708660,0,0,0
SA207,20220218,20220218,112844500,11:28:45,2882,2201,12558,124708660,0,0,0
SA207,20220218,20220218,112845500,11:28:45,2882,2201,12558,124708660,0,0,0
SA207,20220218,20220218,112846000,11:28:46,2882,2201,12558,124708660,0,0,0
SA207,20220218,20220218,112846500,11:28:46,2882,2201,12558,124708660,0,0,0
SA207,20220218,20220218,112847000,11:28:47,2882,2201,12558,124708660,0,0,0
SA207,20220218,20220218,112848000,11:28:48,2882,2201,12558,124708660,0,0,0
SA207,20220218,20220218,112848500,11:28:48,2882,2201,12558,124708660,0,0,0
SA207,20220218,20220218,112849000,11:28:49,2882,2201,12558,124708660,0,0,0
SA207,20220218,20220218,112850500,11:28:51,2882,2201,12558,124708660,0,0,0
SA207,20220218,20220218,112851500,11:28:52,2882,2201,12558,124708660,0,0,0
SA207,20220218,20220218,112852000,11:28:53,2882,2201,12558,124708660,0,0,0
SA207,20220218,20220218,112852500,11:28:54,2882,2201,12558,124708660,0,0,0
SA207,20220218,20220218,112853000,11:28:54,2882,2201,12558,124708660,0,0,0
SA207,20220218,20220218,112853500,11:28:54,2882,2201,12558,124708660,0,0,0
SA207,20220218,20220218,112854000,11:28:54,2882,2201,12558,124708660,0,0,0
SA207,20220218,20220218,112855000,11:28:55,2882,2201,12558,124708660,0,0,0
SA207,20220218,20220218,112855500,11:28:56,2885,2204,12557,124878640,3,-1,169980
SA207,20220218,20220218,112856000,11:28:56,2885,2204,12557,124878640,0,0,0
SA207,20220218,20220218,112856500,11:28:57,2885,2204,12557,124878640,0,0,0
SA207,20220218,20220218,112859000,11:28:59,2885,2204,12557,124878640,0,0,0
SA207,20220218,20220218,112859500,11:29:00,2885,2204,12557,124878640,0,0,0
SA207,20220218,20220218,112900000,11:29:00,2885,2204,12557,124878640,0,0,0
SA207,20220218,20220218,112900500,11:29:01,2885,2204,12557,124878640,0,0,0
SA207,20220218,20220218,112901000,11:29:01,2885,2204,12557,124878640,0,0,0
SA207,20220218,20220218,112902000,11:29:03,2885,2204,12557,124878640,0,0,0
SA207,20220218,20220218,112902500,11:29:03,2885,2204,12557,124878640,0,0,0
SA207,20220218,20220218,112903000,11:29:03,2885,2204,12557,124878640,0,0,0
SA207,20220218,20220218,112905000,11:29:05,2885,2204,12557,124878640,0,0,0
SA207,20220218,20220218,112905500,11:29:06,2885,2204,12557,124878640,0,0,0
SA207,20220218,20220218,112906000,11:29:06,2885,2204,12557,124878640,0,0,0
SA207,20220218,20220218,112906500,11:29:06,2885,2204,12557,124878640,0,0,0
SA207,20220218,20220218,112907000,11:29:08,2885,2204,12557,124878640,0,0,0
SA207,20220218,20220218,112907500,11:29:08,2885,2204,12557,124878640,0,0,0
SA207,20220218,20220218,112908000,11:29:08,2885,2204,12557,124878640,0,0,0
SA207,20220218,20220218,112908500,11:29:08,2885,2204,12557,124878640,0,0,0
SA207,20220218,20220218,112909000,11:29:09,2885,2204,12557,124878640,0,0,0
SA207,20220218,20220218,112909500,11:29:09,2887,2219,12560,125728540,15,3,849900
SA207,20220218,20220218,112910000,11:29:10,2887,2220,12559,125785200,1,-1,56660
SA207,20220218,20220218,112910500,11:29:11,2887,2220,12559,125785200,0,0,0
SA207,20220218,20220218,112911000,11:29:11,2887,2221,12559,125841860,1,0,56660
SA207,20220218,20220218,112913000,11:29:13,2887,2221,12559,125841860,0,0,0
SA207,20220218,20220218,112913500,11:29:14,2887,2221,12559,125841860,0,0,0
SA207,20220218,20220218,112914000,11:29:14,2887,2221,12559,125841860,0,0,0
SA207,20220218,20220218,112914500,11:29:15,2887,2221,12559,125841860,0,0,0
SA207,20220218,20220218,112915000,11:29:15,2887,2221,12559,125841860,0,0,0
SA207,20220218,20220218,112915500,11:29:16,2887,2221,12559,125841860,0,0,0
SA207,20220218,20220218,112916000,11:29:16,2887,2221,12559,125841860,0,0,0
SA207,20220218,20220218,112916500,11:29:20,2887,2222,12559,125898520,1,0,56660
SA207,20220218,20220218,112917000,11:29:20,2887,2222,12559,125898520,0,0,0
SA207,20220218,20220218,112917500,11:29:21,2887,2223,12559,125955180,1,0,56660
SA207,20220218,20220218,112918000,11:29:21,2887,2223,12559,125955180,0,0,0
SA207,20220218,20220218,112920500,11:29:21,2887,2225,12559,126068500,2,0,113320
SA207,20220218,20220218,112921000,11:29:23,2887,2225,12559,126068500,0,0,0
SA207,20220218,20220218,112921500,11:29:24,2887,2225,12559,126068500,0,0,0
SA207,20220218,20220218,112922000,11:29:24,2887,2225,12559,126068500,0,0,0
SA207,20220218,20220218,112924000,11:29:24,2887,2225,12559,126068500,0,0,0
SA207,20220218,20220218,112924500,11:29:25,2887,2226,12559,126125160,1,0,56660
SA207,20220218,20220218,112925000,11:29:25,2887,2227,12559,126181820,1,0,56660
SA207,20220218,20220218,112925500,11:29:25,2887,2228,12559,126238480,1,0,56660
SA207,20220218,20220218,112926000,11:29:26,2887,2228,12559,126238480,0,0,0
SA207,20220218,20220218,112926500,11:29:26,2887,2228,12559,126238480,0,0,0
SA207,20220218,20220218,112927000,11:29:27,2887,2228,12559,126238480,0,0,0
SA207,20220218,20220218,112927500,11:29:28,2887,2228,12559,126238480,0,0,0
SA207,20220218,20220218,112928000,11:29:28,2887,2228,12559,126238480,0,0,0
SA207,20220218,20220218,112928500,11:29:29,2887,2228,12559,126238480,0,0,0
SA207,20220218,20220218,112931000,11:29:32,2887,2228,12559,126238480,0,0,0
SA207,20220218,20220218,112931500,11:29:32,2888,2229,12559,126295140,1,0,56660
SA207,20220218,20220218,112932500,11:29:37,2888,2229,12559,126295140,0,0,0
SA207,20220218,20220218,112933500,11:29:38,2888,2229,12559,126295140,0,0,0
SA207,20220218,20220218,112935500,11:29:38,2888,2229,12559,126295140,0,0,0
SA207,20220218,20220218,112937000,11:29:38,2888,2229,12559,126295140,0,0,0
SA207,20220218,20220218,112938000,11:29:38,2888,2229,12559,126295140,0,0,0
SA207,20220218,20220218,112938500,11:29:39,2888,2229,12559,126295140,0,0,0
SA207,20220218,20220218,112939000,11:29:39,2888,2229,12559,126295140,0,0,0
SA207,20220218,20220218,112939500,11:29:40,2888,2229,12559,126295140,0,0,0
SA207,20220218,20220218,112940000,11:29:40,2888,2229,12559,126295140,0,0,0
SA207,20220218,20220218,112940500,11:29:40,2888,2229,12559,126295140,0,0,0
SA207,20220218,20220218,112941000,11:29:41,2888,2229,12559,126295140,0,0,0
SA207,20220218,20220218,112941500,11:29:42,2888,2229,12559,126295140,0,0,0
SA207,20220218,20220218,112942000,11:29:44,2888,2229,12559,126295140,0,0,0
SA207,20220218,20220218,112943500,11:29:45,2888,2229,12559,126295140,0,0,0
SA207,20220218,20220218,112944500,11:29:45,2888,2229,12559,126295140,0,0,0
SA207,20220218,20220218,112945000,11:29:46,2888,2229,12559,126295140,0,0,0
SA207,20220218,20220218,112945500,11:29:46,2888,2229,12559,126295140,0,0,0
SA207,20220218,20220218,112947500,11:29:48,2888,2229,12559,126295140,0,0,0
SA207,20220218,20220218,112949000,11:29:50,2888,2229,12559,126295140,0,0,0
SA207,20220218,20220218,112951500,11:29:52,2888,2229,12559,126295140,0,0,0
SA207,20220218,20220218,112952000,11:29:53,2889,2231,12559,126408460,2,0,113320
SA207,20220218,20220218,112952500,11:29:53,2889,2231,12559,126408460,0,0,0
SA207,20220218,20220218,112953000,11:29:54,2889,2231,12559,126408460,0,0,0
SA207,20220218,20220218,112954000,11:29:54,2889,2231,12559,126408460,0,0,0
SA207,20220218,20220218,112954500,11:29:54,2889,2231,12559,126408460,0,0,0
SA207,20220218,20220218,112955500,11:29:56,2889,2231,12559,126408460,0,0,0
SA207,20220218,20220218,112956000,11:30:00,2889,2231,12559,126408460,0,0,0
SA207,20220218,20220218,112956500,11:30:00,2889,2231,12559,126408460,0,0,0
SA207,20220218,20220218,112957000,11:30:00,2889,2231,12559,126408460,0,0,0
SA207,20220218,20220218,112959500,11:30:02,2889,2231,12559,126408460,0,0,0
SA207,20220218,20220218,113000000,11:30:03,2889,2231,12559,126408460,0,0,0
SA207,20220218,20220218,133001000,13:30:01,2889,2231,12559,126408460,0,0,0
SA207,20220218,20220218,133001500,13:30:02,2889,2231,12559,126408460,0,0,0
SA207,20220218,20220218,133002000,13:30:08,2889,2231,12559,126408460,0,0,0
SA207,20220218,20220218,133002500,13:30:10,2889,2231,12559,126408460,0,0,0
SA207,20220218,20220218,133007500,13:30:10,2889,2231,12559,126408460,0,0,0
SA207,20220218,20220218,133009500,13:30:10,2889,2231,12559,126408460,0,0,0
SA207,20220218,20220218,133011000,13:30:13,2889,2231,12559,126408460,0,0,0
SA207,20220218,20220218,133012500,13:30:13,2889,2231,12559,126408460,0,0,0
SA207,20220218,20220218,133013000,13:30:14,2889,2231,12559,126408460,0,0,0
SA207,20220218,20220218,133013500,13:30:14,2889,2231,12559,126408460,0,0,0
SA207,20220218,20220218,133014000,13:30:16,2889,2231,12559,126408460,0,0,0
SA207,20220218,20220218,133014500,13:30:16,2889,2231,12559,126408460,0,0,0
SA207,20220218,20220218,133016500,13:30:18,2889,2231,12559,126408460,0,0,0
SA207,20220218,20220218,133017000,13:30:18,2889,2231,12559,126408460,0,0,0
SA207,20220218,20220218,133018500,13:30:20,2889,2231,12559,126408460,0,0,0
SA207,20220218,20220218,133019500,13:30:21,2889,2231,12559,126408460,0,0,0
SA207,20220218,20220218,133020500,13:30:21,2889,2231,12559,126408460,0,0,0
SA207,20220218,20220218,133021000,13:30:21,2889,2231,12559,126408460,0,0,0
SA207,20220218,20220218,133021500,13:30:22,2889,2231,12559,126408460,0,0,0
SA207,20220218,20220218,133022000,13:30:38,2889,2231,12559,126408460,0,0,0
SA207,20220218,20220218,133022500,13:30:38,2889,2231,12559,126408460,0,0,0
SA207,20220218,20220218,133023000,13:30:40,2889,2231,12559,126408460,0,0,0
SA207,20220218,20220218,133038000,13:30:40,2889,2231,12559,126408460,0,0,0
SA207,20220218,20220218,133040500,13:30:42,2889,2231,12559,126408460,0,0,0
SA207,20220218,20220218,133041000,13:30:43,2889,2231,12559,126408460,0,0,0
SA207,20220218,20220218,133043000,13:30:44,2889,2231,12559,126408460,0,0,0
SA207,20220218,20220218,133043500,13:30:45,2889,2231,12559,126408460,0,0,0
SA207,20220218,20220218,133046000,13:30:47,2889,2231,12559,126408460,0,0,0
SA207,20220218,20220218,133046500,13:30:47,2889,2231,12559,126408460,0,0,0
SA207,20220218,20220218,133047000,13:30:48,2889,2231,12559,126408460,0,0,0
SA207,20220218,20220218,133047500,13:30:48,2889,2231,12559,126408460,0,0,0
SA207,20220218,20220218,133048000,13:30:49,2889,2231,12559,126408460,0,0,0
SA207,20220218,20220218,133049000,13:30:50,2889,2231,12559,126408460,0,0,0
SA207,20220218,20220218,133049500,13:30:50,2889,2231,12559,126408460,0,0,0
SA207,20220218,20220218,133050000,13:30:51,2889,2231,12559,126408460,0,0,0
SA207,20220218,20220218,133050500,13:30:52,2889,2231,12559,126408460,0,0,0
SA207,20220218,20220218,133051000,13:30:52,2889,2231,12559,126408460,0,0,0
SA207,20220218,20220218,133052000,13:30:53,2889,2231,12559,126408460,0,0,0
SA207,20220218,20220218,133053500,13:30:54,2889,2231,12559,126408460,0,0,0
SA207,20220218,20220218,133054500,13:30:55,2889,2231,12559,126408460,0,0,0
SA207,20220218,20220218,133055000,13:30:56,2889,2231,12559,126408460,0,0,0
SA207,20220218,20220218,133055500,13:30:56,2889,2231,12559,126408460,0,0,0
SA207,20220218,20220218,133100000,13:31:00,2889,2231,12559,126408460,0,0,0
SA207,20220218,20220218,133100500,13:31:01,2889,2231,12559,126408460,0,0,0
SA207,20220218,20220218,133103000,13:31:03,2889,2231,12559,126408460,0,0,0
SA207,20220218,20220218,133104500,13:31:07,2889,2231,12559,126408460,0,0,0
SA207,20220218,20220218,133105000,13:31:07,2889,2231,12559,126408460,0,0,0
SA207,20220218,20220218,133107000,13:31:08,2889,2231,12559,126408460,0,0,0
SA207,20220218,20220218,133108500,13:31:09,2889,2231,12559,126408460,0,0,0
SA207,20220218,20220218,133109000,13:31:10,2889,2231,12559,126408460,0,0,0
SA207,20220218,20220218,133111000,13:31:12,2889,2231,12559,126408460,0,0,0
SA207,20220218,20220218,133111500,13:31:12,2889,2231,12559,126408460,0,0,0
SA207,20220218,20220218,133112000,13:31:13,2889,2231,12559,126408460,0,0,0
SA207,20220218,20220218,133115500,13:31:16,2889,2231,12559,126408460,0,0,0
SA207,20220218,20220218,133116000,13:31:16,2889,2231,12559,126408460,0,0,0
SA207,20220218,20220218,133116500,13:31:17,2889,2231,12559,126408460,0,0,0
SA207,20220218,20220218,133117500,13:31:18,2889,2231,12559,126408460,0,0,0
SA207,20220218,20220218,133118000,13:31:19,2889,2231,12559,126408460,0,0,0
SA207,20220218,20220218,133119500,13:31:20,2889,2231,12559,126408460,0,0,0
SA207,20220218,20220218,133120000,13:31:20,2889,2231,12559,126408460,0,0,0
SA207,20220218,20220218,133120500,13:31:21,2889,2231,12559,126408460,0,0,0
SA207,20220218,20220218,133122000,13:31:23,2889,2231,12559,126408460,0,0,0
SA207,20220218,20220218,133122500,13:31:25,2889,2231,12559,126408460,0,0,0
SA207,20220218,20220218,133158500,13:31:58,2889,2231,12559,126408460,0,0,0
SA207,20220218,20220218,133159500,13:32:00,2889,2231,12559,126408460,0,0,0
SA207,20220218,20220218,133200000,13:32:01,2889,2237,12558,126748420,6,-1,339960
SA207,20220218,20220218,133201000,13:32:01,2889,2237,12558,126748420,0,0,0
SA207,20220218,20220218,133202000,13:32:03,2889,2237,12558,126748420,0,0,0
SA207,20220218,20220218,133202500,13:32:04,2889,2237,12558,126748420,0,0,0
SA207,20220218,20220218,133203000,13:32:05,2889,2237,12558,126748420,0,0,0
SA207,20220218,20220218,133205000,13:32:05,2889,2237,12558,126748420,0,0,0
SA207,20220218,20220218,133205500,13:32:06,2889,2237,12558,126748420,0,0,0
SA207,20220218,20220218,133206500,13:32:07,2889,2237,12558,126748420,0,0,0
SA207,20220218,20220218,133210500,13:32:14,2889,2237,12558,126748420,0,0,0
SA207,20220218,20220218,133211000,13:32:14,2889,2237,12558,126748420,0,0,0
SA207,20220218,20220218,133213000,13:32:15,2889,2237,12558,126748420,0,0,0
SA207,20220218,20220218,133214000,13:32:15,2889,2237,12558,126748420,0,0,0
SA207,20220218,20220218,133215000,13:32:16,2889,2237,12558,126748420,0,0,0
SA207,20220218,20220218,133216500,13:32:17,2889,2237,12558,126748420,0,0,0
SA207,20220218,20220218,133217000,13:32:18,2889,2237,12558,126748420,0,0,0
SA207,20220218,20220218,133217500,13:32:18,2889,2237,12558,126748420,0,0,0
SA207,20220218,20220218,133218500,13:32:19,2889,2237,12558,126748420,0,0,0
SA207,20220218,20220218,133219000,13:32:20,2889,2237,12558,126748420,0,0,0
SA207,20220218,20220218,133219500,13:32:20,2889,2237,12558,126748420,0,0,0
SA207,20220218,20220218,133220000,13:32:20,2889,2237,12558,126748420,0,0,0
SA207,20220218,20220218,133221000,13:32:21,2889,2237,12558,126748420,0,0,0
SA207,20220218,20220218,133221500,13:32:22,2889,2237,12558,126748420,0,0,0
SA207,20220218,20220218,133222000,13:32:23,2889,2237,12558,126748420,0,0,0
SA207,20220218,20220218,133234500,13:32:35,2889,2237,12558,126748420,0,0,0
SA207,20220218,20220218,133235000,13:32:36,2889,2237,12558,126748420,0,0,0
SA207,20220218,20220218,133235500,13:32:36,2889,2237,12558,126748420,0,0,0
SA207,20220218,20220218,133237000,13:32:37,2889,2237,12558,126748420,0,0,0
SA207,20220218,20220218,133237500,13:32:38,2889,2237,12558,126748420,0,0,0
SA207,20220218,20220218,133238000,13:32:38,2889,2237,12558,126748420,0,0,0
SA207,20220218,20220218,133238500,13:32:39,2889,2237,12558,126748420,0,0,0
SA207,20220218,20220218,133239500,13:32:40,2889,2237,12558,126748420,0,0,0
SA207,20220218,20220218,133240000,13:32:40,2889,2237,12558,126748420,0,0,0
SA207,20220218,20220218,133240500,13:32:41,2889,2237,12558,126748420,0,0,0
SA207,20220218,20220218,133241000,13:32:41,2889,2237,12558,126748420,0,0,0
SA207,20220218,20220218,133241500,13:32:42,2889,2237,12558,126748420,0,0,0
SA207,20220218,20220218,133242000,13:32:42,2889,2237,12558,126748420,0,0,0
SA207,20220218,20220218,133243000,13:32:43,2889,2237,12558,126748420,0,0,0
SA207,20220218,20220218,133246500,13:32:47,2889,2237,12558,126748420,0,0,0
SA207,20220218,20220218,133247000,13:32:47,2889,2237,12558,126748420,0,0,0
SA207,20220218,20220218,133250000,13:32:52,2889,2237,12558,126748420,0,0,0
SA207,20220218,20220218,133251500,13:32:53,2889,2237,12558,126748420,0,0,0
SA207,20220218,20220218,133252000,13:32:53,2889,2237,12558,126748420,0,0,0
SA207,20220218,20220218,133253000,13:32:53,2889,2237,12558,126748420,0,0,0
SA207,20220218,20220218,133254000,13:32:54,2889,2237,12558,126748420,0,0,0
SA207,20220218,20220218,133254500,13:32:55,2889,2237,12558,126748420,0,0,0
SA207,20220218,20220218,133255500,13:32:56,2889,2237,12558,126748420,0,0,0
SA207,20220218,20220218,133256000,13:32:56,2889,2237,12558,126748420,0,0,0
SA207,20220218,20220218,133256500,13:32:58,2889,2237,12558,126748420,0,0,0
SA207,20220218,20220218,133257000,13:32:59,2889,2237,12558,126748420,0,0,0
SA207,20220218,20220218,133257500,13:33:00,2889,2237,12558,126748420,0,0,0
SA207,20220218,20220218,133258000,13:33:00,2889,2237,12558,126748420,0,0,0
SA207,20220218,20220218,133259500,13:33:00,2889,2237,12558,126748420,0,0,0
SA207,20220218,20220218,133300000,13:33:01,2889,2237,12558,126748420,0,0,0
SA207,20220218,20220218,133300500,13:33:02,2889,2237,12558,126748420,0,0,0
SA207,20220218,20220218,133301000,13:33:02,2889,2237,12558,126748420,0,0,0
SA207,20220218,20220218,133301500,13:33:02,2889,2237,12558,126748420,0,0,0
SA207,20220218,20220218,133302000,13:33:03,2889,2237,12558,126748420,0,0,0
SA207,20220218,20220218,133302500,13:33:03,2889,2237,12558,126748420,0,0,0
SA207,20220218,20220218,133303000,13:33:04,2889,2237,12558,126748420,0,0,0
SA207,20220218,20220218,133303500,13:33:04,2889,2237,12558,126748420,0,0,0
SA207,20220218,20220218,133304000,13:33:04,2889,2237,12558,126748420,0,0,0
SA207,20220218,20220218,133304500,13:33:05,2889,2237,12558,126748420,0,0,0
SA207,20220218,20220218,133305000,13:33:05,2889,2237,12558,126748420,0,0,0
SA207,20220218,20220218,133307000,13:33:07,2889,2237,12558,126748420,0,0,0
SA207,20220218,20220218,133307500,13:33:08,2889,2237,12558,126748420,0,0,0
SA207,20220218,20220218,133308000,13:33:08,2889,2237,12558,126748420,0,0,0
SA207,20220218,20220218,133308500,13:33:09,2889,2237,12558,126748420,0,0,0
SA207,20220218,20220218,133309000,13:33:10,2889,2237,12558,126748420,0,0,0
SA207,20220218,20220218,133309500,13:33:11,2889,2237,12558,126748420,0,0,0
SA207,20220218,20220218,133310000,13:33:11,2889,2237,12558,126748420,0,0,0
SA207,20220218,20220218,133312000,13:33:14,2889,2237,12558,126748420,0,0,0
SA207,20220218,20220218,133313500,13:33:14,2889,2237,12558,126748420,0,0,0
SA207,20220218,20220218,133314000,13:33:17,2889,2237,12558,126748420,0,0,0
SA207,20220218,20220218,133314500,13:33:17,2889,2237,12558,126748420,0,0,0
SA207,20220218,20220218,133315000,13:33:18,2889,2237,12558,126748420,0,0,0
SA207,20220218,20220218,133317000,13:33:18,2889,2237,12558,126748420,0,0,0
SA207,20220218,20220218,133318000,13:33:19,2889,2237,12558,126748420,0,0,0
SA207,20220218,20220218,133318500,13:33:19,2889,2237,12558,126748420,0,0,0
SA207,20220218,20220218,133319000,13:33:20,2889,2237,12558,126748420,0,0,0
SA207,20220218,20220218,133320000,13:33:21,2889,2237,12558,126748420,0,0,0
SA207,20220218,20220218,133322500,13:33:22,2889,2237,12558,126748420,0,0,0
SA207,20220218,20220218,133323000,13:33:23,2889,2237,12558,126748420,0,0,0
SA207,20220218,20220218,133323500,13:33:24,2889,2237,12558,126748420,0,0,0
SA207,20220218,20220218,133324000,13:33:24,2889,2237,12558,126748420,0,0,0
SA207,20220218,20220218,133324500,13:33:25,2889,2237,12558,126748420,0,0,0
SA207,20220218,20220218,133325000,13:33:26,2889,2237,12558,126748420,0,0,0
SA207,20220218,20220218,133325500,13:33:27,2889,2237,12558,126748420,0,0,0
SA207,20220218,20220218,133326500,13:33:29,2889,2237,12558,126748420,0,0,0
SA207,20220218,20220218,133327000,13:33:29,2889,2237,12558,126748420,0,0,0
SA207,20220218,20220218,133327500,13:33:30,2889,2237,12558,126748420,0,0,0
SA207,20220218,20220218,133329500,13:33:30,2889,2237,12558,126748420,0,0,0
SA207,20220218,20220218,133330500,13:33:32,2889,2237,12558,126748420,0,0,0
SA207,20220218,20220218,133331500,13:33:32,2889,2237,12558,126748420,0,0,0
SA207,20220218,20220218,133332000,13:33:32,2889,2237,12558,126748420,0,0,0
SA207,20220218,20220218,133332500,13:33:33,2889,2237,12558,126748420,0,0,0
SA207,20220218,20220218,133333000,13:33:33,2889,2237,12558,126748420,0,0,0
SA207,20220218,20220218,133335000,13:33:35,2889,2237,12558,126748420,0,0,0
SA207,20220218,20220218,133336000,13:33:36,2889,2237,12558,126748420,0,0,0
SA207,20220218,20220218,133336500,13:33:36,2889,2237,12558,126748420,0,0,0
SA207,20220218,20220218,133337500,13:33:37,2889,2237,12558,126748420,0,0,0
SA207,20220218,20220218,133338500,13:33:39,2889,2237,12558,126748420,0,0,0
SA207,20220218,20220218,133339000,13:33:39,2889,2237,12558,126748420,0,0,0
SA207,20220218,20220218,133339500,13:33:40,2889,2237,12558,126748420,0,0,0
SA207,20220218,20220218,133341000,13:33:41,2889,2237,12558,126748420,0,0,0
SA207,20220218,20220218,133342000,13:33:42,2889,2237,12558,126748420,0,0,0
SA207,20220218,20220218,133342500,13:33:42,2889,2237,12558,126748420,0,0,0
SA207,20220218,20220218,133343000,13:33:43,2889,2237,12558,126748420,0,0,0
SA207,20220218,20220218,133343500,13:33:44,2889,2237,12558,126748420,0,0,0
SA207,20220218,20220218,133344000,13:33:45,2889,2237,12558,126748420,0,0,0
SA207,20220218,20220218,133344500,13:33:45,2889,2237,12558,126748420,0,0,0
SA207,20220218,20220218,133345500,13:33:47,2889,2237,12558,126748420,0,0,0
SA207,20220218,20220218,133346000,13:33:48,2889,2237,12558,126748420,0,0,0
SA207,20220218,20220218,133346500,13:33:48,2889,2237,12558,126748420,0,0,0
SA207,20220218,20220218,133347000,13:33:49,2889,2237,12558,126748420,0,0,0
SA207,20220218,20220218,133347500,13:33:49,2889,2237,12558,126748420,0,0,0
SA207,20220218,20220218,133349000,13:33:50,2889,2237,12558,126748420,0,0,0
SA207,20220218,20220218,133349500,13:33:50,2889,2237,12558,126748420,0,0,0
SA207,20220218,20220218,133350000,13:33:50,2889,2237,12558,126748420,0,0,0
SA207,20220218,20220218,133351000,13:33:51,2889,2237,12558,126748420,0,0,0
SA207,20220218,20220218,133351500,13:33:52,2889,2237,12558,126748420,0,0,0
SA207,20220218,20220218,133352000,13:33:52,2889,2237,12558,126748420,0,0,0
SA207,20220218,20220218,133352500,13:33:53,2889,2237,12558,126748420,0,0,0
SA207,20220218,20220218,133353500,13:33:53,2889,2237,12558,126748420,0,0,0
SA207,20220218,20220218,133354000,13:33:54,2889,2237,12558,126748420,0,0,0
SA207,20220218,20220218,133354500,13:33:56,2889,2237,12558,126748420,0,0,0
SA207,20220218,20220218,133355000,13:33:56,2889,2237,12558,126748420,0,0,0
SA207,20220218,20220218,133355500,13:33:56,2889,2237,12558,126748420,0,0,0
SA207,20220218,20220218,133356000,13:33:57,2889,2237,12558,126748420,0,0,0
SA207,20220218,20220218,133356500,13:33:57,2889,2237,12558,126748420,0,0,0
SA207,20220218,20220218,133357000,13:33:58,2889,2237,12558,126748420,0,0,0
SA207,20220218,20220218,133358000,13:33:58,2889,2237,12558,126748420,0,0,0
SA207,20220218,20220218,133359000,13:33:59,2889,2237,12558,126748420,0,0,0
SA207,20220218,20220218,133410000,13:34:11,2889,2237,12558,126748420,0,0,0
SA207,20220218,20220218,133410500,13:34:12,2889,2237,12558,126748420,0,0,0
SA207,20220218,20220218,133411500,13:34:12,2889,2237,12558,126748420,0,0,0
SA207,20220218,20220218,133412000,13:34:13,2889,2237,12558,126748420,0,0,0
SA207,20220218,20220218,133413500,13:34:14,2889,2237,12558,126748420,0,0,0
SA207,20220218,20220218,133414000,13:34:14,2889,2237,12558,126748420,0,0,0
SA207,20220218,20220218,133416500,13:34:17,2889,2237,12558,126748420,0,0,0
SA207,20220218,20220218,133417000,13:34:17,2889,2237,12558,126748420,0,0,0
SA207,20220218,20220218,133417500,13:34:17,2889,2237,12558,126748420,0,0,0
SA207,20220218,20220218,133418000,13:34:18,2889,2237,12558,126748420,0,0,0
SA207,20220218,20220218,133418500,13:34:19,2889,2237,12558,126748420,0,0,0
SA207,20220218,20220218,133419000,13:34:19,2889,2237,12558,126748420,0,0,0
SA207,20220218,20220218,133419500,13:34:20,2889,2237,12558,126748420,0,0,0
SA207,20220218,20220218,133420000,13:34:20,2889,2237,12558,126748420,0,0,0
SA207,20220218,20220218,133420500,13:34:21,2889,2237,12558,126748420,0,0,0
SA207,20220218,20220218,133421000,13:34:23,2889,2237,12558,126748420,0,0,0
SA207,20220218,20220218,133423000,13:34:24,2889,2237,12558,126748420,0,0,0
SA207,20220218,20220218,133423500,13:34:24,2889,2237,12558,126748420,0,0,0
SA207,20220218,20220218,133426000,13:34:26,2889,2237,12558,126748420,0,0,0
SA207,20220218,20220218,133426500,13:34:26,2889,2237,12558,126748420,0,0,0
SA207,20220218,20220218,133427000,13:34:27,2889,2237,12558,126748420,0,0,0
SA207,20220218,20220218,133427500,13:34:28,2889,2237,12558,126748420,0,0,0
SA207,20220218,20220218,133428000,13:34:28,2889,2237,12558,126748420,0,0,0
SA207,20220218,20220218,133428500,13:34:29,2889,2237,12558,126748420,0,0,0
SA207,20220218,20220218,133429500,13:34:29,2889,2237,12558,126748420,0,0,0
SA207,20220218,20220218,133430000,13:34:30,2889,2237,12558,126748420,0,0,0
SA207,20220218,20220218,133430500,13:34:30,2889,2237,12558,126748420,0,0,0
SA207,20220218,20220218,133431000,13:34:31,2889,2237,12558,126748420,0,0,0
SA207,20220218,20220218,133432500,13:34:32,2889,2237,12558,126748420,0,0,0
SA207,20220218,20220218,133433000,13:34:33,2889,2237,12558,126748420,0,0,0
SA207,20220218,20220218,133433500,13:34:34,2889,2237,12558,126748420,0,0,0
SA207,20220218,20220218,133434000,13:34:34,2889,2237,12558,126748420,0,0,0
SA207,20220218,20220218,133434500,13:34:35,2889,2237,12558,126748420,0,0,0
SA207,20220218,20220218,133435000,13:34:35,2889,2237,12558,126748420,0,0,0
SA207,20220218,20220218,133435500,13:34:36,2889,2237,12558,126748420,0,0,0
SA207,20220218,20220218,133436000,13:34:36,2889,2237,12558,126748420,0,0,0
SA207,20220218,20220218,133436500,13:34:36,2889,2237,12558,126748420,0,0,0
SA207,20220218,20220218,133437000,13:34:37,2889,2237,12558,126748420,0,0,0
SA207,20220218,20220218,133437500,13:34:38,2889,2237,12558,126748420,0,0,0
SA207,20220218,20220218,133438000,13:34:38,2889,2237,12558,126748420,0,0,0
SA207,20220218,20220218,133440500,13:34:41,2889,2237,12558,126748420,0,0,0
SA207,20220218,20220218,133441000,13:34:41,2889,2237,12558,126748420,0,0,0
SA207,20220218,20220218,133441500,13:34:43,2889,2237,12558,126748420,0,0,0
SA207,20220218,20220218,133442000,13:34:44,2889,2237,12558,126748420,0,0,0
SA207,20220218,20220218,133444500,13:34:46,2889,2237,12558,126748420,0,0,0
SA207,20220218,20220218,133445000,13:34:46,2889,2237,12558,126748420,0,0,0
SA207,20220218,20220218,133445500,13:34:46,2889,2237,12558,126748420,0,0,0
SA207,20220218,20220218,133449000,13:34:49,2889,2237,12558,126748420,0,0,0
SA207,20220218,20220218,133449500,13:34:49,2889,2237,12558,126748420,0,0,0
SA207,20220218,20220218,133450000,13:34:51,2889,2237,12558,126748420,0,0,0
SA207,20220218,20220218,133451000,13:34:51,2889,2237,12558,126748420,0,0,0
SA207,20220218,20220218,133451500,13:34:52,2889,2237,12558,126748420,0,0,0
SA207,20220218,20220218,133454500,13:34:56,2889,2237,12558,126748420,0,0,0
SA207,20220218,20220218,133455000,13:34:56,2889,2237,12558,126748420,0,0,0
SA207,20220218,20220218,133456500,13:34:57,2889,2237,12558,126748420,0,0,0
SA207,20220218,20220218,133458000,13:34:58,2889,2237,12558,126748420,0,0,0
SA207,20220218,20220218,133458500,13:34:59,2889,2237,12558,126748420,0,0,0
SA207,20220218,20220218,133459500,13:35:00,2889,2237,12558,126748420,0,0,0
SA207,20220218,20220218,133500000,13:35:00,2889,2237,12558,126748420,0,0,0
SA207,20220218,20220218,133500500,13:35:04,2889,2237,12558,126748420,0,0,0
SA207,20220218,20220218,133501000,13:35:04,2889,2237,12558,126748420,0,0,0
SA207,20220218,20220218,133501500,13:35:10,2889,2237,12558,126748420,0,0,0
SA207,20220218,20220218,133502000,13:35:10,2889,2237,12558,126748420,0,0,0
SA207,20220218,20220218,133504500,13:35:10,2889,2237,12558,126748420,0,0,0
SA207,20220218,20220218,133510000,13:35:10,2889,2237,12558,126748420,0,0,0
SA207,20220218,20220218,133510500,13:35:11,2889,2237,12558,126748420,0,0,0
SA207,20220218,20220218,133511000,13:35:11,2889,2237,12558,126748420,0,0,0
SA207,20220218,20220218,133511500,13:35:12,2889,2237,12558,126748420,0,0,0
SA207,20220218,20220218,133512000,13:35:13,2889,2237,12558,126748420,0,0,0
SA207,20220218,20220218,133512500,13:35:13,2889,2237,12558,126748420,0,0,0
SA207,20220218,20220218,133513000,13:35:13,2889,2237,12558,126748420,0,0,0
SA207,20220218,20220218,133513500,13:35:14,2889,2237,12558,126748420,0,0,0
SA207,20220218,20220218,133514000,13:35:14,2889,2237,12558,126748420,0,0,0
SA207,20220218,20220218,133514500,13:35:15,2889,2237,12558,126748420,0,0,0
SA207,20220218,20220218,133515000,13:35:15,2889,2237,12558,126748420,0,0,0
SA207,20220218,20220218,133515500,13:35:16,2889,2237,12558,126748420,0,0,0
SA207,20220218,20220218,133516000,13:35:16,2889,2237,12558,126748420,0,0,0
SA207,20220218,20220218,133518000,13:35:19,2889,2237,12558,126748420,0,0,0
SA207,20220218,20220218,133518500,13:35:19,2889,2237,12558,126748420,0,0,0
SA207,20220218,20220218,133519000,13:35:19,2889,2237,12558,126748420,0,0,0
SA207,20220218,20220218,133521000,13:35:22,2889,2237,12558,126748420,0,0,0
SA207,20220218,20220218,133521500,13:35:22,2889,2237,12558,126748420,0,0,0
SA207,20220218,20220218,133522000,13:35:22,2889,2237,12558,126748420,0,0,0
SA207,20220218,20220218,133525500,13:35:26,2889,2237,12558,126748420,0,0,0
SA207,20220218,20220218,133526000,13:35:26,2889,2237,12558,126748420,0,0,0
SA207,20220218,20220218,133526500,13:35:27,2889,2237,12558,126748420,0,0,0
SA207,20220218,20220218,133527000,13:35:31,2889,2237,12558,126748420,0,0,0
SA207,20220218,20220218,133528000,13:35:32,2889,2237,12558,126748420,0,0,0
SA207,20220218,20220218,133531000,13:35:32,2889,2237,12558,126748420,0,0,0
SA207,20220218,20220218,133540000,13:35:43,2889,2237,12558,126748420,0,0,0
SA207,20220218,20220218,133542000,13:35:43,2889,2237,12558,126748420,0,0,0
SA207,20220218,20220218,133542500,13:35:44,2889,2237,12558,126748420,0,0,0
SA207,20220218,20220218,133543500,13:35:44,2889,2237,12558,126748420,0,0,0
SA207,20220218,20220218,133544000,13:35:45,2889,2237,12558,126748420,0,0,0
SA207,20220218,20220218,133544500,13:35:45,2889,2237,12558,126748420,0,0,0
SA207,20220218,20220218,133545000,13:35:46,2889,2237,12558,126748420,0,0,0
SA207,20220218,20220218,133545500,13:35:46,2889,2237,12558,126748420,0,0,0
SA207,20220218,20220218,133549000,13:35:49,2889,2237,12558,126748420,0,0,0
SA207,20220218,20220218,133549500,13:35:49,2889,2237,12558,126748420,0,0,0
SA207,20220218,20220218,133550000,13:35:50,2889,2237,12558,126748420,0,0,0
SA207,20220218,20220218,133550500,13:35:51,2889,2237,12558,126748420,0,0,0
SA207,20220218,20220218,133551000,13:35:51,2889,2237,12558,126748420,0,0,0
SA207,20220218,20220218,133551500,13:35:52,2889,2237,12558,126748420,0,0,0
SA207,20220218,20220218,133552000,13:35:52,2889,2237,12558,126748420,0,0,0
SA207,20220218,20220218,133552500,13:35:53,2889,2237,12558,126748420,0,0,0
SA207,20220218,20220218,133553000,13:35:53,2889,2237,12558,126748420,0,0,0
SA207,20220218,20220218,133553500,13:35:55,2889,2237,12558,126748420,0,0,0
SA207,20220218,20220218,133554000,13:35:55,2889,2237,12558,126748420,0,0,0
SA207,20220218,20220218,133554500,13:35:56,2889,2237,12558,126748420,0,0,0
SA207,20220218,20220218,133557000,13:35:59,2889,2237,12558,126748420,0,0,0
SA207,20220218,20220218,133557500,13:36:01,2889,2237,12558,126748420,0,0,0
SA207,20220218,20220218,133558000,13:36:01,2889,2237,12558,126748420,0,0,0
SA207,20220218,20220218,133606500,13:36:07,2889,2237,12558,126748420,0,0,0
SA207,20220218,20220218,133607000,13:36:08,2889,2237,12558,126748420,0,0,0
SA207,20220218,20220218,133607500,13:36:08,2889,2237,12558,126748420,0,0,0
SA207,20220218,20220218,133608000,13:36:08,2889,2237,12558,126748420,0,0,0
SA207,20220218,20220218,133608500,13:36:08,2889,2237,12558,126748420,0,0,0
SA207,20220218,20220218,133609000,13:36:09,2889,2237,12558,126748420,0,0,0
SA207,20220218,20220218,133609500,13:36:10,2889,2237,12558,126748420,0,0,0
SA207,20220218,20220218,133610000,13:36:11,2889,2237,12558,126748420,0,0,0
SA207,20220218,20220218,133610500,13:36:11,2889,2237,12558,126748420,0,0,0
SA207,20220218,20220218,133611000,13:36:12,2889,2237,12558,126748420,0,0,0
SA207,20220218,20220218,133611500,13:36:12,2889,2237,12558,126748420,0,0,0
SA207,20220218,20220218,133612000,13:36:12,2889,2237,12558,126748420,0,0,0
SA207,20220218,20220218,133612500,13:36:12,2889,2237,12558,126748420,0,0,0
SA207,20220218,20220218,133614000,13:36:14,2889,2237,12558,126748420,0,0,0
SA207,20220218,20220218,133615500,13:36:15,2889,2237,12558,126748420,0,0,0
SA207,20220218,20220218,133616000,13:36:16,2889,2237,12558,126748420,0,0,0
SA207,20220218,20220218,133616500,13:36:17,2889,2237,12558,126748420,0,0,0
SA207,20220218,20220218,133617000,13:36:18,2889,2237,12558,126748420,0,0,0
SA207,20220218,20220218,133618500,13:36:19,2889,2237,12558,126748420,0,0,0
SA207,20220218,20220218,133619000,13:36:19,2889,2237,12558,126748420,0,0,0
SA207,20220218,20220218,133620000,13:36:20,2882,2239,12557,126906520,2,-1,158100
SA207,20220218,20220218,133620500,13:36:20,2882,2239,12557,126906520,0,0,0
SA207,20220218,20220218,133622000,13:36:22,2882,2239,12557,126906520,0,0,0
SA207,20220218,20220218,133622500,13:36:22,2882,2239,12557,126906520,0,0,0
SA207,20220218,20220218,133623000,13:36:23,2882,2239,12557,126906520,0,0,0
SA207,20220218,20220218,133623500,13:36:23,2882,2239,12557,126906520,0,0,0
SA207,20220218,20220218,133624500,13:36:24,2882,2239,12557,126906520,0,0,0
SA207,20220218,20220218,133625500,13:36:26,2882,2239,12557,126906520,0,0,0
SA207,20220218,20220218,133626000,13:36:26,2882,2239,12557,126906520,0,0,0
SA207,20220218,20220218,133626500,13:36:27,2882,2239,12557,126906520,0,0,0
SA207,20220218,20220218,133627000,13:36:28,2882,2239,12557,126906520,0,0,0
SA207,20220218,20220218,133628000,13:36:28,2882,2239,12557,126906520,0,0,0
SA207,20220218,20220218,133629500,13:36:30,2882,2239,12557,126906520,0,0,0
SA207,20220218,20220218,133630000,13:36:30,2882,2239,12557,126906520,0,0,0
SA207,20220218,20220218,133630500,13:36:31,2882,2239,12557,126906520,0,0,0
SA207,20220218,20220218,133631000,13:36:31,2882,2239,12557,126906520,0,0,0
SA207,20220218,20220218,133631500,13:36:31,2882,2239,12557,126906520,0,0,0
SA207,20220218,20220218,133632000,13:36:32,2882,2239,12557,126906520,0,0,0
SA207,20220218,20220218,133634000,13:36:34,2882,2239,12557,126906520,0,0,0
SA207,20220218,20220218,133634500,13:36:35,2882,2239,12557,126906520,0,0,0
SA207,20220218,20220218,133635000,13:36:36,2882,2239,12557,126906520,0,0,0
SA207,20220218,20220218,133639000,13:36:39,2882,2239,12557,126906520,0,0,0
SA207,20220218,20220218,133639500,13:36:40,2882,2239,12557,126906520,0,0,0
SA207,20220218,20220218,133640000,13:36:40,2882,2239,12557,126906520,0,0,0
SA207,20220218,20220218,133640500,13:36:40,2882,2239,12557,126906520,0,0,0
SA207,20220218,20220218,133642000,13:36:42,2882,2239,12557,126906520,0,0,0
SA207,20220218,20220218,133642500,13:36:43,2882,2239,12557,126906520,0,0,0
SA207,20220218,20220218,133644000,13:36:44,2882,2239,12557,126906520,0,0,0
SA207,20220218,20220218,133644500,13:36:44,2882,2239,12557,126906520,0,0,0
SA207,20220218,20220218,133645000,13:36:45,2882,2239,12557,126906520,0,0,0
SA207,20220218,20220218,133646000,13:36:46,2882,2239,12557,126906520,0,0,0
SA207,20220218,20220218,133646500,13:36:46,2882,2239,12557,126906520,0,0,0
SA207,20220218,20220218,133647000,13:36:47,2882,2239,12557,126906520,0,0,0
SA207,20220218,20220218,133647500,13:36:48,2882,2239,12557,126906520,0,0,0
SA207,20220218,20220218,133648000,13:36:48,2882,2239,12557,126906520,0,0,0
SA207,20220218,20220218,133651500,13:36:52,2882,2239,12557,126906520,0,0,0
SA207,20220218,20220218,133653000,13:36:53,2882,2239,12557,126906520,0,0,0
SA207,20220218,20220218,133653500,13:36:54,2882,2239,12557,126906520,0,0,0
SA207,20220218,20220218,133654000,13:36:54,2882,2239,12557,126906520,0,0,0
SA207,20220218,20220218,133654500,13:36:54,2882,2239,12557,126906520,0,0,0
SA207,20220218,20220218,133701500,13:37:02,2882,2239,12557,126906520,0,0,0
SA207,20220218,20220218,133702000,13:37:02,2882,2239,12557,126906520,0,0,0
SA207,20220218,20220218,133702500,13:37:03,2882,2239,12557,126906520,0,0,0
SA207,20220218,20220218,133703000,13:37:03,2882,2239,12557,126906520,0,0,0
SA207,20220218,20220218,133704000,13:37:04,2882,2239,12557,126906520,0,0,0
SA207,20220218,20220218,133705000,13:37:05,2882,2239,12557,126906520,0,0,0
SA207,20220218,20220218,133705500,13:37:08,2882,2239,12557,126906520,0,0,0
SA207,20220218,20220218,133710500,13:37:11,2882,2239,12557,126906520,0,0,0
SA207,20220218,20220218,133711000,13:37:11,2882,2239,12557,126906520,0,0,0
SA207,20220218,20220218,133711500,13:37:13,2882,2239,12557,126906520,0,0,0
SA207,20220218,20220218,133712000,13:37:13,2882,2239,12557,126906520,0,0,0
SA207,20220218,20220218,133712500,13:37:13,2882,2239,12557,126906520,0,0,0
SA207,20220218,20220218,133715500,13:37:16,2882,2239,12557,126906520,0,0,0
SA207,20220218,20220218,133716000,13:37:16,2882,2239,12557,126906520,0,0,0
SA207,20220218,20220218,133716500,13:37:17,2882,2239,12557,126906520,0,0,0
SA207,20220218,20220218,133717000,13:37:18,2882,2239,12557,126906520,0,0,0
SA207,20220218,20220218,133721000,13:37:21,2882,2239,12557,126906520,0,0,0
SA207,20220218,20220218,133721500,13:37:22,2882,2239,12557,126906520,0,0,0
SA207,20220218,20220218,133723500,13:37:23,2882,2239,12557,126906520,0,0,0
SA207,20220218,20220218,133724000,13:37:24,2882,2239,12557,126906520,0,0,0
SA207,20220218,20220218,133724500,13:37:25,2882,2239,12557,126906520,0,0,0
SA207,20220218,20220218,133725000,13:37:25,2882,2239,12557,126906520,0,0,0
SA207,20220218,20220218,133725500,13:37:26,2882,2239,12557,126906520,0,0,0
SA207,20220218,20220218,133726000,13:37:26,2882,2239,12557,126906520,0,0,0
SA207,20220218,20220218,133726500,13:37:27,2882,2239,12557,126906520,0,0,0
SA207,20220218,20220218,133733000,13:37:33,2882,2239,12557,126906520,0,0,0
SA207,20220218,20220218,133733500,13:37:33,2882,2239,12557,126906520,0,0,0
SA207,20220218,20220218,133734000,13:37:34,2882,2239,12557,126906520,0,0,0
SA207,20220218,20220218,133734500,13:37:34,2882,2239,12557,126906520,0,0,0
SA207,20220218,20220218,133735000,13:37:35,2882,2239,12557,126906520,0,0,0
SA207,20220218,20220218,133735500,13:37:36,2882,2239,12557,126906520,0,0,0
SA207,20220218,20220218,133736000,13:37:36,2882,2239,12557,126906520,0,0,0
SA207,20220218,20220218,133736500,13:37:37,2882,2239,12557,126906520,0,0,0
SA207,20220218,20220218,133737000,13:37:37,2882,2239,12557,126906520,0,0,0
SA207,20220218,20220218,133738000,13:37:38,2882,2239,12557,126906520,0,0,0
SA207,20220218,20220218,133743500,13:37:44,2882,2239,12557,126906520,0,0,0
SA207,20220218,20220218,133744000,13:37:45,2882,2239,12557,126906520,0,0,0
SA207,20220218,20220218,133744500,13:37:45,2882,2239,12557,126906520,0,0,0
SA207,20220218,20220218,133745000,13:37:45,2882,2239,12557,126906520,0,0,0
SA207,20220218,20220218,133745500,13:37:45,2882,2239,12557,126906520,0,0,0
SA207,20220218,20220218,133746000,13:37:46,2882,2239,12557,126906520,0,0,0
SA207,20220218,20220218,133747000,13:37:47,2882,2239,12557,126906520,0,0,0
SA207,20220218,20220218,133747500,13:37:48,2882,2239,12557,126906520,0,0,0
SA207,20220218,20220218,133748000,13:37:48,2882,2239,12557,126906520,0,0,0
SA207,20220218,20220218,133748500,13:37:49,2882,2239,12557,126906520,0,0,0
SA207,20220218,20220218,133749000,13:37:49,2882,2239,12557,126906520,0,0,0
SA207,20220218,20220218,133749500,13:37:49,2882,2239,12557,126906520,0,0,0
SA207,20220218,20220218,133750500,13:37:51,2882,2239,12557,126906520,0,0,0
SA207,20220218,20220218,133751000,13:37:51,2882,2239,12557,126906520,0,0,0
SA207,20220218,20220218,133751500,13:37:53,2882,2239,12557,126906520,0,0,0
SA207,20220218,20220218,133801000,13:38:03,2882,2239,12557,126906520,0,0,0
SA207,20220218,20220218,133802000,13:38:03,2882,2239,12557,126906520,0,0,0
SA207,20220218,20220218,133806500,13:38:09,2882,2239,12557,126906520,0,0,0
SA207,20220218,20220218,133809000,13:38:09,2882,2239,12557,126906520,0,0,0
SA207,20220218,20220218,133809500,13:38:10,2882,2239,12557,126906520,0,0,0
SA207,20220218,20220218,133810000,13:38:10,2882,2239,12557,126906520,0,0,0
SA207,20220218,20220218,133810500,13:38:10,2882,2239,12557,126906520,0,0,0
SA207,20220218,20220218,133811000,13:38:14,2882,2239,12557,126906520,0,0,0
SA207,20220218,20220218,133817500,13:38:18,2882,2239,12557,126906520,0,0,0
SA207,20220218,20220218,133818000,13:38:18,2882,2239,12557,126906520,0,0,0
SA207,20220218,20220218,133818500,13:38:19,2882,2239,12557,126906520,0,0,0
SA207,20220218,20220218,133819000,13:38:19,2882,2239,12557,126906520,0,0,0
SA207,20220218,20220218,133821000,13:38:22,2882,2239,12557,126906520,0,0,0
SA207,20220218,20220218,133821500,13:38:23,2882,2239,12557,126906520,0,0,0
SA207,20220218,20220218,133824000,13:38:24,2882,2239,12557,126906520,0,0,0
SA207,20220218,20220218,133824500,13:38:41,2882,2239,12557,126906520,0,0,0
SA207,20220218,20220218,133825000,13:38:41,2882,2239,12557,126906520,0,0,0
SA207,20220218,20220218,133825500,13:38:42,2882,2239,12557,126906520,0,0,0
SA207,20220218,20220218,133840500,13:38:42,2882,2239,12557,126906520,0,0,0
SA207,20220218,20220218,133841000,13:38:43,2882,2239,12557,126906520,0,0,0
SA207,20220218,20220218,133841500,13:38:43,2882,2239,12557,126906520,0,0,0
SA207,20220218,20220218,133842000,13:38:43,2882,2239,12557,126906520,0,0,0
SA207,20220218,20220218,133842500,13:38:43,2882,2239,12557,126906520,0,0,0
SA207,20220218,20220218,133843500,13:38:44,2882,2239,12557,126906520,0,0,0
SA207,20220218,20220218,133848000,13:38:48,2882,2239,12557,126906520,0,0,0
SA207,20220218,20220218,133850000,13:38:50,2882,2239,12557,126906520,0,0,0
SA207,20220218,20220218,133857000,13:38:57,2882,2239,12557,126906520,0,0,0
SA207,20220218,20220218,133859500,13:38:59,2882,2239,12557,126906520,0,0,0
SA207,20220218,20220218,133901000,13:39:01,2882,2239,12557,126906520,0,0,0
SA207,20220218,20220218,133908500,13:39:08,2882,2239,12557,126906520,0,0,0
SA207,20220218,20220218,133910000,13:39:10,2882,2239,12557,126906520,0,0,0
SA207,20220218,20220218,133911500,13:39:11,2882,2239,12557,126906520,0,0,0
SA207,20220218,20220218,133913500,13:39:14,2882,2239,12557,126906520,0,0,0
SA207,20220218,20220218,133914000,13:39:15,2882,2239,12557,126906520,0,0,0
SA207,20220218,20220218,133914500,13:39:18,2894,2246,12560,127303280,7,3,396760
SA207,20220218,20220218,133915500,13:39:19,2894,2246,12560,127303280,0,0,0
SA207,20220218,20220218,133918500,13:39:19,2894,2246,12560,127303280,0,0,0
SA207,20220218,20220218,133919000,13:39:19,2894,2246,12560,127303280,0,0,0
SA207,20220218,20220218,133920000,13:39:20,2892,2248,12558,127416640,2,-2,113360
SA207,20220218,20220218,133921500,13:39:21,2892,2248,12558,127416640,0,0,0
SA207,20220218,20220218,133922500,13:39:23,2892,2248,12558,127416640,0,0,0
SA207,20220218,20220218,133924000,13:39:24,2892,2248,12558,127416640,0,0,0
SA207,20220218,20220218,133924500,13:39:24,2892,2248,12558,127416640,0,0,0
SA207,20220218,20220218,133925000,13:39:25,2892,2248,12558,127416640,0,0,0
SA207,20220218,20220218,133926000,13:39:26,2892,2248,12558,127416640,0,0,0
SA207,20220218,20220218,133928000,13:39:28,2892,2248,12558,127416640,0,0,0
SA207,20220218,20220218,133929000,13:39:29,2892,2248,12558,127416640,0,0,0
SA207,20220218,20220218,133931000,13:39:31,2892,2248,12558,127416640,0,0,0
SA207,20220218,20220218,133932500,13:39:33,2892,2248,12558,127416640,0,0,0
SA207,20220218,20220218,133933500,13:39:33,2892,2248,12558,127416640,0,0,0
SA207,20220218,20220218,133934500,13:39:34,2890,2253,12553,127700040,5,-5,283400
SA207,20220218,20220218,133936000,13:39:36,2890,2253,12553,127700040,0,0,0
SA207,20220218,20220218,133937000,13:39:37,2890,2253,12553,127700040,0,0,0
SA207,20220218,20220218,133938000,13:39:38,2890,2253,12553,127700040,0,0,0
SA207,20220218,20220218,133938500,13:39:38,2890,2253,12553,127700040,0,0,0
SA207,20220218,20220218,133939500,13:39:40,2890,2253,12553,127700040,0,0,0
SA207,20220218,20220218,133940000,13:39:41,2890,2253,12553,127700040,0,0,0
SA207,20220218,20220218,133941000,13:39:41,2890,2253,12553,127700040,0,0,0
SA207,20220218,20220218,133943500,13:39:43,2890,2253,12553,127700040,0,0,0
SA207,20220218,20220218,133944500,13:39:45,2890,2253,12553,127700040,0,0,0
SA207,20220218,20220218,133945000,13:39:45,2890,2253,12553,127700040,0,0,0
SA207,20220218,20220218,133945500,13:39:46,2890,2253,12553,127700040,0,0,0
SA207,20220218,20220218,133946000,13:39:47,2890,2253,12553,127700040,0,0,0
SA207,20220218,20220218,133946500,13:39:47,2890,2253,12553,127700040,0,0,0
SA207,20220218,20220218,133949000,13:39:49,2890,2253,12553,127700040,0,0,0
SA207,20220218,20220218,133949500,13:39:50,2890,2253,12553,127700040,0,0,0
SA207,20220218,20220218,133954000,13:39:55,2890,2253,12553,127700040,0,0,0
SA207,20220218,20220218,133954500,13:39:55,2890,2253,12553,127700040,0,0,0
SA207,20220218,20220218,133955000,13:39:55,2890,2253,12553,127700040,0,0,0
SA207,20220218,20220218,133955500,13:39:56,2890,2253,12553,127700040,0,0,0
SA207,20220218,20220218,133956000,13:39:56,2890,2253,12553,127700040,0,0,0
SA207,20220218,20220218,133958000,13:40:13,2890,2253,12553,127700040,0,0,0
SA207,20220218,20220218,134012500,13:40:13,2890,2253,12553,127700040,0,0,0
SA207,20220218,20220218,134014500,13:40:16,2890,2253,12553,127700040,0,0,0
SA207,20220218,20220218,134015000,13:40:16,2890,2253,12553,127700040,0,0,0
SA207,20220218,20220218,134015500,13:40:16,2890,2253,12553,127700040,0,0,0
SA207,20220218,20220218,134016500,13:40:17,2890,2253,12553,127700040,0,0,0
SA207,20220218,20220218,134017000,13:40:17,2890,2253,12553,127700040,0,0,0
SA207,20220218,20220218,134017500,13:40:18,2890,2253,12553,127700040,0,0,0
SA207,20220218,20220218,134019000,13:40:19,2890,2253,12553,127700040,0,0,0
SA207,20220218,20220218,134019500,13:40:20,2890,2253,12553,127700040,0,0,0
SA207,20220218,20220218,134020000,13:40:20,2890,2253,12553,127700040,0,0,0
SA207,20220218,20220218,134020500,13:40:21,2890,2253,12553,127700040,0,0,0
SA207,20220218,20220218,134021000,13:40:21,2890,2253,12553,127700040,0,0,0
SA207,20220218,20220218,134022000,13:40:22,2890,2253,12553,127700040,0,0,0
SA207,20220218,20220218,134022500,13:40:23,2890,2253,12553,127700040,0,0,0
SA207,20220218,20220218,134023000,13:40:23,2890,2253,12553,127700040,0,0,0
SA207,20220218,20220218,134023500,13:40:24,2890,2253,12553,127700040,0,0,0
SA207,20220218,20220218,134024500,13:40:25,2890,2253,12553,127700040,0,0,0
SA207,20220218,20220218,134025000,13:40:25,2890,2253,12553,127700040,0,0,0
SA207,20220218,20220218,134027000,13:40:27,2890,2253,12553,127700040,0,0,0
SA207,20220218,20220218,134027500,13:40:28,2890,2253,12553,127700040,0,0,0
SA207,20220218,20220218,134028000,13:40:28,2890,2253,12553,127700040,0,0,0
SA207,20220218,20220218,134029500,13:40:30,2890,2253,12553,127700040,0,0,0
SA207,20220218,20220218,134030000,13:40:30,2890,2253,12553,127700040,0,0,0
SA207,20220218,20220218,134030500,13:40:31,2890,2253,12553,127700040,0,0,0
SA207,20220218,20220218,134031000,13:40:31,2890,2253,12553,127700040,0,0,0
SA207,20220218,20220218,134031500,13:40:32,2890,2253,12553,127700040,0,0,0
SA207,20220218,20220218,134032000,13:40:32,2890,2253,12553,127700040,0,0,0
SA207,20220218,20220218,134032500,13:40:32,2890,2253,12553,127700040,0,0,0
SA207,20220218,20220218,134033000,13:40:33,2890,2253,12553,127700040,0,0,0
SA207,20220218,20220218,134033500,13:40:34,2890,2253,12553,127700040,0,0,0
SA207,20220218,20220218,134034500,13:40:35,2890,2253,12553,127700040,0,0,0
SA207,20220218,20220218,134035000,13:40:35,2890,2253,12553,127700040,0,0,0
SA207,20220218,20220218,134038000,13:40:38,2890,2253,12553,127700040,0,0,0
SA207,20220218,20220218,134038500,13:40:38,2890,2253,12553,127700040,0,0,0
SA207,20220218,20220218,134039000,13:40:40,2890,2253,12553,127700040,0,0,0
SA207,20220218,20220218,134039500,13:40:40,2890,2253,12553,127700040,0,0,0
SA207,20220218,20220218,134041000,13:40:42,2890,2253,12553,127700040,0,0,0
SA207,20220218,20220218,134042500,13:40:43,2890,2253,12553,127700040,0,0,0
SA207,20220218,20220218,134043500,13:40:44,2890,2253,12553,127700040,0,0,0
SA207,20220218,20220218,134044000,13:40:44,2890,2253,12553,127700040,0,0,0
SA207,20220218,20220218,134045500,13:40:46,2890,2253,12553,127700040,0,0,0
SA207,20220218,20220218,134046500,13:40:46,2890,2253,12553,127700040,0,0,0
SA207,20220218,20220218,134048500,13:40:48,2890,2253,12553,127700040,0,0,0
SA207,20220218,20220218,134049000,13:40:49,2890,2253,12553,127700040,0,0,0
SA207,20220218,20220218,134052000,13:40:55,2890,2253,12553,127700040,0,0,0
SA207,20220218,20220218,134054500,13:40:55,2890,2253,12553,127700040,0,0,0
SA207,20220218,20220218,134055500,13:40:57,2890,2253,12553,127700040,0,0,0
SA207,20220218,20220218,134056000,13:40:58,2890,2253,12553,127700040,0,0,0
SA207,20220218,20220218,134058000,13:40:59,2890,2253,12553,127700040,0,0,0
SA207,20220218,20220218,134059000,13:40:59,2890,2253,12553,127700040,0,0,0
SA207,20220218,20220218,134059500,13:41:00,2890,2253,12553,127700040,0,0,0
SA207,20220218,20220218,134100000,13:41:00,2890,2253,12553,127700040,0,0,0
SA207,20220218,20220218,134107000,13:41:09,2890,2253,12553,127700040,0,0,0
SA207,20220218,20220218,134107500,13:41:09,2890,2253,12553,127700040,0,0,0
SA207,20220218,20220218,134108000,13:41:09,2890,2253,12553,127700040,0,0,0
SA207,20220218,20220218,134109000,13:41:10,2890,2253,12553,127700040,0,0,0
SA207,20220218,20220218,134109500,13:41:10,2890,2253,12553,127700040,0,0,0
SA207,20220218,20220218,134110000,13:41:10,2890,2253,12553,127700040,0,0,0
SA207,20220218,20220218,134110500,13:41:10,2890,2253,12553,127700040,0,0,0
SA207,20220218,20220218,134111000,13:41:11,2890,2253,12553,127700040,0,0,0
SA207,20220218,20220218,134111500,13:41:12,2890,2253,12553,127700040,0,0,0
SA207,20220218,20220218,134112000,13:41:12,2890,2253,12553,127700040,0,0,0
SA207,20220218,20220218,134113000,13:41:13,2890,2253,12553,127700040,0,0,0
SA207,20220218,20220218,134114000,13:41:15,2890,2253,12553,127700040,0,0,0
SA207,20220218,20220218,134114500,13:41:16,2890,2253,12553,127700040,0,0,0
SA207,20220218,20220218,134115500,13:41:16,2890,2253,12553,127700040,0,0,0
SA207,20220218,20220218,134116500,13:41:17,2890,2253,12553,127700040,0,0,0
SA207,20220218,20220218,134117000,13:41:17,2890,2253,12553,127700040,0,0,0
SA207,20220218,20220218,134119500,13:41:20,2890,2253,12553,127700040,0,0,0
SA207,20220218,20220218,134120000,13:41:22,2890,2253,12553,127700040,0,0,0
SA207,20220218,20220218,134120500,13:41:23,2890,2253,12553,127700040,0,0,0
SA207,20220218,20220218,134121000,13:41:23,2890,2253,12553,127700040,0,0,0
SA207,20220218,20220218,134121500,13:41:24,2890,2253,12553,127700040,0,0,0
SA207,20220218,20220218,134123000,13:41:24,2890,2253,12553,127700040,0,0,0
SA207,20220218,20220218,134124000,13:41:24,2890,2253,12553,127700040,0,0,0
SA207,20220218,20220218,134125000,13:41:27,2890,2253,12553,127700040,0,0,0
SA207,20220218,20220218,134125500,13:41:27,2890,2253,12553,127700040,0,0,0
SA207,20220218,20220218,134128000,13:41:28,2890,2253,12553,127700040,0,0,0
SA207,20220218,20220218,134128500,13:41:29,2890,2253,12553,127700040,0,0,0
SA207,20220218,20220218,134129000,13:41:29,2890,2253,12553,127700040,0,0,0
SA207,20220218,20220218,134129500,13:41:30,2890,2253,12553,127700040,0,0,0
SA207,20220218,20220218,134130000,13:41:30,2897,2358,12598,133792920,105,45,6092880
SA207,20220218,20220218,134130500,13:41:31,2899,2359,12597,133849660,1,-1,56740
SA207,20220218,20220218,134131000,13:41:31,2902,2361,12595,133963140,2,-2,113480
SA207,20220218,20220218,134131500,13:41:32,2902,2361,12595,133963140,0,0,0
SA207,20220218,20220218,134132000,13:41:33,2902,2361,12595,133963140,0,0,0
SA207,20220218,20220218,134132500,13:41:33,2902,2361,12595,133963140,0,0,0
SA207,20220218,20220218,134133000,13:41:33,2902,2361,12595,133963140,0,0,0
SA207,20220218,20220218,134133500,13:41:34,2901,2362,12595,134019880,1,0,56740
SA207,20220218,20220218,134134000,13:41:34,2901,2363,12595,134076620,1,0,56740
SA207,20220218,20220218,134134500,13:41:34,2901,2363,12595,134076620,0,0,0
SA207,20220218,20220218,134136000,13:41:39,2901,2363,12595,134076620,0,0,0
SA207,20220218,20220218,134139500,13:41:41,2901,2363,12595,134076620,0,0,0
SA207,20220218,20220218,134140000,13:41:42,2901,2363,12595,134076620,0,0,0
SA207,20220218,20220218,134140500,13:41:42,2901,2363,12595,134076620,0,0,0
SA207,20220218,20220218,134141000,13:41:42,2901,2363,12595,134076620,0,0,0
SA207,20220218,20220218,134142500,13:41:42,2901,2363,12595,134076620,0,0,0
SA207,20220218,20220218,134143000,13:41:44,2901,2363,12595,134076620,0,0,0
SA207,20220218,20220218,134144500,13:41:45,2901,2363,12595,134076620,0,0,0
SA207,20220218,20220218,134145500,13:41:45,2901,2363,12595,134076620,0,0,0
SA207,20220218,20220218,134146000,13:41:47,2901,2363,12595,134076620,0,0,0
SA207,20220218,20220218,134147500,13:41:48,2901,2363,12595,134076620,0,0,0
SA207,20220218,20220218,134148000,13:41:48,2901,2363,12595,134076620,0,0,0
SA207,20220218,20220218,134148500,13:41:49,2901,2363,12595,134076620,0,0,0
SA207,20220218,20220218,134149000,13:41:49,2901,2363,12595,134076620,0,0,0
SA207,20220218,20220218,134149500,13:41:50,2901,2363,12595,134076620,0,0,0
SA207,20220218,20220218,134150000,13:41:50,2901,2363,12595,134076620,0,0,0
SA207,20220218,20220218,134150500,13:41:51,2901,2363,12595,134076620,0,0,0
SA207,20220218,20220218,134151000,13:41:51,2901,2363,12595,134076620,0,0,0
SA207,20220218,20220218,134151500,13:41:52,2901,2363,12595,134076620,0,0,0
SA207,20220218,20220218,134152000,13:41:52,2901,2363,12595,134076620,0,0,0
SA207,20220218,20220218,134152500,13:41:53,2901,2363,12595,134076620,0,0,0
SA207,20220218,20220218,134210000,13:42:12,2901,2363,12595,134076620,0,0,0
SA207,20220218,20220218,134211000,13:42:12,2901,2363,12595,134076620,0,0,0
SA207,20220218,20220218,134211500,13:42:12,2902,2369,12594,134417060,6,-1,340440
SA207,20220218,20220218,134212000,13:42:13,2902,2369,12594,134417060,0,0,0
SA207,20220218,20220218,134212500,13:42:13,2902,2369,12594,134417060,0,0,0
SA207,20220218,20220218,134213500,13:42:14,2902,2369,12594,134417060,0,0,0
SA207,20220218,20220218,134214000,13:42:14,2902,2369,12594,134417060,0,0,0
SA207,20220218,20220218,134214500,13:42:15,2902,2369,12594,134417060,0,0,0
SA207,20220218,20220218,134215000,13:42:15,2902,2369,12594,134417060,0,0,0
SA207,20220218,20220218,134215500,13:42:16,2902,2369,12594,134417060,0,0,0
SA207,20220218,20220218,134217000,13:42:19,2902,2369,12594,134417060,0,0,0
SA207,20220218,20220218,134217500,13:42:20,2902,2369,12594,134417060,0,0,0
SA207,20220218,20220218,134218000,13:42:20,2902,2369,12594,134417060,0,0,0
SA207,20220218,20220218,134219500,13:42:20,2902,2369,12594,134417060,0,0,0
SA207,20220218,20220218,134221000,13:42:21,2901,2374,12597,134700760,5,3,283700
SA207,20220218,20220218,134221500,13:42:22,2901,2374,12597,134700760,0,0,0
SA207,20220218,20220218,134222000,13:42:22,2901,2374,12597,134700760,0,0,0
SA207,20220218,20220218,134222500,13:42:22,2901,2374,12597,134700760,0,0,0
SA207,20220218,20220218,134223000,13:42:24,2901,2374,12597,134700760,0,0,0
SA207,20220218,20220218,134225000,13:42:25,2902,2384,12602,135268160,10,5,567400
SA207,20220218,20220218,134225500,13:42:26,2899,2387,12601,135438380,3,-1,170220
SA207,20220218,20220218,134226000,13:42:27,2899,2388,12600,135495120,1,-1,56740
SA207,20220218,20220218,134226500,13:42:28,2899,2388,12600,135495120,0,0,0
SA207,20220218,20220218,134227000,13:42:28,2899,2388,12600,135495120,0,0,0
SA207,20220218,20220218,134227500,13:42:29,2899,2388,12600,135495120,0,0,0
SA207,20220218,20220218,134228000,13:42:29,2899,2388,12600,135495120,0,0,0
SA207,20220218,20220218,134241000,13:42:41,2899,2388,12600,135495120,0,0,0
SA207,20220218,20220218,134245500,13:42:45,2899,2388,12600,135495120,0,0,0
SA207,20220218,20220218,134249000,13:42:49,2900,2398,12603,136110480,10,3,615360
SA207,20220218,20220218,134254500,13:42:54,2900,2398,12603,136110480,0,0,0
SA207,20220218,20220218,134255500,13:42:55,2900,2398,12603,136110480,0,0,0
SA207,20220218,20220218,134257000,13:42:59,2900,2398,12603,136110480,0,0,0
SA207,20220218,20220218,134257500,13:42:59,2900,2398,12603,136110480,0,0,0
SA207,20220218,20220218,134259000,13:42:59,2900,2398,12603,136110480,0,0,0
SA207,20220218,20220218,134300000,13:43:02,2900,2398,12603,136110480,0,0,0
SA207,20220218,20220218,134300500,13:43:02,2900,2398,12603,136110480,0,0,0
SA207,20220218,20220218,134301000,13:43:02,2900,2398,12603,136110480,0,0,0
SA207,20220218,20220218,134301500,13:43:02,2900,2398,12603,136110480,0,0,0
SA207,20220218,20220218,134303000,13:43:05,2900,2398,12603,136110480,0,0,0
SA207,20220218,20220218,134303500,13:43:11,2900,2398,12603,136110480,0,0,0
SA207,20220218,20220218,134304000,13:43:11,2900,2398,12603,136110480,0,0,0
SA207,20220218,20220218,134310500,13:43:12,2900,2398,12603,136110480,0,0,0
SA207,20220218,20220218,134314000,13:43:14,2900,2398,12603,136110480,0,0,0
SA207,20220218,20220218,134314500,13:43:15,2900,2398,12603,136110480,0,0,0
SA207,20220218,20220218,134315500,13:43:15,2900,2398,12603,136110480,0,0,0
SA207,20220218,20220218,134316500,13:43:17,2900,2398,12603,136110480,0,0,0
SA207,20220218,20220218,134317000,13:43:17,2900,2398,12603,136110480,0,0,0
SA207,20220218,20220218,134318000,13:43:18,2900,2398,12603,136110480,0,0,0
SA207,20220218,20220218,134319500,13:43:20,2900,2398,12603,136110480,0,0,0
SA207,20220218,20220218,134321000,13:43:21,2900,2398,12603,136110480,0,0,0
SA207,20220218,20220218,134326000,13:43:26,2900,2398,12603,136110480,0,0,0
SA207,20220218,20220218,134327500,13:43:28,2900,2398,12603,136110480,0,0,0
SA207,20220218,20220218,134331500,13:43:31,2900,2398,12603,136110480,0,0,0
SA207,20220218,20220218,134332000,13:43:32,2900,2398,12603,136110480,0,0,0
SA207,20220218,20220218,134332500,13:43:33,2900,2398,12603,136110480,0,0,0
SA207,20220218,20220218,134334500,13:43:35,2900,2398,12603,136110480,0,0,0
SA207,20220218,20220218,134354500,13:44:04,2900,2398,12603,136110480,0,0,0
SA207,20220218,20220218,134356500,13:44:04,2900,2398,12603,136110480,0,0,0
SA207,20220218,20220218,134403500,13:44:04,2900,2398,12603,136110480,0,0,0
SA207,20220218,20220218,134407500,13:44:08,2900,2398,12603,136110480,0,0,0
SA207,20220218,20220218,134408000,13:44:08,2900,2398,12603,136110480,0,0,0
SA207,20220218,20220218,134408500,13:44:09,2900,2398,12603,136110480,0,0,0
SA207,20220218,20220218,134409000,13:44:17,2900,2398,12603,136110480,0,0,0
SA207,20220218,20220218,134409500,13:44:17,2900,2398,12603,136110480,0,0,0
SA207,20220218,20220218,134410000,13:44:17,2900,2398,12603,136110480,0,0,0
SA207,20220218,20220218,134410500,13:44:17,2900,2398,12603,136110480,0,0,0
SA207,20220218,20220218,134415500,13:44:17,2900,2398,12603,136110480,0,0,0
SA207,20220218,20220218,134418500,13:44:19,2900,2398,12603,136110480,0,0,0
SA207,20220218,20220218,134419000,13:44:23,2900,2398,12603,136110480,0,0,0
SA207,20220218,20220218,134423000,13:44:23,2900,2398,12603,136110480,0,0,0
SA207,20220218,20220218,134424500,13:44:25,2900,2398,12603,136110480,0,0,0
SA207,20220218,20220218,134425000,13:44:25,2900,2398,12603,136110480,0,0,0
SA207,20220218,20220218,134425500,13:44:25,2900,2398,12603,136110480,0,0,0
SA207,20220218,20220218,134427500,13:44:28,2900,2398,12603,136110480,0,0,0
SA207,20220218,20220218,134436000,13:44:37,2900,2398,12603,136110480,0,0,0
SA207,20220218,20220218,134439000,13:44:39,2900,2398,12603,136110480,0,0,0
SA207,20220218,20220218,134439500,13:44:39,2900,2398,12603,136110480,0,0,0
SA207,20220218,20220218,134440500,13:44:40,2900,2398,12603,136110480,0,0,0
SA207,20220218,20220218,134441000,13:44:41,2900,2398,12603,136110480,0,0,0
SA207,20220218,20220218,134441500,13:44:42,2900,2398,12603,136110480,0,0,0
SA207,20220218,20220218,134442000,13:44:42,2902,2399,12603,136167240,1,0,56760
SA207,20220218,20220218,134442500,13:44:43,2902,2399,12603,136167240,0,0,0
SA207,20220218,20220218,134444000,13:44:44,2902,2400,12604,136224000,1,1,56760
SA207,20220218,20220218,134444500,13:44:45,2902,2400,12604,136224000,0,0,0
SA207,20220218,20220218,134445000,13:44:45,2902,2400,12604,136224000,0,0,0
SA207,20220218,20220218,134446000,13:44:46,2902,2400,12604,136224000,0,0,0
SA207,20220218,20220218,134447000,13:44:47,2902,2400,12604,136224000,0,0,0
SA207,20220218,20220218,134449500,13:44:50,2902,2400,12604,136224000,0,0,0
SA207,20220218,20220218,134450500,13:44:50,2902,2400,12604,136224000,0,0,0
SA207,20220218,20220218,134451000,13:44:51,2902,2400,12604,136224000,0,0,0
SA207,20220218,20220218,134451500,13:44:53,2902,2400,12604,136224000,0,0,0
SA207,20220218,20220218,134455500,13:44:56,2902,2400,12604,136224000,0,0,0
SA207,20220218,20220218,134456000,13:44:56,2902,2400,12604,136224000,0,0,0
SA207,20220218,20220218,134456500,13:44:56,2902,2400,12604,136224000,0,0,0
SA207,20220218,20220218,134457000,13:44:57,2902,2400,12604,136224000,0,0,0
SA207,20220218,20220218,134457500,13:44:57,2902,2400,12604,136224000,0,0,0
SA207,20220218,20220218,134458000,13:44:58,2902,2400,12604,136224000,0,0,0
SA207,20220218,20220218,134458500,13:44:59,2902,2400,12604,136224000,0,0,0
SA207,20220218,20220218,134459000,13:44:59,2902,2400,12604,136224000,0,0,0
SA207,20220218,20220218,134501000,13:45:01,2902,2400,12604,136224000,0,0,0
SA207,20220218,20220218,134501500,13:45:02,2902,2400,12604,136224000,0,0,0
SA207,20220218,20220218,134502000,13:45:02,2902,2400,12604,136224000,0,0,0
SA207,20220218,20220218,134503500,13:45:06,2902,2400,12604,136224000,0,0,0
SA207,20220218,20220218,134504000,13:45:08,2902,2400,12604,136224000,0,0,0
SA207,20220218,20220218,134506500,13:45:09,2902,2400,12604,136224000,0,0,0
SA207,20220218,20220218,134509500,13:45:10,2902,2400,12604,136224000,0,0,0
SA207,20220218,20220218,134510000,13:45:10,2902,2400,12604,136224000,0,0,0
SA207,20220218,20220218,134511000,13:45:11,2902,2400,12604,136224000,0,0,0
SA207,20220218,20220218,134511500,13:45:11,2902,2400,12604,136224000,0,0,0
SA207,20220218,20220218,134513000,13:45:14,2902,2400,12604,136224000,0,0,0
SA207,20220218,20220218,134513500,13:45:15,2902,2400,12604,136224000,0,0,0
SA207,20220218,20220218,134514000,13:45:15,2898,2401,12604,136280760,1,0,56760
SA207,20220218,20220218,134514500,13:45:16,2898,2401,12604,136280760,0,0,0
SA207,20220218,20220218,134515000,13:45:17,2898,2401,12604,136280760,0,0,0
SA207,20220218,20220218,134519500,13:45:22,2898,2401,12604,136280760,0,0,0
SA207,20220218,20220218,134522500,13:45:24,2898,2406,12604,136564560,5,0,283800
SA207,20220218,20220218,134523500,13:45:24,2898,2407,12603,136621320,1,-1,56760
SA207,20220218,20220218,134524000,13:45:24,2898,2407,12603,136621320,0,0,0
SA207,20220218,20220218,134533000,13:45:33,2898,2408,12602,136678080,1,-1,56760
SA207,20220218,20220218,134546000,13:45:47,2898,2409,12602,136734840,1,0,56760
SA207,20220218,20220218,134546500,13:45:47,2898,2409,12602,136734840,0,0,0
SA207,20220218,20220218,134547500,13:45:47,2898,2410,12601,136791600,1,-1,56760
SA207,20220218,20220218,134548000,13:45:48,2898,2410,12601,136791600,0,0,0
SA207,20220218,20220218,134548500,13:45:49,2898,2410,12601,136791600,0,0,0
SA207,20220218,20220218,134549000,13:45:49,2898,2410,12601,136791600,0,0,0
SA207,20220218,20220218,134549500,13:45:53,2898,2410,12601,136791600,0,0,0
SA207,20220218,20220218,134550000,13:45:53,2898,2410,12601,136791600,0,0,0
SA207,20220218,20220218,134550500,13:45:54,2898,2410,12601,136791600,0,0,0
SA207,20220218,20220218,134553500,13:45:54,2898,2410,12601,136791600,0,0,0
SA207,20220218,20220218,134554000,13:45:55,2898,2410,12601,136791600,0,0,0
SA207,20220218,20220218,134554500,13:45:55,2898,2410,12601,136791600,0,0,0
SA207,20220218,20220218,134555000,13:45:56,2898,2428,12593,137813280,18,-8,1021680
SA207,20220218,20220218,134555500,13:45:57,2898,2428,12593,137813280,0,0,0
SA207,20220218,20220218,134556000,13:46:00,2898,2428,12593,137813280,0,0,0
SA207,20220218,20220218,134556500,13:46:00,2898,2428,12593,137813280,0,0,0
SA207,20220218,20220218,134557000,13:46:01,2898,2428,12593,137813280,0,0,0
SA207,20220218,20220218,134600000,13:46:01,2898,2428,12593,137813280,0,0,0
SA207,20220218,20220218,134600500,13:46:01,2898,2428,12593,137813280,0,0,0
SA207,20220218,20220218,134606000,13:46:06,2898,2428,12593,137813280,0,0,0
SA207,20220218,20220218,134606500,13:46:07,2898,2428,12593,137813280,0,0,0
SA207,20220218,20220218,134608000,13:46:09,2898,2428,12593,137813280,0,0,0
SA207,20220218,20220218,134609000,13:46:09,2898,2428,12593,137813280,0,0,0
SA207,20220218,20220218,134615000,13:46:15,2898,2428,12593,137813280,0,0,0
SA207,20220218,20220218,134615500,13:46:17,2898,2428,12593,137813280,0,0,0
SA207,20220218,20220218,134616000,13:46:18,2898,2428,12593,137813280,0,0,0
SA207,20220218,20220218,134616500,13:46:18,2898,2428,12593,137813280,0,0,0
SA207,20220218,20220218,134630000,13:46:31,2898,2428,12593,137813280,0,0,0
SA207,20220218,20220218,134630500,13:46:31,2898,2428,12593,137813280,0,0,0
SA207,20220218,20220218,134631000,13:46:31,2898,2428,12593,137813280,0,0,0
SA207,20220218,20220218,134632500,13:46:33,2898,2428,12593,137813280,0,0,0
SA207,20220218,20220218,134633000,13:46:33,2898,2428,12593,137813280,0,0,0
SA207,20220218,20220218,134636000,13:46:37,2898,2428,12593,137813280,0,0,0
SA207,20220218,20220218,134640500,13:46:42,2896,2439,12593,138486420,11,0,673140
SA207,20220218,20220218,134641000,13:46:42,2896,2443,12593,138713540,4,0,227120
SA207,20220218,20220218,134643000,13:46:43,2896,2444,12594,138770320,1,1,56780
SA207,20220218,20220218,134643500,13:46:44,2896,2444,12594,138770320,0,0,0
SA207,20220218,20220218,134646500,13:46:47,2896,2444,12594,138770320,0,0,0
SA207,20220218,20220218,134655500,13:46:55,2896,2444,12594,138770320,0,0,0
SA207,20220218,20220218,134656000,13:46:56,2896,2444,12594,138770320,0,0,0
SA207,20220218,20220218,134701000,13:47:01,2896,2444,12594,138770320,0,0,0
SA207,20220218,20220218,134701500,13:47:02,2896,2444,12594,138770320,0,0,0
SA207,20220218,20220218,134702000,13:47:02,2896,2444,12594,138770320,0,0,0
SA207,20220218,20220218,134705500,13:47:06,2896,2444,12594,138770320,0,0,0
SA207,20220218,20220218,134706500,13:47:10,2896,2444,12594,138770320,0,0,0
SA207,20220218,20220218,134709500,13:47:11,2896,2444,12594,138770320,0,0,0
SA207,20220218,20220218,134722000,13:47:26,2896,2444,12594,138770320,0,0,0
SA207,20220218,20220218,134722500,13:47:26,2896,2444,12594,138770320,0,0,0
SA207,20220218,20220218,134723000,13:47:26,2896,2444,12594,138770320,0,0,0
SA207,20220218,20220218,134725500,13:47:27,2896,2444,12594,138770320,0,0,0
SA207,20220218,20220218,134727000,13:47:27,2896,2444,12594,138770320,0,0,0
SA207,20220218,20220218,134733500,13:47:34,2898,2447,12596,138940660,3,2,170340
SA207,20220218,20220218,134734000,13:47:36,2898,2447,12596,138940660,0,0,0
SA207,20220218,20220218,134734500,13:47:36,2898,2447,12596,138940660,0,0,0
SA207,20220218,20220218,134735000,13:47:36,2898,2447,12596,138940660,0,0,0
SA207,20220218,20220218,134738500,13:47:39,2898,2447,12596,138940660,0,0,0
SA207,20220218,20220218,134741500,13:47:42,2898,2447,12596,138940660,0,0,0
SA207,20220218,20220218,134742000,13:47:42,2898,2447,12596,138940660,0,0,0
SA207,20220218,20220218,134745000,13:47:45,2898,2447,12596,138940660,0,0,0
SA207,20220218,20220218,134745500,13:47:46,2898,2447,12596,138940660,0,0,0
SA207,20220218,20220218,134746000,13:47:47,2898,2447,12596,138940660,0,0,0
SA207,20220218,20220218,134748000,13:47:48,2898,2447,12596,138940660,0,0,0
SA207,20220218,20220218,134749000,13:47:50,2898,2447,12596,138940660,0,0,0
SA207,20220218,20220218,134755000,13:47:55,2898,2447,12596,138940660,0,0,0
SA207,20220218,20220218,134756000,13:47:56,2898,2447,12596,138940660,0,0,0
SA207,20220218,20220218,134806500,13:48:06,2898,2447,12596,138940660,0,0,0
SA207,20220218,20220218,134807000,13:48:07,2898,2447,12596,138940660,0,0,0
SA207,20220218,20220218,134818000,13:48:19,2898,2455,12604,139394900,8,8,454240
SA207,20220218,20220218,134818500,13:48:20,2898,2457,12603,139508460,2,-1,113560
SA207,20220218,20220218,134819500,13:48:20,2895,2459,12604,139622020,2,1,113560
SA207,20220218,20220218,134820000,13:48:22,2895,2459,12604,139622020,0,0,0
SA207,20220218,20220218,134820500,13:48:22,2895,2459,12604,139622020,0,0,0
SA207,20220218,20220218,134824000,13:48:24,2895,2459,12604,139622020,0,0,0
SA207,20220218,20220218,134824500,13:48:24,2895,2459,12604,139622020,0,0,0
SA207,20220218,20220218,134825000,13:48:25,2895,2459,12604,139622020,0,0,0
SA207,20220218,20220218,134830500,13:48:31,2895,2459,12604,139622020,0,0,0
SA207,20220218,20220218,134831000,13:48:32,2895,2459,12604,139622020,0,0,0
SA207,20220218,20220218,134831500,13:48:32,2895,2459,12604,139622020,0,0,0
SA207,20220218,20220218,134832000,13:48:32,2895,2459,12604,139622020,0,0,0
SA207,20220218,20220218,134834000,13:48:36,2895,2459,12604,139622020,0,0,0
SA207,20220218,20220218,134834500,13:48:36,2895,2459,12604,139622020,0,0,0
SA207,20220218,20220218,134836000,13:48:37,2895,2459,12604,139622020,0,0,0
SA207,20220218,20220218,134838000,13:48:38,2895,2459,12604,139622020,0,0,0
SA207,20220218,20220218,134838500,13:48:38,2895,2459,12604,139622020,0,0,0
SA207,20220218,20220218,134839000,13:48:39,2895,2459,12604,139622020,0,0,0
SA207,20220218,20220218,134841500,13:48:42,2895,2459,12604,139622020,0,0,0
SA207,20220218,20220218,134842000,13:48:42,2895,2459,12604,139622020,0,0,0
SA207,20220218,20220218,134843000,13:48:43,2895,2459,12604,139622020,0,0,0
SA207,20220218,20220218,134846000,13:48:46,2895,2459,12604,139622020,0,0,0
SA207,20220218,20220218,134847500,13:48:47,2895,2459,12604,139622020,0,0,0
SA207,20220218,20220218,134851000,13:48:51,2895,2459,12604,139622020,0,0,0
SA207,20220218,20220218,134852500,13:48:52,2895,2459,12604,139622020,0,0,0
SA207,20220218,20220218,134857000,13:48:57,2895,2459,12604,139622020,0,0,0
SA207,20220218,20220218,134857500,13:48:57,2895,2459,12604,139622020,0,0,0
SA207,20220218,20220218,134858000,13:48:59,2895,2459,12604,139622020,0,0,0
SA207,20220218,20220218,134900000,13:49:00,2897,2461,12604,139735580,2,0,113560
SA207,20220218,20220218,134900500,13:49:01,2897,2464,12603,139905920,3,-1,170340
SA207,20220218,20220218,134901000,13:49:02,2897,2464,12603,139905920,0,0,0
SA207,20220218,20220218,134901500,13:49:02,2898,2467,12602,140076260,3,-1,170340
SA207,20220218,20220218,134903000,13:49:03,2898,2467,12602,140076260,0,0,0
SA207,20220218,20220218,134903500,13:49:04,2898,2467,12602,140076260,0,0,0
SA207,20220218,20220218,134904500,13:49:04,2898,2467,12602,140076260,0,0,0
SA207,20220218,20220218,134905000,13:49:05,2898,2467,12602,140076260,0,0,0
SA207,20220218,20220218,134906500,13:49:06,2898,2467,12602,140076260,0,0,0
SA207,20220218,20220218,134909000,13:49:09,2898,2467,12602,140076260,0,0,0
SA207,20220218,20220218,134909500,13:49:10,2898,2467,12602,140076260,0,0,0
SA207,20220218,20220218,134910500,13:49:10,2898,2467,12602,140076260,0,0,0
