SF205,20220218,20220218,112003000,11:20:08,9474,187126,131756,8761239320,187126,19657,8761239320
SF205,20220218,20220218,112004500,11:20:09,9474,187371,131817,8772710220,245,61,11470900
SF205,20220218,20220218,112005000,11:20:10,9472,187397,131820,8773927540,26,3,1217320
SF205,20220218,20220218,112006000,11:20:10,9474,187429,131820,8775425780,32,0,1498240
SF205,20220218,20220218,112006500,11:20:10,9478,187517,131745,8779545940,88,-75,4120160
SF205,20220218,20220218,112007000,11:20:10,9476,187530,131745,8780154600,13,0,608660
SF205,20220218,20220218,112007500,11:20:10,9476,187553,131760,8781231460,23,15,1076860
SF205,20220218,20220218,112008000,11:20:10,9476,187580,131778,8782495600,27,18,1264140
SF205,20220218,20220218,112008500,11:20:10,9476,187585,131782,8782729700,5,4,234100
SF205,20220218,20220218,112009000,11:20:10,9474,187590,131782,8782963800,5,0,234100
SF205,20220218,20220218,112009500,11:20:10,9476,187613,131796,8784040660,23,14,1076860
SF205,20220218,20220218,112010000,11:20:10,9476,187626,131794,8784649320,13,-2,608660
SF205,20220218,20220218,112010500,11:20:10,9478,187685,131801,8787411700,59,7,2762380
SF205,20220218,20220218,112011000,11:20:11,9474,187711,131809,8788629020,26,8,1217320
SF205,20220218,20220218,112011500,11:20:12,9474,187716,131807,8788863120,5,-2,234100
SF205,20220218,20220218,112012000,11:20:12,9474,187743,131822,8790127260,27,15,1264140
SF205,20220218,20220218,112012500,11:20:12,9476,187755,131834,8790689100,12,12,561840
SF205,20220218,20220218,112013000,11:20:13,9476,187762,131835,8791016840,7,1,327740
SF205,20220218,20220218,112013500,11:20:13,9478,187807,131854,8793123740,45,19,2106900
SF205,20220218,20220218,112014000,11:20:14,9478,187839,131869,8794621980,32,15,1498240
SF205,20220218,20220218,112014500,11:20:14,9478,187862,131871,8795698840,23,2,1076860
SF205,20220218,20220218,112015000,11:20:15,9478,187881,131878,8796588420,19,7,889580
SF205,20220218,20220218,112015500,11:20:16,9478,187886,131880,8796822520,5,2,234100
SF205,20220218,20220218,112016000,11:20:16,9478,187903,131874,8797618460,17,-6,795940
SF205,20220218,20220218,112016500,11:20:16,9476,187906,131874,8797758920,3,0,140460
SF205,20220218,20220218,112017000,11:20:17,9476,187908,131874,8797852560,2,0,93640
SF205,20220218,20220218,112017500,11:20:17,9476,187909,131874,8797899380,1,0,46820
SF205,20220218,20220218,112018000,11:20:18,9476,187919,131869,8798367580,10,-5,468200
SF205,20220218,20220218,112018500,11:20:18,9476,187937,131875,8799210340,18,6,842760
SF205,20220218,20220218,112019000,11:20:19,9476,187959,131870,8800240380,22,-5,1030040
SF205,20220218,20220218,112019500,11:20:20,9474,187979,131864,8801176780,20,-6,936400
SF205,20220218,20220218,112020000,11:20:20,9474,187989,131869,8801644980,10,5,468200
SF205,20220218,20220218,112020500,11:20:20,9472,187990,131870,8801691800,1,1,46820
SF205,20220218,20220218,112021000,11:20:21,9472,188035,131892,8803798700,45,22,2106900
SF205,20220218,20220218,112021500,11:20:21,9472,188038,131890,8803939160,3,-2,140460
SF205,20220218,20220218,112022000,11:20:22,9474,188059,131893,8806802970,21,3,2863810
SF205,20220218,20220218,112022500,11:20:23,9472,188069,131890,8807271270,10,-3,468300
SF205,20220218,20220218,112023000,11:20:23,9472,188085,131902,8808020550,16,12,749280
SF205,20220218,20220218,112023500,11:20:23,9474,188086,131903,8808067380,1,1,46830
SF205,20220218,20220218,112024000,11:20:24,9472,188116,131914,8809472280,30,11,1404900
SF205,20220218,20220218,112024500,11:20:24,9474,188141,131919,8810643030,25,5,1170750
SF205,20220218,20220218,112025000,11:20:25,9472,188143,131919,8810736690,2,0,93660
SF205,20220218,20220218,112025500,11:20:26,9472,188150,131919,8811064500,7,0,327810
SF205,20220218,20220218,112026000,11:20:26,9474,188161,131921,8811579630,11,2,515130
SF205,20220218,20220218,112026500,11:20:26,9470,188162,131921,8811626460,1,0,46830
SF205,20220218,20220218,112027000,11:20:27,9472,188170,131922,8812001100,8,1,374640
SF205,20220218,20220218,112027500,11:20:28,9470,188172,131924,8812094760,2,2,93660
SF205,20220218,20220218,112028000,11:20:28,9472,188192,131927,8813031360,20,3,936600
SF205,20220218,20220218,112028500,11:20:28,9470,188203,131925,8813546490,11,-2,515130
SF205,20220218,20220218,112029000,11:20:29,9470,188208,131927,8813780640,5,2,234150
SF205,20220218,20220218,112029500,11:20:30,9470,188254,131911,8815934820,46,-16,2154180
SF205,20220218,20220218,112030000,11:20:31,9468,188292,131898,8817714360,38,-13,1779540
SF205,20220218,20220218,112030500,11:20:31,9470,188320,131884,8819025600,28,-14,1311240
SF205,20220218,20220218,112031000,11:20:32,9468,188322,131884,8819119260,2,0,93660
SF205,20220218,20220218,112031500,11:20:32,9468,188327,131883,8819353410,5,-1,234150
SF205,20220218,20220218,112032000,11:20:32,9468,188330,131880,8819493900,3,-3,140490
SF205,20220218,20220218,112032500,11:20:32,9468,188332,131878,8819587560,2,-2,93660
SF205,20220218,20220218,112033000,11:20:33,9470,188333,131878,8819634390,1,0,46830
SF205,20220218,20220218,112033500,11:20:33,9470,188335,131879,8819728050,2,1,93660
SF205,20220218,20220218,112034000,11:20:34,9470,188346,131871,8820243180,11,-8,515130
SF205,20220218,20220218,112034500,11:20:34,9470,188356,131871,8820711480,10,0,468300
SF205,20220218,20220218,112035000,11:20:35,9470,188357,131871,8820758310,1,0,46830
SF205,20220218,20220218,112035500,11:20:35,9470,188388,131868,8822210040,31,-3,1451730
SF205,20220218,20220218,112036000,11:20:36,9470,188404,131873,8822959320,16,5,749280
SF205,20220218,20220218,112036500,11:20:37,9470,188406,131875,8823052980,2,2,93660
SF205,20220218,20220218,112037000,11:20:37,9470,188416,131877,8823521280,10,2,468300
SF205,20220218,20220218,112037500,11:20:38,9470,188428,131884,8824083240,12,7,561960
SF205,20220218,20220218,112038000,11:20:38,9470,188429,131884,8824130070,1,0,46830
SF205,20220218,20220218,112038500,11:20:38,9472,188530,131875,8828859900,101,-9,4729830
SF205,20220218,20220218,112039000,11:20:39,9472,188539,131877,8829281370,9,2,421470
SF205,20220218,20220218,112039500,11:20:40,9472,188573,131893,8830873590,34,16,1592220
SF205,20220218,20220218,112040000,11:20:40,9472,188574,131892,8830920420,1,-1,46830
SF205,20220218,20220218,112040500,11:20:41,9472,188574,131892,8830920420,0,0,0
SF205,20220218,20220218,112041000,11:20:41,9472,188575,131893,8830967250,1,1,46830
SF205,20220218,20220218,112041500,11:20:41,9474,188578,131895,8831107740,3,2,140490
SF205,20220218,20220218,112042000,11:20:42,9474,188578,131895,8831107740,0,0,0
SF205,20220218,20220218,112042500,11:20:42,9474,188578,131895,8831107740,0,0,0
SF205,20220218,20220218,112043000,11:20:43,9472,188602,131894,8832231660,24,-1,1123920
SF205,20220218,20220218,112043500,11:20:44,9472,188604,131894,8832325320,2,0,93660
SF205,20220218,20220218,112044000,11:20:44,9472,188624,131874,8833261920,20,-20,936600
SF205,20220218,20220218,112044500,11:20:45,9472,188627,131874,8833402410,3,0,140490
SF205,20220218,20220218,112045000,11:20:45,9470,188664,131905,8835135120,37,31,1732710
SF205,20220218,20220218,112045500,11:20:46,9470,188673,131912,8835556590,9,7,421470
SF205,20220218,20220218,112046000,11:20:46,9470,188683,131909,8836024890,10,-3,468300
SF205,20220218,20220218,112046500,11:20:46,9470,188702,131900,8836914660,19,-9,889770
SF205,20220218,20220218,112047000,11:20:47,9468,188721,131891,8837804430,19,-9,889770
SF205,20220218,20220218,112047500,11:20:48,9470,188724,131889,8837944920,3,-2,140490
SF205,20220218,20220218,112048000,11:20:48,9470,188726,131888,8838038580,2,-1,93660
SF205,20220218,20220218,112048500,11:20:50,9470,188727,131888,8838085410,1,0,46830
SF205,20220218,20220218,112049000,11:20:50,9470,188739,131883,8838647370,12,-5,561960
SF205,20220218,20220218,112049500,11:20:50,9468,188801,131834,8841550830,62,-49,2903460
SF205,20220218,20220218,112050500,11:20:50,9470,188804,131833,8841691320,3,-1,140490
SF205,20220218,20220218,112051000,11:20:51,9470,188806,131831,8841784980,2,-2,93660
SF205,20220218,20220218,112051500,11:20:51,9470,188806,131831,8841784980,0,0,0
SF205,20220218,20220218,112052000,11:20:53,9470,188818,131830,8842346940,12,-1,561960
SF205,20220218,20220218,112052500,11:20:53,9468,188819,131829,8842393770,1,-1,46830
SF205,20220218,20220218,112053000,11:20:53,9470,188822,131829,8842534260,3,0,140490
SF205,20220218,20220218,112053500,11:20:53,9468,188850,131854,8843845500,28,25,1311240
SF205,20220218,20220218,112054000,11:20:54,9468,188855,131851,8844079650,5,-3,234150
SF205,20220218,20220218,112054500,11:20:55,9468,188855,131851,8844079650,0,0,0
SF205,20220218,20220218,112055000,11:20:55,9468,188858,131852,8844220140,3,1,140490
SF205,20220218,20220218,112055500,11:20:56,9468,188893,131835,8845859190,35,-17,1639050
SF205,20220218,20220218,112056000,11:20:56,9466,189002,131800,8850963660,109,-35,5104470
SF205,20220218,20220218,112056500,11:20:56,9468,189024,131798,8851993920,22,-2,1030260
SF205,20220218,20220218,112057000,11:20:58,9470,189057,131811,8853539310,33,13,1545390
SF205,20220218,20220218,112057500,11:20:58,9470,189060,131810,8853679800,3,-1,140490
SF205,20220218,20220218,112058000,11:20:58,9470,189063,131812,8853820290,3,2,140490
SF205,20220218,20220218,112058500,11:20:59,9470,189066,131811,8853960780,3,-1,140490
SF205,20220218,20220218,112059000,11:20:59,9468,189071,131810,8854194930,5,-1,234150
SF205,20220218,20220218,112059500,11:21:00,9470,189077,131814,8854475910,6,4,280980
SF205,20220218,20220218,112100000,11:21:00,9470,189081,131815,8854663230,4,1,187320
SF205,20220218,20220218,112100500,11:21:01,9470,189090,131819,8855084700,9,4,421470
SF205,20220218,20220218,112101000,11:21:01,9468,189096,131818,8855365680,6,-1,280980
SF205,20220218,20220218,112101500,11:21:02,9468,189104,131813,8855740320,8,-5,374640
SF205,20220218,20220218,112102000,11:21:02,9468,189104,131813,8855740320,0,0,0
SF205,20220218,20220218,112102500,11:21:03,9468,189114,131818,8856208620,10,5,468300
SF205,20220218,20220218,112103000,11:21:03,9468,189115,131818,8856255450,1,0,46830
SF205,20220218,20220218,112103500,11:21:04,9470,189153,131817,8858034990,38,-1,1779540
SF205,20220218,20220218,112104000,11:21:04,9470,189153,131817,8858034990,0,0,0
SF205,20220218,20220218,112104500,11:21:05,9472,189164,131825,8858550120,11,8,515130
SF205,20220218,20220218,112105000,11:21:05,9472,189250,131796,8862577500,86,-29,4027380
SF205,20220218,20220218,112105500,11:21:06,9472,189270,131809,8863514100,20,13,936600
SF205,20220218,20220218,112106000,11:21:07,9472,189294,131823,8864638020,24,14,1123920
SF205,20220218,20220218,112106500,11:21:07,9472,189314,131814,8865574620,20,-9,936600
SF205,20220218,20220218,112107000,11:21:10,9476,189344,131829,8866979520,30,15,1404900
SF205,20220218,20220218,112107500,11:21:10,9476,189350,131827,8867260500,6,-2,280980
SF205,20220218,20220218,112108000,11:21:10,9476,189359,131824,8867681970,9,-3,421470
SF205,20220218,20220218,112108500,11:21:10,9476,189407,131842,8869929810,48,18,2247840
SF205,20220218,20220218,112110000,11:21:10,9476,189417,131845,8870398110,10,3,468300
SF205,20220218,20220218,112110500,11:21:11,9476,189448,131838,8871849840,31,-7,1451730
SF205,20220218,20220218,112111000,11:21:11,9476,189450,131839,8871943500,2,1,93660
SF205,20220218,20220218,112111500,11:21:12,9478,189473,131836,8873020590,23,-3,1077090
SF205,20220218,20220218,112112000,11:21:12,9478,189513,131850,8874893790,40,14,1873200
SF205,20220218,20220218,112112500,11:21:13,9478,189536,131854,8875970880,23,4,1077090
SF205,20220218,20220218,112113000,11:21:13,9476,189630,131898,8880372900,94,44,4402020
SF205,20220218,20220218,112113500,11:21:13,9476,189633,131900,8880513390,3,2,140490
SF205,20220218,20220218,112114000,11:21:14,9478,189638,131902,8880747540,5,2,234150
SF205,20220218,20220218,112114500,11:21:14,9478,189643,131903,8880981690,5,1,234150
SF205,20220218,20220218,112115000,11:21:15,9478,189643,131903,8880981690,0,0,0
SF205,20220218,20220218,112115500,11:21:15,9478,189646,131904,8881122180,3,1,140490
SF205,20220218,20220218,112116000,11:21:16,9478,189812,132017,8888895960,166,113,7773780
SF205,20220218,20220218,112116500,11:21:17,9480,189906,132090,8893297980,94,73,4402020
SF205,20220218,20220218,112117000,11:21:17,9482,189956,132115,8895639480,50,25,2341500
SF205,20220218,20220218,112117500,11:21:18,9480,190030,132134,8899104900,74,19,3465420
SF205,20220218,20220218,112118000,11:21:18,9480,190060,132136,8900509800,30,2,1404900
SF205,20220218,20220218,112118500,11:21:18,9478,190079,132137,8901399570,19,1,889770
SF205,20220218,20220218,112119000,11:21:19,9480,190081,132137,8901493230,2,0,93660
SF205,20220218,20220218,112119500,11:21:19,9480,190093,132137,8902055190,12,0,561960
SF205,20220218,20220218,112120000,11:21:20,9480,190105,132144,8902617150,12,7,561960
SF205,20220218,20220218,112120500,11:21:21,9480,190109,132143,8902804470,4,-1,187320
SF205,20220218,20220218,112121000,11:21:22,9480,190116,132144,8903132280,7,1,327810
SF205,20220218,20220218,112121500,11:21:22,9480,190120,132144,8903319600,4,0,187320
SF205,20220218,20220218,112122000,11:21:22,9478,190121,132145,8903366430,1,1,46830
SF205,20220218,20220218,112122500,11:21:22,9478,190126,132149,8903600580,5,4,234150
SF205,20220218,20220218,112123000,11:21:23,9480,190134,132152,8903975220,8,3,374640
SF205,20220218,20220218,112123500,11:21:23,9478,190154,132170,8904911820,20,18,936600
SF205,20220218,20220218,112124000,11:21:24,9478,190155,132171,8904958650,1,1,46830
SF205,20220218,20220218,112124500,11:21:25,9480,190163,132179,8905333290,8,8,374640
SF205,20220218,20220218,112125000,11:22:29,9480,190165,132179,8905426950,2,0,93660
SF205,20220218,20220218,112125500,11:23:32,9480,190170,132183,8905661100,5,4,234150
SF205,20220218,20220218,112126000,11:23:33,9478,190196,132206,8906878680,26,23,1217580
SF205,20220218,20220218,112126500,11:23:33,9480,190198,132206,8906972340,2,0,93660
SF205,20220218,20220218,112332500,11:23:33,9460,193194,132736,9049206960,2996,530,142234620
SF205,20220218,20220218,112333000,11:23:33,9460,193209,132738,9049909560,15,2,702600
SF205,20220218,20220218,112334000,11:23:34,9460,193210,132737,9049956400,1,-1,46840
SF205,20220218,20220218,112334500,11:23:34,9460,193276,132697,9053047840,66,-40,3091440
SF205,20220218,20220218,112335500,11:23:35,9460,193283,132690,9053375720,7,-7,327880
SF205,20220218,20220218,112336000,11:23:36,9460,193293,132693,9053844120,10,3,468400
SF205,20220218,20220218,112337000,11:23:38,9460,193343,132645,9056186120,50,-48,2342000
SF205,20220218,20220218,112337500,11:23:38,9460,193344,132645,9056232960,1,0,46840
SF205,20220218,20220218,112338000,11:23:38,9460,193354,132642,9056701360,10,-3,468400
SF205,20220218,20220218,112338500,11:23:38,9460,193364,132636,9057169760,10,-6,468400
SF205,20220218,20220218,112339000,11:23:39,9460,193377,132629,9057778680,13,-7,608920
SF205,20220218,20220218,112339500,11:23:39,9462,193420,132627,9059792800,43,-2,2014120
SF205,20220218,20220218,112340500,11:23:40,9462,193432,132632,9060354880,12,5,562080
SF205,20220218,20220218,112341000,11:23:41,9460,193434,132633,9060448560,2,1,93680
SF205,20220218,20220218,112341500,11:23:42,9462,193439,132631,9060682760,5,-2,234200
SF205,20220218,20220218,112342000,11:23:42,9462,193441,132631,9060776440,2,0,93680
SF205,20220218,20220218,112343000,11:23:43,9462,193443,132629,9060870120,2,-2,93680
SF205,20220218,20220218,112343500,11:23:43,9462,193444,132629,9060916960,1,0,46840
SF205,20220218,20220218,112344000,11:23:48,9462,193456,132619,9061479040,12,-10,562080
SF205,20220218,20220218,112345000,11:23:48,9462,193456,132619,9061479040,0,0,0
SF205,20220218,20220218,112345500,11:23:48,9462,193488,132635,9062977920,32,16,1498880
SF205,20220218,20220218,112348000,11:23:48,9462,193488,132635,9062977920,0,0,0
SF205,20220218,20220218,112348500,11:23:49,9462,193488,132635,9062977920,0,0,0
SF205,20220218,20220218,112349000,11:23:49,9462,193491,132634,9063118440,3,-1,140520
SF205,20220218,20220218,112349500,11:23:50,9464,193492,132634,9063165280,1,0,46840
SF205,20220218,20220218,112350000,11:23:50,9464,193618,132738,9069067120,126,104,5901840
SF205,20220218,20220218,112350500,11:23:50,9466,193866,132863,9080683440,248,125,11616320
SF205,20220218,20220218,112351500,11:23:51,9466,193877,132866,9081198680,11,3,515240
SF205,20220218,20220218,112352000,11:23:52,9466,193878,132866,9081245520,1,0,46840
SF205,20220218,20220218,112352500,11:23:52,9468,193882,132870,9081432880,4,4,187360
SF205,20220218,20220218,112353000,11:23:53,9468,193906,132890,9082557040,24,20,1124160
SF205,20220218,20220218,112353500,11:23:53,9466,193921,132893,9083259640,15,3,702600
SF205,20220218,20220218,112354000,11:23:54,9468,193929,132889,9083634360,8,-4,374720
SF205,20220218,20220218,112354500,11:23:55,9468,193935,132893,9083915400,6,4,281040
SF205,20220218,20220218,112355000,11:23:55,9466,193944,132893,9084336960,9,0,421560
SF205,20220218,20220218,112355500,11:23:55,9466,193951,132892,9084664840,7,-1,327880
SF205,20220218,20220218,112356000,11:23:56,9466,193963,132887,9085226920,12,-5,562080
SF205,20220218,20220218,112356500,11:23:56,9466,193979,132885,9085976360,16,-2,749440
SF205,20220218,20220218,112357000,11:23:57,9464,193980,132886,9086023200,1,1,46840
SF205,20220218,20220218,112357500,11:23:57,9466,193983,132886,9086163720,3,0,140520
SF205,20220218,20220218,112358000,11:23:58,9466,193988,132881,9086397920,5,-5,234200
SF205,20220218,20220218,112358500,11:23:58,9468,193997,132887,9086819480,9,6,421560
SF205,20220218,20220218,112359000,11:23:59,9468,194013,132884,9087568920,16,-3,749440
SF205,20220218,20220218,112400000,11:24:00,9470,194014,132885,9087615760,1,1,46840
SF205,20220218,20220218,112400500,11:24:00,9468,194019,132883,9087849960,5,-2,234200
SF205,20220218,20220218,112401000,11:24:01,9466,194021,132881,9087943640,2,-2,93680
SF205,20220218,20220218,112401500,11:24:01,9468,194022,132881,9087990480,1,0,46840
SF205,20220218,20220218,112402000,11:24:02,9466,194028,132879,9088271520,6,-2,281040
SF205,20220218,20220218,112402500,11:24:02,9466,194035,132878,9088599400,7,-1,327880
SF205,20220218,20220218,112403000,11:24:03,9468,194039,132876,9088786760,4,-2,187360
SF205,20220218,20220218,112403500,11:24:04,9468,194040,132875,9088833600,1,-1,46840
SF205,20220218,20220218,112404000,11:24:04,9466,194046,132879,9089114640,6,4,281040
SF205,20220218,20220218,112404500,11:24:04,9466,194046,132879,9089114640,0,0,0
SF205,20220218,20220218,112405000,11:24:05,9468,194049,132880,9089255160,3,1,140520
SF205,20220218,20220218,112405500,11:24:05,9468,194049,132880,9089255160,0,0,0
SF205,20220218,20220218,112406000,11:24:06,9466,194050,132881,9089302000,1,1,46840
SF205,20220218,20220218,112406500,11:24:06,9468,194054,132881,9089489360,4,0,187360
SF205,20220218,20220218,112407000,11:24:07,9466,194056,132880,9089583040,2,-1,93680
SF205,20220218,20220218,112407500,11:24:08,9466,194061,132881,9089817240,5,1,234200
SF205,20220218,20220218,112408000,11:24:08,9464,194063,132882,9089910920,2,1,93680
SF205,20220218,20220218,112408500,11:24:08,9466,194068,132883,9090145120,5,1,234200
SF205,20220218,20220218,112409000,11:24:11,9466,194071,132886,9090285640,3,3,140520
SF205,20220218,20220218,112409500,11:24:11,9466,194077,132890,9090566680,6,4,281040
SF205,20220218,20220218,112410500,11:24:12,9466,194081,132894,9090754040,4,4,187360
SF205,20220218,20220218,112411500,11:24:12,9466,194084,132893,9090894560,3,-1,140520
SF205,20220218,20220218,112412500,11:24:13,9466,194084,132893,9090894560,0,0,0
SF205,20220218,20220218,112413000,11:24:13,9466,194084,132893,9090894560,0,0,0
SF205,20220218,20220218,112413500,11:24:14,9464,194086,132894,9090988240,2,1,93680
SF205,20220218,20220218,112414500,11:24:14,9464,194086,132894,9090988240,0,0,0
SF205,20220218,20220218,112415000,11:24:15,9464,194094,132897,9091362960,8,3,374720
SF205,20220218,20220218,112415500,11:24:15,9464,194095,132897,9091409800,1,0,46840
SF205,20220218,20220218,112416000,11:24:16,9464,194095,132897,9091409800,0,0,0
SF205,20220218,20220218,112416500,11:24:17,9464,194097,132897,9091503480,2,0,93680
SF205,20220218,20220218,112417000,11:24:17,9464,194098,132897,9091550320,1,0,46840
SF205,20220218,20220218,112417500,11:24:18,9464,194108,132896,9092018720,10,-1,468400
SF205,20220218,20220218,112418000,11:24:18,9464,194109,132895,9092065560,1,-1,46840
SF205,20220218,20220218,112418500,11:24:19,9462,194152,132900,9094079680,43,5,2014120
SF205,20220218,20220218,112419000,11:24:19,9460,194162,132899,9094548080,10,-1,468400
SF205,20220218,20220218,112419500,11:24:19,9460,194167,132899,9094782280,5,0,234200
SF205,20220218,20220218,112420000,11:24:20,9462,194174,132902,9095110160,7,3,327880
SF205,20220218,20220218,112420500,11:24:20,9460,194193,132899,9096000120,19,-3,889960
SF205,20220218,20220218,112421000,11:24:21,9460,194203,132901,9096468520,10,2,468400
SF205,20220218,20220218,112421500,11:24:22,9460,194204,132901,9096515360,1,0,46840
SF205,20220218,20220218,112422000,11:24:22,9462,194227,132882,9097592680,23,-19,1077320
SF205,20220218,20220218,112422500,11:24:23,9460,194231,132879,9097780040,4,-3,187360
SF205,20220218,20220218,112423000,11:24:23,9464,194257,132866,9098997880,26,-13,1217840
SF205,20220218,20220218,112423500,11:24:24,9466,194270,132870,9099606800,13,4,608920
SF205,20220218,20220218,112424000,11:24:24,9466,194270,132870,9099606800,0,0,0
SF205,20220218,20220218,112424500,11:24:24,9466,194275,132870,9099841000,5,0,234200
SF205,20220218,20220218,112425000,11:24:25,9466,194292,132875,9100637280,17,5,796280
SF205,20220218,20220218,112425500,11:24:25,9466,194292,132875,9100637280,0,0,0
SF205,20220218,20220218,112426000,11:24:26,9464,194296,132872,9100824640,4,-3,187360
SF205,20220218,20220218,112426500,11:24:26,9464,194318,132855,9101855120,22,-17,1030480
SF205,20220218,20220218,112427000,11:24:27,9466,194319,132855,9101901960,1,0,46840
SF205,20220218,20220218,112427500,11:24:28,9466,194319,132855,9101901960,0,0,0
SF205,20220218,20220218,112428000,11:24:28,9466,194319,132855,9101901960,0,0,0
SF205,20220218,20220218,112428500,11:24:28,9468,194334,132865,9102604560,15,10,702600
SF205,20220218,20220218,112429000,11:24:29,9468,194334,132865,9102604560,0,0,0
SF205,20220218,20220218,112429500,11:24:29,9468,194336,132864,9102698240,2,-1,93680
SF205,20220218,20220218,112430000,11:24:30,9468,194354,132874,9103541360,18,10,843120
SF205,20220218,20220218,112430500,11:24:30,9470,194382,132881,9104852880,28,7,1311520
SF205,20220218,20220218,112431000,11:24:31,9470,194384,132883,9104946560,2,2,93680
SF205,20220218,20220218,112431500,11:24:31,9470,194387,132886,9105087080,3,3,140520
SF205,20220218,20220218,112432000,11:24:32,9468,194393,132887,9105368120,6,1,281040
SF205,20220218,20220218,112432500,11:24:32,9470,194407,132894,9106023880,14,7,655760
SF205,20220218,20220218,112433000,11:24:33,9470,194414,132899,9106351760,7,5,327880
SF205,20220218,20220218,112433500,11:24:33,9470,194422,132901,9106726480,8,2,374720
SF205,20220218,20220218,112434000,11:24:34,9470,194423,132901,9106773320,1,0,46840
SF205,20220218,20220218,112434500,11:24:34,9468,194424,132900,9106820160,1,-1,46840
SF205,20220218,20220218,112435000,11:24:35,9470,194425,132900,9106867000,1,0,46840
SF205,20220218,20220218,112435500,11:24:35,9470,194426,132901,9106913840,1,1,46840
SF205,20220218,20220218,112436000,11:24:36,9470,194426,132901,9106913840,0,0,0
SF205,20220218,20220218,112436500,11:24:36,9468,194438,132900,9107475920,12,-1,562080
SF205,20220218,20220218,112437000,11:24:37,9468,194438,132900,9107475920,0,0,0
SF205,20220218,20220218,112437500,11:24:37,9470,194443,132902,9107710120,5,2,234200
SF205,20220218,20220218,112438000,11:24:39,9470,194453,132902,9108178520,10,0,468400
SF205,20220218,20220218,112438500,11:24:39,9464,194561,132944,9113237240,108,42,5058720
SF205,20220218,20220218,112439000,11:24:40,9468,194568,132946,9113565120,7,2,327880
SF205,20220218,20220218,112439500,11:24:40,9468,194574,132946,9113846160,6,0,281040
SF205,20220218,20220218,112440000,11:24:40,9464,194578,132943,9114033520,4,-3,187360
SF205,20220218,20220218,112440500,11:24:40,9468,194581,132941,9114174040,3,-2,140520
SF205,20220218,20220218,112441000,11:24:41,9468,194599,132924,9115017160,18,-17,843120
SF205,20220218,20220218,112441500,11:24:41,9468,194614,132912,9115719760,15,-12,702600
SF205,20220218,20220218,112442000,11:24:42,9466,194646,132880,9117218640,32,-32,1498880
SF205,20220218,20220218,112443000,11:24:43,9468,194647,132880,9117265480,1,0,46840
SF205,20220218,20220218,112443500,11:24:43,9466,194655,132879,9117640200,8,-1,374720
SF205,20220218,20220218,112444000,11:24:44,9466,194658,132879,9117780720,3,0,140520
SF205,20220218,20220218,112444500,11:24:44,9466,194658,132879,9117780720,0,0,0
SF205,20220218,20220218,112445000,11:24:45,9464,194678,132876,9118717520,20,-3,936800
SF205,20220218,20220218,112445500,11:24:45,9466,194681,132877,9118858040,3,1,140520
SF205,20220218,20220218,112446000,11:24:46,9468,194683,132877,9118951720,2,0,93680
SF205,20220218,20220218,112446500,11:24:46,9466,194685,132877,9119045400,2,0,93680
SF205,20220218,20220218,112447000,11:24:47,9464,194692,132871,9119373280,7,-6,327880
SF205,20220218,20220218,112447500,11:24:47,9464,194692,132871,9119373280,0,0,0
SF205,20220218,20220218,112448000,11:24:48,9464,194696,132869,9119560640,4,-2,187360
SF205,20220218,20220218,112448500,11:24:48,9466,194697,132870,9119607480,1,1,46840
SF205,20220218,20220218,112449000,11:24:49,9466,194698,132871,9119654320,1,1,46840
SF205,20220218,20220218,112449500,11:24:49,9466,194699,132871,9119701160,1,0,46840
SF205,20220218,20220218,112450000,11:24:50,9464,194705,132865,9119982200,6,-6,281040
SF205,20220218,20220218,112450500,11:24:50,9464,194705,132865,9119982200,0,0,0
SF205,20220218,20220218,112451000,11:24:51,9466,194707,132864,9120075880,2,-1,93680
SF205,20220218,20220218,112451500,11:24:51,9466,194720,132867,9120684800,13,3,608920
SF205,20220218,20220218,112452000,11:24:52,9466,194728,132867,9121059520,8,0,374720
SF205,20220218,20220218,112452500,11:24:52,9466,194733,132867,9121293720,5,0,234200
SF205,20220218,20220218,112453000,11:24:53,9466,194734,132867,9121340560,1,0,46840
SF205,20220218,20220218,112453500,11:24:53,9464,194745,132875,9121855800,11,8,515240
SF205,20220218,20220218,112454000,11:24:54,9466,194746,132875,9121902640,1,0,46840
SF205,20220218,20220218,112454500,11:24:54,9468,194748,132875,9121996320,2,0,93680
SF205,20220218,20220218,112455000,11:24:55,9466,194753,132877,9122230520,5,2,234200
SF205,20220218,20220218,112455500,11:24:56,9468,194766,132880,9122839440,13,3,608920
SF205,20220218,20220218,112456000,11:24:56,9468,194767,132881,9122886280,1,1,46840
SF205,20220218,20220218,112456500,11:24:56,9468,194767,132881,9122886280,0,0,0
SF205,20220218,20220218,112457000,11:24:57,9468,194768,132882,9122933120,1,1,46840
SF205,20220218,20220218,112457500,11:24:57,9468,194768,132882,9122933120,0,0,0
SF205,20220218,20220218,112458000,11:24:58,9468,194769,132883,9122979960,1,1,46840
SF205,20220218,20220218,112459000,11:24:59,9468,194771,132883,9123073640,2,0,93680
SF205,20220218,20220218,112500000,11:25:00,9468,194771,132883,9123073640,0,0,0
SF205,20220218,20220218,112500500,11:25:01,9468,194771,132883,9123073640,0,0,0
SF205,20220218,20220218,112501000,11:25:02,9470,194774,132880,9123214160,3,-3,140520
SF205,20220218,20220218,112501500,11:25:03,9468,194778,132881,9123401520,4,1,187360
SF205,20220218,20220218,112502000,11:25:05,9472,194845,132858,9126539800,67,-23,3138280
SF205,20220218,20220218,112502500,11:25:06,9472,194858,132865,9127148720,13,7,608920
SF205,20220218,20220218,112504500,11:25:06,9474,194920,132878,9130052800,62,13,2904080
SF205,20220218,20220218,112505500,11:25:06,9472,194960,132878,9131926400,40,0,1873600
SF205,20220218,20220218,112506000,11:25:07,9472,195036,132856,9135486240,76,-22,3559840
SF205,20220218,20220218,112506500,11:25:07,9472,195059,132852,9136563560,23,-4,1077320
SF205,20220218,20220218,112507000,11:25:07,9472,195078,132850,9137453520,19,-2,889960
SF205,20220218,20220218,112507500,11:25:07,9472,195099,132850,9138437160,21,0,983640
SF205,20220218,20220218,112508000,11:25:08,9472,195120,132849,9139420800,21,-1,983640
SF205,20220218,20220218,112508500,11:25:08,9472,195134,132849,9140076560,14,0,655760
SF205,20220218,20220218,112509000,11:25:09,9470,195160,132858,9141294400,26,9,1217840
SF205,20220218,20220218,112509500,11:25:09,9472,195165,132854,9141528600,5,-4,234200
SF205,20220218,20220218,112510000,11:25:10,9470,195167,132853,9141622280,2,-1,93680
SF205,20220218,20220218,112510500,11:25:10,9470,195178,132859,9142137520,11,6,515240
SF205,20220218,20220218,112511000,11:25:11,9472,195187,132863,9142559080,9,4,421560
SF205,20220218,20220218,112511500,11:25:11,9472,195187,132863,9142559080,0,0,0
SF205,20220218,20220218,112512000,11:25:12,9470,195188,132864,9142605920,1,1,46840
SF205,20220218,20220218,112512500,11:25:12,9468,195190,132865,9142699600,2,1,93680
SF205,20220218,20220218,112513000,11:25:13,9470,195195,132866,9142933800,5,1,234200
SF205,20220218,20220218,112513500,11:25:15,9470,195202,132866,9143261680,7,0,327880
SF205,20220218,20220218,112514000,11:25:15,9470,195203,132866,9143308520,1,0,46840
SF205,20220218,20220218,112514500,11:25:15,9470,195203,132866,9143308520,0,0,0
SF205,20220218,20220218,112515000,11:25:16,9468,195222,132862,9144198480,19,-4,889960
SF205,20220218,20220218,112515500,11:25:16,9468,195222,132862,9144198480,0,0,0
SF205,20220218,20220218,112516000,11:25:16,9468,195233,132863,9144713720,11,1,515240
SF205,20220218,20220218,112516500,11:25:16,9468,195237,132863,9144901080,4,0,187360
SF205,20220218,20220218,112517500,11:25:18,9468,195237,132863,9144901080,0,0,0
SF205,20220218,20220218,112518000,11:25:18,9468,195237,132863,9144901080,0,0,0
SF205,20220218,20220218,112518500,11:25:19,9468,195239,132862,9144994760,2,-1,93680
SF205,20220218,20220218,112519500,11:25:19,9468,195239,132862,9144994760,0,0,0
SF205,20220218,20220218,112520000,11:25:20,9468,195242,132863,9145135280,3,1,140520
SF205,20220218,20220218,112520500,11:25:21,9468,195243,132864,9145182120,1,1,46840
SF205,20220218,20220218,112521000,11:25:21,9468,195245,132865,9145275800,2,1,93680
SF205,20220218,20220218,112521500,11:25:22,9468,195251,132867,9145556840,6,2,281040
SF205,20220218,20220218,112522000,11:25:22,9470,195261,132875,9146025240,10,8,468400
SF205,20220218,20220218,112522500,11:25:22,9472,195266,132874,9146259440,5,-1,234200
SF205,20220218,20220218,112523000,11:25:23,9472,195266,132874,9146259440,0,0,0
SF205,20220218,20220218,112523500,11:25:24,9472,195267,132873,9146306280,1,-1,46840
SF205,20220218,20220218,112524000,11:25:25,9472,195267,132873,9146306280,0,0,0
SF205,20220218,20220218,112524500,11:25:25,9470,195273,132878,9146587320,6,5,281040
SF205,20220218,20220218,112525000,11:25:25,9470,195274,132877,9146634160,1,-1,46840
SF205,20220218,20220218,112525500,11:25:26,9470,195276,132877,9146727840,2,0,93680
SF205,20220218,20220218,112526000,11:25:26,9470,195276,132877,9146727840,0,0,0
SF205,20220218,20220218,112526500,11:25:27,9468,195285,132882,9147149400,9,5,421560
SF205,20220218,20220218,112527000,11:25:27,9468,195305,132889,9148086200,20,7,936800
SF205,20220218,20220218,112527500,11:25:28,9468,195307,132889,9148179880,2,0,93680
SF205,20220218,20220218,112528000,11:25:28,9466,195308,132890,9148226720,1,1,46840
SF205,20220218,20220218,112528500,11:25:28,9466,195326,132884,9149069840,18,-6,843120
SF205,20220218,20220218,112529000,11:25:29,9462,195409,132917,9152957560,83,33,3887720
SF205,20220218,20220218,112529500,11:25:30,9462,195417,132912,9153332280,8,-5,374720
SF205,20220218,20220218,112530000,11:25:30,9462,195428,132911,9153847520,11,-1,515240
SF205,20220218,20220218,112530500,11:25:31,9460,195471,132903,9157816350,43,-8,3968830
SF205,20220218,20220218,112531000,11:25:31,9458,195483,132908,9158378550,12,5,562200
SF205,20220218,20220218,112531500,11:25:32,9458,195513,132911,9159784050,30,3,1405500
SF205,20220218,20220218,112532000,11:25:32,9456,195529,132903,9160533650,16,-8,749600
SF205,20220218,20220218,112532500,11:25:33,9458,195550,132898,9161517500,21,-5,983850
SF205,20220218,20220218,112533000,11:25:33,9460,195571,132903,9162501350,21,5,983850
SF205,20220218,20220218,112533500,11:25:33,9460,195577,132898,9162782450,6,-5,281100
SF205,20220218,20220218,112534000,11:25:34,9460,195588,132895,9163297800,11,-3,515350
SF205,20220218,20220218,112534500,11:25:35,9460,195588,132895,9163297800,0,0,0
SF205,20220218,20220218,112535000,11:25:36,9460,195593,132894,9163532050,5,-1,234250
SF205,20220218,20220218,112535500,11:25:37,9460,195603,132899,9164000550,10,5,468500
SF205,20220218,20220218,112536000,11:25:37,9460,195608,132900,9164234800,5,1,234250
SF205,20220218,20220218,112536500,11:25:37,9460,195610,132901,9164328500,2,1,93700
SF205,20220218,20220218,112537000,11:25:38,9458,195611,132901,9164375350,1,0,46850
SF205,20220218,20220218,112537500,11:25:38,9458,195620,132907,9164797000,9,6,421650
SF205,20220218,20220218,112538000,11:25:38,9460,195623,132910,9164937550,3,3,140550
SF205,20220218,20220218,112538500,11:25:39,9460,195633,132908,9165406050,10,-2,468500
SF205,20220218,20220218,112539000,11:25:39,9460,195637,132910,9165593450,4,2,187400
SF205,20220218,20220218,112539500,11:25:40,9460,195640,132910,9165734000,3,0,140550
SF205,20220218,20220218,112540500,11:25:40,9458,195650,132909,9166202500,10,-1,468500
SF205,20220218,20220218,112541000,11:25:41,9458,195658,132906,9166577300,8,-3,374800
SF205,20220218,20220218,112542000,11:25:42,9458,195658,132906,9166577300,0,0,0
SF205,20220218,20220218,112542500,11:25:42,9462,195659,132907,9166624150,1,1,46850
SF205,20220218,20220218,112543000,11:25:43,9460,195662,132906,9166764700,3,-1,140550
SF205,20220218,20220218,112543500,11:25:43,9458,195752,132910,9170981200,90,4,4216500
SF205,20220218,20220218,112544000,11:25:44,9462,195763,132915,9171496550,11,5,515350
SF205,20220218,20220218,112544500,11:25:44,9462,195768,132918,9171730800,5,3,234250
SF205,20220218,20220218,112545000,11:25:45,9460,195778,132917,9172199300,10,-1,468500
SF205,20220218,20220218,112545500,11:25:46,9462,195780,132917,9172293000,2,0,93700
SF205,20220218,20220218,112546000,11:25:47,9460,195786,132922,9172574100,6,5,281100
SF205,20220218,20220218,112546500,11:25:48,9460,195787,132923,9172620950,1,1,46850
SF205,20220218,20220218,112547500,11:25:48,9462,195793,132922,9172902050,6,-1,281100
SF205,20220218,20220218,112548000,11:25:48,9462,195794,132922,9172948900,1,0,46850
SF205,20220218,20220218,112548500,11:25:48,9462,195805,132920,9173464250,11,-2,515350
SF205,20220218,20220218,112549000,11:25:49,9462,195824,132914,9174354400,19,-6,890150
SF205,20220218,20220218,112549500,11:25:49,9462,195824,132914,9174354400,0,0,0
SF205,20220218,20220218,112550000,11:25:50,9460,195825,132913,9174401250,1,-1,46850
SF205,20220218,20220218,112550500,11:25:51,9460,195834,132921,9174822900,9,8,421650
SF205,20220218,20220218,112551000,11:25:51,9460,195835,132922,9174869750,1,1,46850
SF205,20220218,20220218,112551500,11:25:51,9458,195852,132929,9175666200,17,7,796450
SF205,20220218,20220218,112552000,11:25:52,9462,195859,132928,9175994150,7,-1,327950
SF205,20220218,20220218,112552500,11:25:52,9460,195863,132926,9176181550,4,-2,187400
SF205,20220218,20220218,112553000,11:25:53,9460,195864,132925,9176228400,1,-1,46850
SF205,20220218,20220218,112553500,11:25:54,9460,195865,132925,9176275250,1,0,46850
SF205,20220218,20220218,112554000,11:25:54,9460,195866,132925,9176322100,1,0,46850
SF205,20220218,20220218,112554500,11:25:55,9460,195866,132925,9176322100,0,0,0
SF205,20220218,20220218,112555000,11:25:55,9458,195869,132924,9176462650,3,-1,140550
SF205,20220218,20220218,112555500,11:25:56,9458,195907,132915,9178242950,38,-9,1780300
SF205,20220218,20220218,112556000,11:25:57,9456,195912,132914,9178477200,5,-1,234250
SF205,20220218,20220218,112556500,11:25:57,9458,195914,132914,9178570900,2,0,93700
SF205,20220218,20220218,112557000,11:25:57,9456,195915,132914,9178617750,1,0,46850
SF205,20220218,20220218,112557500,11:25:57,9456,195915,132914,9178617750,0,0,0
SF205,20220218,20220218,112558000,11:25:59,9456,195916,132914,9178664600,1,0,46850
SF205,20220218,20220218,112558500,11:25:59,9460,195917,132914,9178711450,1,0,46850
SF205,20220218,20220218,112559000,11:26:00,9458,195949,132916,9180210650,32,2,1499200
SF205,20220218,20220218,112559500,11:26:00,9458,195949,132916,9180210650,0,0,0
SF205,20220218,20220218,112600000,11:26:00,9462,195951,132916,9180304350,2,0,93700
SF205,20220218,20220218,112600500,11:26:01,9458,195953,132917,9180398050,2,1,93700
SF205,20220218,20220218,112601000,11:26:01,9460,195965,132919,9180960250,12,2,562200
SF205,20220218,20220218,112601500,11:26:01,9460,195970,132916,9181194500,5,-3,234250
SF205,20220218,20220218,112602000,11:26:03,9462,195972,132917,9181288200,2,1,93700
SF205,20220218,20220218,112602500,11:26:03,9460,195987,132915,9181990950,15,-2,702750
SF205,20220218,20220218,112603000,11:26:03,9462,196041,132939,9184520850,54,24,2529900
SF205,20220218,20220218,112603500,11:26:04,9462,196056,132941,9185223600,15,2,702750
SF205,20220218,20220218,112604000,11:26:05,9464,196063,132939,9185551550,7,-2,327950
SF205,20220218,20220218,112604500,11:26:05,9464,196069,132941,9185832650,6,2,281100
SF205,20220218,20220218,112605000,11:26:05,9464,196069,132941,9185832650,0,0,0
SF205,20220218,20220218,112605500,11:26:06,9464,196070,132942,9185879500,1,1,46850
SF205,20220218,20220218,112606000,11:26:06,9468,196085,132940,9186582250,15,-2,702750
SF205,20220218,20220218,112606500,11:26:07,9468,196090,132942,9186816500,5,2,234250
SF205,20220218,20220218,112607000,11:26:09,9464,196102,132945,9187378700,12,3,562200
SF205,20220218,20220218,112607500,11:26:09,9466,196106,132943,9187566100,4,-2,187400
SF205,20220218,20220218,112608000,11:26:09,9466,196106,132943,9187566100,0,0,0
SF205,20220218,20220218,112609000,11:26:09,9464,196110,132944,9187753500,4,1,187400
SF205,20220218,20220218,112609500,11:26:10,9466,196114,132944,9187940900,4,0,187400
SF205,20220218,20220218,112610000,11:26:10,9466,196115,132943,9187987750,1,-1,46850
SF205,20220218,20220218,112610500,11:26:11,9464,196119,132944,9188175150,4,1,187400
SF205,20220218,20220218,112611000,11:26:11,9464,196120,132945,9188222000,1,1,46850
SF205,20220218,20220218,112611500,11:26:13,9464,196120,132945,9188222000,0,0,0
SF205,20220218,20220218,112612000,11:26:14,9464,196120,132945,9188222000,0,0,0
SF205,20220218,20220218,112612500,11:26:14,9464,196122,132945,9188315700,2,0,93700
SF205,20220218,20220218,112613000,11:26:15,9466,196123,132945,9188362550,1,0,46850
SF205,20220218,20220218,112614000,11:26:15,9464,196132,132946,9188784200,9,1,421650
SF205,20220218,20220218,112614500,11:26:15,9464,196134,132947,9188877900,2,1,93700
SF205,20220218,20220218,112615000,11:26:16,9464,196134,132947,9188877900,0,0,0
SF205,20220218,20220218,112615500,11:26:16,9464,196135,132947,9188924750,1,0,46850
SF205,20220218,20220218,112616000,11:26:16,9462,196148,132943,9189533800,13,-4,609050
SF205,20220218,20220218,112616500,11:26:17,9462,196161,132930,9190142850,13,-13,609050
SF205,20220218,20220218,112617000,11:26:17,9462,196162,132929,9190189700,1,-1,46850
SF205,20220218,20220218,112617500,11:26:17,9462,196163,132929,9190236550,1,0,46850
SF205,20220218,20220218,112618500,11:26:18,9462,196163,132929,9190236550,0,0,0
SF205,20220218,20220218,112619500,11:26:20,9462,196165,132929,9190330250,2,0,93700
SF205,20220218,20220218,112620000,11:26:20,9462,196166,132930,9190377100,1,1,46850
SF205,20220218,20220218,112620500,11:26:20,9462,196166,132930,9190377100,0,0,0
SF205,20220218,20220218,112621000,11:26:21,9462,196166,132930,9190377100,0,0,0
SF205,20220218,20220218,112622000,11:26:22,9462,196167,132931,9190423950,1,1,46850
SF205,20220218,20220218,112622500,11:26:23,9462,196168,132932,9190470800,1,1,46850
SF205,20220218,20220218,112623000,11:26:23,9460,196169,132933,9190517650,1,1,46850
SF205,20220218,20220218,112623500,11:26:23,9460,196169,132933,9190517650,0,0,0
SF205,20220218,20220218,112624000,11:26:24,9462,196170,132933,9190564500,1,0,46850
SF205,20220218,20220218,112624500,11:26:24,9462,196170,132933,9190564500,0,0,0
SF205,20220218,20220218,112625000,11:26:25,9462,196171,132933,9190611350,1,0,46850
SF205,20220218,20220218,112625500,11:26:25,9462,196176,132936,9190845600,5,3,234250
SF205,20220218,20220218,112626000,11:26:26,9462,196177,132936,9190892450,1,0,46850
SF205,20220218,20220218,112627000,11:26:27,9462,196177,132936,9190892450,0,0,0
SF205,20220218,20220218,112627500,11:26:27,9462,196182,132937,9191126700,5,1,234250
SF205,20220218,20220218,112628000,11:26:28,9460,196183,132936,9191173550,1,-1,46850
SF205,20220218,20220218,112628500,11:26:28,9460,196191,132942,9191548350,8,6,374800
SF205,20220218,20220218,112630000,11:26:31,9460,196202,132940,9192063700,11,-2,515350
SF205,20220218,20220218,112630500,11:26:31,9460,196213,132937,9192579050,11,-3,515350
SF205,20220218,20220218,112631000,11:26:31,9462,196222,132941,9193000700,9,4,421650
SF205,20220218,20220218,112631500,11:26:32,9462,196222,132941,9193000700,0,0,0
SF205,20220218,20220218,112632000,11:26:32,9462,196222,132941,9193000700,0,0,0
SF205,20220218,20220218,112632500,11:26:32,9462,196224,132941,9193094400,2,0,93700
SF205,20220218,20220218,112633000,11:26:33,9462,196224,132941,9193094400,0,0,0
SF205,20220218,20220218,112634000,11:26:34,9462,196224,132941,9193094400,0,0,0
SF205,20220218,20220218,112634500,11:26:37,9460,196234,132946,9193562900,10,5,468500
SF205,20220218,20220218,112635000,11:26:37,9460,196234,132946,9193562900,0,0,0
SF205,20220218,20220218,112636000,11:26:38,9460,196235,132945,9193609750,1,-1,46850
SF205,20220218,20220218,112637000,11:26:38,9460,196249,132947,9194265650,14,2,655900
SF205,20220218,20220218,112637500,11:27:10,9460,196249,132947,9194265650,0,0,0
SF205,20220218,20220218,112653500,11:27:10,9464,196341,132973,9198575850,92,26,4310200
SF205,20220218,20220218,112654000,11:27:12,9464,196341,132973,9198575850,0,0,0
SF205,20220218,20220218,112710000,11:27:12,9464,196582,133044,9209866700,241,71,11290850
SF205,20220218,20220218,112710500,11:27:12,9464,196582,133044,9209866700,0,0,0
SF205,20220218,20220218,112712000,11:27:12,9466,196585,133045,9210007250,3,1,140550
SF205,20220218,20220218,112712500,11:27:13,9466,196585,133045,9210007250,0,0,0
SF205,20220218,20220218,112713000,11:27:13,9466,196594,133041,9210428900,9,-4,421650
SF205,20220218,20220218,112713500,11:27:14,9466,196595,133041,9210475750,1,0,46850
SF205,20220218,20220218,112714000,11:27:15,9466,196596,133041,9210522600,1,0,46850
SF205,20220218,20220218,112714500,11:27:15,9466,196597,133040,9210569450,1,-1,46850
SF205,20220218,20220218,112715000,11:27:15,9468,196598,133040,9210616300,1,0,46850
SF205,20220218,20220218,112715500,11:27:16,9468,196599,133041,9210663150,1,1,46850
SF205,20220218,20220218,112716000,11:27:17,9466,196600,133040,9210710000,1,-1,46850
SF205,20220218,20220218,112716500,11:27:17,9466,196604,133040,9210897400,4,0,187400
SF205,20220218,20220218,112717000,11:27:17,9468,196620,133037,9211647000,16,-3,749600
SF205,20220218,20220218,112717500,11:27:17,9466,196623,133035,9211787550,3,-2,140550
SF205,20220218,20220218,112718000,11:27:18,9466,196634,133046,9212302900,11,11,515350
SF205,20220218,20220218,112718500,11:27:19,9464,196644,133050,9212771400,10,4,468500
SF205,20220218,20220218,112719000,11:27:19,9464,196652,133050,9213146200,8,0,374800
SF205,20220218,20220218,112719500,11:27:20,9466,196653,133050,9213193050,1,0,46850
SF205,20220218,20220218,112720000,11:27:20,9466,196667,133043,9213848950,14,-7,655900
SF205,20220218,20220218,112720500,11:27:21,9466,196672,133038,9214083200,5,-5,234250
SF205,20220218,20220218,112721000,11:27:21,9466,196682,133038,9214551700,10,0,468500
SF205,20220218,20220218,112721500,11:27:22,9468,196687,133039,9214785950,5,1,234250
SF205,20220218,20220218,112722000,11:27:22,9466,196699,133039,9215348150,12,0,562200
SF205,20220218,20220218,112722500,11:27:23,9466,196717,133049,9216191450,18,10,843300
SF205,20220218,20220218,112723000,11:27:27,9466,196718,133049,9216238300,1,0,46850
SF205,20220218,20220218,112723500,11:27:27,9466,196719,133049,9216285150,1,0,46850
SF205,20220218,20220218,112724000,11:27:27,9468,196721,133049,9216378850,2,0,93700
SF205,20220218,20220218,112726500,11:27:27,9466,196753,133029,9217878050,32,-20,1499200
SF205,20220218,20220218,112727000,11:27:27,9468,196770,133031,9218674500,17,2,796450
SF205,20220218,20220218,112727500,11:27:27,9468,196770,133031,9218674500,0,0,0
SF205,20220218,20220218,112728000,11:27:28,9466,196772,133031,9218768200,2,0,93700
SF205,20220218,20220218,112728500,11:27:28,9466,196775,133034,9218908750,3,3,140550
SF205,20220218,20220218,112729000,11:27:29,9466,196775,133034,9218908750,0,0,0
SF205,20220218,20220218,112729500,11:27:30,9466,196786,133035,9219424100,11,1,515350
SF205,20220218,20220218,112730000,11:27:30,9466,196788,133036,9219517800,2,1,93700
SF205,20220218,20220218,112730500,11:27:31,9464,196828,133025,9221391800,40,-11,1874000
SF205,20220218,20220218,112731000,11:27:32,9464,196849,133022,9222375650,21,-3,983850
SF205,20220218,20220218,112731500,11:27:35,9464,196856,133024,9222703600,7,2,327950
SF205,20220218,20220218,112732000,11:27:35,9464,196858,133024,9222797300,2,0,93700
SF205,20220218,20220218,112732500,11:27:36,9464,196870,133017,9223359500,12,-7,562200
SF205,20220218,20220218,112735500,11:27:36,9464,196870,133017,9223359500,0,0,0
SF205,20220218,20220218,112736000,11:27:36,9466,196924,133010,9225889400,54,-7,2529900
SF205,20220218,20220218,112736500,11:27:38,9466,196924,133010,9225889400,0,0,0
SF205,20220218,20220218,112737000,11:27:38,9466,196924,133010,9225889400,0,0,0
SF205,20220218,20220218,112737500,11:27:38,9462,196934,133010,9226357900,10,0,468500
SF205,20220218,20220218,112738000,11:27:38,9462,196935,133009,9226404750,1,-1,46850
SF205,20220218,20220218,112738500,11:27:39,9462,196945,133009,9226873250,10,0,468500
SF205,20220218,20220218,112739000,11:27:39,9462,196952,133007,9227201200,7,-2,327950
SF205,20220218,20220218,112739500,11:27:39,9464,196970,133008,9228044500,18,1,843300
SF205,20220218,20220218,112740000,11:27:40,9462,196980,133010,9228513000,10,2,468500
SF205,20220218,20220218,112740500,11:27:40,9462,196980,133010,9228513000,0,0,0
SF205,20220218,20220218,112741000,11:27:41,9464,196983,133011,9228653550,3,1,140550
SF205,20220218,20220218,112741500,11:27:41,9464,196983,133011,9228653550,0,0,0
SF205,20220218,20220218,112742000,11:27:42,9464,196984,133011,9228700400,1,0,46850
SF205,20220218,20220218,112742500,11:27:43,9464,196985,133011,9228747250,1,0,46850
SF205,20220218,20220218,112743000,11:27:43,9462,196987,133010,9228840950,2,-1,93700
SF205,20220218,20220218,112743500,11:27:43,9464,196989,133008,9228934650,2,-2,93700
SF205,20220218,20220218,112744000,11:27:44,9464,196991,133007,9229028350,2,-1,93700
SF205,20220218,20220218,112744500,11:27:45,9464,196994,133004,9229168900,3,-3,140550
SF205,20220218,20220218,112745000,11:27:46,9464,197010,133007,9229918500,16,3,749600
SF205,20220218,20220218,112746000,11:27:46,9464,197010,133007,9229918500,0,0,0
SF205,20220218,20220218,112746500,11:27:47,9462,197020,133010,9230387000,10,3,468500
SF205,20220218,20220218,112747000,11:27:47,9462,197020,133010,9230387000,0,0,0
SF205,20220218,20220218,112747500,11:27:47,9462,197020,133010,9230387000,0,0,0
SF205,20220218,20220218,112748000,11:27:53,9464,197023,133007,9230527550,3,-3,140550
SF205,20220218,20220218,112748500,11:27:54,9462,197028,133010,9230761800,5,3,234250
SF205,20220218,20220218,112749000,11:27:54,9462,197028,133010,9230761800,0,0,0
SF205,20220218,20220218,112749500,11:27:54,9460,197058,133021,9232167300,30,11,1405500
SF205,20220218,20220218,112754000,11:27:54,9462,197090,133019,9233666500,32,-2,1499200
SF205,20220218,20220218,112754500,11:27:55,9464,197102,133020,9234228700,12,1,562200
SF205,20220218,20220218,112755000,11:27:55,9464,197102,133020,9234228700,0,0,0
SF205,20220218,20220218,112755500,11:27:55,9464,197106,133019,9234416100,4,-1,187400
SF205,20220218,20220218,112756000,11:27:56,9464,197193,133094,9238492050,87,75,4075950
SF205,20220218,20220218,112756500,11:27:56,9466,197196,133094,9238632600,3,0,140550
SF205,20220218,20220218,112757000,11:27:57,9466,197196,133094,9238632600,0,0,0
SF205,20220218,20220218,112757500,11:27:57,9466,197209,133093,9239241650,13,-1,609050
SF205,20220218,20220218,112758000,11:27:58,9466,197209,133093,9239241650,0,0,0
SF205,20220218,20220218,112758500,11:27:59,9468,197210,133093,9239288500,1,0,46850
SF205,20220218,20220218,112759000,11:27:59,9466,197213,133094,9239429050,3,1,140550
SF205,20220218,20220218,112759500,11:27:59,9466,197213,133094,9239429050,0,0,0
SF205,20220218,20220218,112800000,11:28:01,9468,197242,133110,9240787700,29,16,1358650
SF205,20220218,20220218,112800500,11:28:01,9468,197244,133111,9240881400,2,1,93700
SF205,20220218,20220218,112801000,11:28:01,9468,197253,133114,9241303050,9,3,421650
SF205,20220218,20220218,112801500,11:28:02,9470,197269,133125,9242052650,16,11,749600
SF205,20220218,20220218,112802000,11:28:03,9470,197272,133127,9242193200,3,2,140550
SF205,20220218,20220218,112802500,11:28:03,9470,197389,133217,9247674650,117,90,5481450
SF205,20220218,20220218,112803000,11:28:04,9472,197406,133226,9248471100,17,9,796450
SF205,20220218,20220218,112803500,11:28:04,9474,197408,133227,9248564800,2,1,93700
SF205,20220218,20220218,112804000,11:28:05,9472,197413,133227,9248799050,5,0,234250
SF205,20220218,20220218,112804500,11:28:05,9474,197416,133224,9248939600,3,-3,140550
SF205,20220218,20220218,112805000,11:28:06,9472,197418,133226,9249033300,2,2,93700
SF205,20220218,20220218,112805500,11:28:06,9472,197424,133230,9249314400,6,4,281100
SF205,20220218,20220218,112806000,11:28:10,9472,197430,133227,9249595500,6,-3,281100
SF205,20220218,20220218,112806500,11:28:10,9474,197465,133231,9251235250,35,4,1639750
SF205,20220218,20220218,112807000,11:28:10,9474,197469,133231,9251422650,4,0,187400
SF205,20220218,20220218,112807500,11:28:11,9476,197474,133229,9251656900,5,-2,234250
SF205,20220218,20220218,112810000,11:28:11,9478,197557,133259,9255545450,83,30,3888550
SF205,20220218,20220218,112810500,11:28:11,9476,197582,133263,9256716700,25,4,1171250
SF205,20220218,20220218,112811000,11:28:12,9478,197613,133281,9258169050,31,18,1452350
SF205,20220218,20220218,112811500,11:28:12,9478,197641,133289,9259480850,28,8,1311800
SF205,20220218,20220218,112812000,11:28:12,9478,197641,133289,9259480850,0,0,0
SF205,20220218,20220218,112812500,11:28:13,9478,197655,133294,9260136750,14,5,655900
SF205,20220218,20220218,112813000,11:28:13,9476,197669,133289,9260792650,14,-5,655900
SF205,20220218,20220218,112813500,11:28:14,9478,197675,133289,9261073750,6,0,281100
SF205,20220218,20220218,112814000,11:28:14,9478,197678,133289,9261214300,3,0,140550
SF205,20220218,20220218,112814500,11:28:14,9478,197680,133288,9261308000,2,-1,93700
SF205,20220218,20220218,112815000,11:28:15,9480,197691,133290,9261823350,11,2,515350
SF205,20220218,20220218,112815500,11:28:15,9480,197692,133290,9261870200,1,0,46850
SF205,20220218,20220218,112816000,11:28:16,9478,197705,133296,9262479250,13,6,609050
SF205,20220218,20220218,112816500,11:28:16,9480,197713,133302,9262854050,8,6,374800
SF205,20220218,20220218,112817000,11:28:17,9480,197782,133360,9266086700,69,58,3232650
SF205,20220218,20220218,112817500,11:28:17,9480,197791,133369,9266508350,9,9,421650
SF205,20220218,20220218,112818000,11:28:18,9480,197807,133377,9267257950,16,8,749600
SF205,20220218,20220218,112818500,11:28:18,9480,197822,133386,9267960700,15,9,702750
SF205,20220218,20220218,112819000,11:28:19,9478,197852,133402,9269366200,30,16,1405500
SF205,20220218,20220218,112819500,11:28:19,9478,197892,133408,9271240200,40,6,1874000
SF205,20220218,20220218,112820000,11:28:20,9476,197920,133412,9272552000,28,4,1311800
SF205,20220218,20220218,112820500,11:28:20,9478,197935,133409,9273254750,15,-3,702750
SF205,20220218,20220218,112821000,11:28:21,9478,197935,133409,9273254750,0,0,0
SF205,20220218,20220218,112821500,11:28:22,9478,197936,133408,9273301600,1,-1,46850
SF205,20220218,20220218,112822000,11:28:22,9478,197945,133405,9273723250,9,-3,421650
SF205,20220218,20220218,112822500,11:28:22,9476,197947,133406,9273816950,2,1,93700
SF205,20220218,20220218,112823000,11:28:23,9476,197951,133403,9274004350,4,-3,187400
SF205,20220218,20220218,112823500,11:28:23,9476,197957,133406,9274285450,6,3,281100
SF205,20220218,20220218,112824000,11:28:24,9478,197961,133403,9274472850,4,-3,187400
SF205,20220218,20220218,112824500,11:28:24,9478,197961,133403,9274472850,0,0,0
SF205,20220218,20220218,112825000,11:28:25,9478,197966,133403,9274707100,5,0,234250
SF205,20220218,20220218,112825500,11:28:25,9478,197967,133404,9274753950,1,1,46850
SF205,20220218,20220218,112826000,11:28:26,9476,197987,133391,9275690950,20,-13,937000
SF205,20220218,20220218,112826500,11:28:27,9474,197992,133390,9275925200,5,-1,234250
SF205,20220218,20220218,112827000,11:28:27,9476,198012,133385,9276862200,20,-5,937000
SF205,20220218,20220218,112827500,11:28:27,9474,198140,133454,9282859000,128,69,5996800
SF205,20220218,20220218,112828000,11:28:28,9470,198161,133449,9283842850,21,-5,983850
SF205,20220218,20220218,112828500,11:28:28,9472,198170,133446,9284264500,9,-3,421650
SF205,20220218,20220218,112829000,11:28:29,9470,198197,133446,9285529450,27,0,1264950
SF205,20220218,20220218,112829500,11:28:29,9470,198204,133442,9285857400,7,-4,327950
SF205,20220218,20220218,112830000,11:28:30,9470,198207,133443,9285997950,3,1,140550
SF205,20220218,20220218,112830500,11:28:31,9470,198208,133444,9286044800,1,1,46850
SF205,20220218,20220218,112831000,11:28:31,9468,198221,133438,9286653850,13,-6,609050
SF205,20220218,20220218,112831500,11:28:31,9468,198223,133437,9286747550,2,-1,93700
SF205,20220218,20220218,112832000,11:28:32,9470,198224,133437,9286794400,1,0,46850
SF205,20220218,20220218,112832500,11:28:33,9472,198225,133438,9286841250,1,1,46850
SF205,20220218,20220218,112833000,11:28:33,9468,198231,133441,9287122350,6,3,281100
SF205,20220218,20220218,112833500,11:28:34,9472,198241,133438,9287590850,10,-3,468500
SF205,20220218,20220218,112834000,11:28:34,9470,198278,133414,9289324300,37,-24,1733450
SF205,20220218,20220218,112834500,11:28:34,9470,198278,133414,9289324300,0,0,0
SF205,20220218,20220218,112835000,11:28:35,9470,198278,133414,9289324300,0,0,0
SF205,20220218,20220218,112835500,11:28:37,9472,198286,133419,9289699100,8,5,374800
SF205,20220218,20220218,112836000,11:28:37,9472,198286,133419,9289699100,0,0,0
SF205,20220218,20220218,112836500,11:28:37,9472,198286,133419,9289699100,0,0,0
SF205,20220218,20220218,112837000,11:28:37,9470,198299,133411,9290308150,13,-8,609050
SF205,20220218,20220218,112837500,11:28:38,9472,198316,133415,9291104600,17,4,796450
SF205,20220218,20220218,112838000,11:28:38,9474,198337,133419,9292088450,21,4,983850
SF205,20220218,20220218,112838500,11:28:38,9474,198348,133418,9292603800,11,-1,515350
SF205,20220218,20220218,112839000,11:28:40,9472,198358,133428,9293072300,10,10,468500
SF205,20220218,20220218,112839500,11:28:40,9472,198365,133435,9293400250,7,7,327950
SF205,20220218,20220218,112840000,11:28:40,9472,198379,133445,9294056150,14,10,655900
SF205,20220218,20220218,112840500,11:28:40,9472,198380,133446,9294103000,1,1,46850
SF205,20220218,20220218,112841000,11:28:41,9472,198382,133448,9294196700,2,2,93700
SF205,20220218,20220218,112841500,11:28:41,9472,198384,133448,9294290400,2,0,93700
SF205,20220218,20220218,112842000,11:28:42,9472,198385,133449,9294337250,1,1,46850
SF205,20220218,20220218,112842500,11:28:42,9472,198386,133449,9294384100,1,0,46850
SF205,20220218,20220218,112843000,11:28:43,9474,198388,133448,9294477800,2,-1,93700
SF205,20220218,20220218,112843500,11:28:44,9474,198393,133449,9294712050,5,1,234250
SF205,20220218,20220218,112844000,11:28:44,9472,198399,133448,9294993150,6,-1,281100
SF205,20220218,20220218,112844500,11:28:45,9474,198401,133450,9295086850,2,2,93700
SF205,20220218,20220218,112845000,11:28:45,9472,198405,133453,9295274250,4,3,187400
SF205,20220218,20220218,112845500,11:28:45,9472,198411,133456,9295555350,6,3,281100
SF205,20220218,20220218,112846000,11:28:46,9472,198425,133468,9296211250,14,12,655900
SF205,20220218,20220218,112846500,11:28:46,9474,198438,133467,9296820300,13,-1,609050
SF205,20220218,20220218,112847000,11:28:47,9472,198440,133466,9296914000,2,-1,93700
SF205,20220218,20220218,112847500,11:28:47,9474,198444,133468,9297101400,4,2,187400
SF205,20220218,20220218,112848000,11:28:48,9472,198458,133462,9297757300,14,-6,655900
SF205,20220218,20220218,112848500,11:28:48,9472,198458,133462,9297757300,0,0,0
SF205,20220218,20220218,112849000,11:28:49,9474,198460,133461,9297851000,2,-1,93700
SF205,20220218,20220218,112849500,11:28:50,9472,198461,133461,9297897850,1,0,46850
SF205,20220218,20220218,112850000,11:28:50,9476,198467,133463,9298178950,6,2,281100
SF205,20220218,20220218,112850500,11:28:50,9476,198467,133463,9298178950,0,0,0
SF205,20220218,20220218,112851000,11:28:51,9472,198469,133463,9298272650,2,0,93700
SF205,20220218,20220218,112851500,11:28:51,9472,198474,133463,9298506900,5,0,234250
SF205,20220218,20220218,112852000,11:28:52,9474,198477,133464,9298647450,3,1,140550
SF205,20220218,20220218,112852500,11:28:53,9472,198483,133467,9298928550,6,3,281100
SF205,20220218,20220218,112853000,11:28:54,9472,198483,133467,9298928550,0,0,0
SF205,20220218,20220218,112853500,11:28:54,9472,198489,133472,9299209650,6,5,281100
SF205,20220218,20220218,112854000,11:28:54,9470,198505,133467,9299959250,16,-5,749600
SF205,20220218,20220218,112854500,11:28:54,9470,198522,133459,9300755700,17,-8,796450
SF205,20220218,20220218,112855000,11:28:55,9470,198522,133459,9300755700,0,0,0
SF205,20220218,20220218,112855500,11:28:56,9470,198522,133459,9300755700,0,0,0
SF205,20220218,20220218,112856000,11:28:56,9472,198523,133460,9300802550,1,1,46850
SF205,20220218,20220218,112856500,11:28:56,9470,198529,133463,9301083650,6,3,281100
SF205,20220218,20220218,112857000,11:28:57,9472,198532,133465,9301224200,3,2,140550
SF205,20220218,20220218,112857500,11:28:58,9474,198535,133468,9301364750,3,3,140550
SF205,20220218,20220218,112858000,11:28:58,9472,198537,133470,9301458450,2,2,93700
SF205,20220218,20220218,112858500,11:28:59,9474,198547,133467,9301926950,10,-3,468500
SF205,20220218,20220218,112859000,11:28:59,9474,198547,133467,9301926950,0,0,0
SF205,20220218,20220218,112859500,11:29:00,9470,198563,133475,9302676550,16,8,749600
SF205,20220218,20220218,112900000,11:29:00,9470,198564,133476,9302723400,1,1,46850
SF205,20220218,20220218,112900500,11:29:01,9470,198571,133481,9303051350,7,5,327950
SF205,20220218,20220218,112901000,11:29:01,9470,198599,133483,9304363150,28,2,1311800
SF205,20220218,20220218,112901500,11:29:02,9468,198605,133488,9304644250,6,5,281100
SF205,20220218,20220218,112902000,11:29:02,9468,198615,133490,9305112750,10,2,468500
SF205,20220218,20220218,112902500,11:29:03,9468,198629,133485,9305768650,14,-5,655900
SF205,20220218,20220218,112903000,11:29:03,9468,198630,133484,9305815500,1,-1,46850
SF205,20220218,20220218,112903500,11:29:04,9470,198635,133489,9306049750,5,5,234250
SF205,20220218,20220218,112904000,11:29:04,9468,198638,133488,9306190300,3,-1,140550
SF205,20220218,20220218,112904500,11:29:04,9470,198651,133497,9306799350,13,9,609050
SF205,20220218,20220218,112905000,11:29:05,9468,198653,133499,9306893050,2,2,93700
SF205,20220218,20220218,112905500,11:29:06,9468,198653,133499,9306893050,0,0,0
SF205,20220218,20220218,112906000,11:29:06,9468,198661,133507,9307267850,8,8,374800
SF205,20220218,20220218,112906500,11:29:06,9468,198663,133509,9307361550,2,2,93700
SF205,20220218,20220218,112907000,11:29:07,9470,198684,133509,9308345400,21,0,983850
SF205,20220218,20220218,112907500,11:29:08,9470,198689,133514,9308579650,5,5,234250
SF205,20220218,20220218,112908000,11:29:08,9468,198701,133513,9309141850,12,-1,562200
SF205,20220218,20220218,112908500,11:29:08,9466,198728,133491,9310406800,27,-22,1264950
SF205,20220218,20220218,112909000,11:29:09,9464,198736,133490,9310781600,8,-1,374800
SF205,20220218,20220218,112909500,11:29:09,9468,198737,133489,9310828450,1,-1,46850
SF205,20220218,20220218,112910000,11:29:10,9464,198740,133489,9310969000,3,0,140550
SF205,20220218,20220218,112910500,11:29:10,9466,198746,133489,9311250100,6,0,281100
SF205,20220218,20220218,112911000,11:29:11,9464,198760,133491,9311906000,14,2,655900
SF205,20220218,20220218,112911500,11:29:12,9462,198762,133490,9311999700,2,-1,93700
SF205,20220218,20220218,112912000,11:29:12,9462,198767,133490,9312233950,5,0,234250
SF205,20220218,20220218,112912500,11:29:12,9462,198796,133468,9313592600,29,-22,1358650
SF205,20220218,20220218,112913000,11:29:13,9460,198806,133462,9314061100,10,-6,468500
SF205,20220218,20220218,112913500,11:29:14,9458,198813,133457,9314389050,7,-5,327950
SF205,20220218,20220218,112914000,11:29:14,9460,198819,133452,9314670150,6,-5,281100
SF205,20220218,20220218,112914500,11:29:15,9458,198832,133448,9315279200,13,-4,609050
SF205,20220218,20220218,112915000,11:29:15,9460,198857,133438,9316450450,25,-10,1171250
SF205,20220218,20220218,112915500,11:29:16,9460,198889,133423,9317949650,32,-15,1499200
SF205,20220218,20220218,112916000,11:29:16,9460,198948,133425,9320713800,59,2,2764150
SF205,20220218,20220218,112916500,11:29:18,9458,198964,133419,9321463400,16,-6,749600
SF205,20220218,20220218,112917000,11:29:20,9458,198978,133418,9322119300,14,-1,655900
SF205,20220218,20220218,112917500,11:29:21,9458,199023,133397,9324227550,45,-21,2108250
SF205,20220218,20220218,112918000,11:29:21,9458,199053,133386,9325633050,30,-11,1405500
SF205,20220218,20220218,112920500,11:29:21,9454,199217,133261,9333316450,164,-125,7683400
SF205,20220218,20220218,112921000,11:29:22,9452,199242,133252,9334487700,25,-9,1171250
SF205,20220218,20220218,112921500,11:29:24,9452,199262,133237,9335424700,20,-15,937000
SF205,20220218,20220218,112922000,11:29:24,9454,199284,133216,9336455400,22,-21,1030700
SF205,20220218,20220218,112922500,11:29:24,9452,199308,133198,9337579800,24,-18,1124400
SF205,20220218,20220218,112923000,11:29:24,9450,199323,133190,9338282550,15,-8,702750
SF205,20220218,20220218,112924000,11:29:24,9450,199358,133172,9339922300,35,-18,1639750
SF205,20220218,20220218,112924500,11:29:24,9452,199376,133164,9340765600,18,-8,843300
SF205,20220218,20220218,112925000,11:29:25,9448,199475,133090,9345403750,99,-74,4638150
SF205,20220218,20220218,112925500,11:29:25,9446,199582,133112,9352412520,107,22,7008770
SF205,20220218,20220218,112926000,11:29:26,9446,199603,133114,9353396580,21,2,984060
SF205,20220218,20220218,112926500,11:29:26,9444,199615,133105,9353958900,12,-9,562320
SF205,20220218,20220218,112927000,11:29:27,9448,199640,133094,9355130400,25,-11,1171500
SF205,20220218,20220218,112927500,11:29:27,9448,199658,133085,9355973880,18,-9,843480
SF205,20220218,20220218,112928000,11:29:28,9448,199661,133082,9356114460,3,-3,140580
SF205,20220218,20220218,112928500,11:29:28,9448,199687,133078,9357332820,26,-4,1218360
SF205,20220218,20220218,112929000,11:29:29,9448,199712,133059,9358504320,25,-19,1171500
SF205,20220218,20220218,112929500,11:29:30,9452,199771,133084,9361269060,59,25,2764740
SF205,20220218,20220218,112930000,11:29:30,9452,199780,133077,9361690800,9,-7,421740
SF205,20220218,20220218,112930500,11:29:31,9452,199798,133061,9362534280,18,-16,843480
SF205,20220218,20220218,112931000,11:29:32,9450,199806,133060,9362909160,8,-1,374880
SF205,20220218,20220218,112931500,11:29:32,9450,199812,133057,9363190320,6,-3,281160
SF205,20220218,20220218,112932000,11:29:36,9448,199842,133046,9364596120,30,-11,1405800
SF205,20220218,20220218,112932500,11:29:36,9448,199863,133051,9365580180,21,5,984060
SF205,20220218,20220218,112933000,11:29:37,9448,199923,133040,9368391780,60,-11,2811600
SF205,20220218,20220218,112933500,11:29:38,9448,199927,133042,9368579220,4,2,187440
SF205,20220218,20220218,112936500,11:29:38,9452,199993,133036,9371671980,66,-6,3092760
SF205,20220218,20220218,112937000,11:29:38,9454,200001,133037,9372046860,8,1,374880
SF205,20220218,20220218,112937500,11:29:38,9454,200013,133038,9372609180,12,1,562320
SF205,20220218,20220218,112938000,11:29:38,9456,200023,133046,9373077780,10,8,468600
SF205,20220218,20220218,112938500,11:29:39,9452,200051,133025,9374389860,28,-21,1312080
SF205,20220218,20220218,112939000,11:29:39,9450,200056,133025,9374624160,5,0,234300
SF205,20220218,20220218,112939500,11:29:40,9452,200065,133024,9375045900,9,-1,421740
SF205,20220218,20220218,112940000,11:29:40,9452,200065,133024,9375045900,0,0,0
SF205,20220218,20220218,112940500,11:29:40,9452,200082,133020,9375842520,17,-4,796620
SF205,20220218,20220218,112941000,11:29:41,9454,200088,133019,9376123680,6,-1,281160
SF205,20220218,20220218,112941500,11:29:42,9454,200090,133019,9376217400,2,0,93720
SF205,20220218,20220218,112942000,11:29:42,9452,200135,133014,9378326100,45,-5,2108700
SF205,20220218,20220218,112942500,11:29:44,9452,200146,133021,9378841560,11,7,515460
SF205,20220218,20220218,112943000,11:29:45,9452,200153,133026,9379169580,7,5,328020
SF205,20220218,20220218,112943500,11:29:45,9450,200163,133024,9379638180,10,-2,468600
SF205,20220218,20220218,112944000,11:29:45,9454,200164,133024,9379685040,1,0,46860
SF205,20220218,20220218,112944500,11:29:45,9454,200170,133021,9379966200,6,-3,281160
SF205,20220218,20220218,112945000,11:29:46,9450,200211,133018,9381887460,41,-3,1921260
SF205,20220218,20220218,112945500,11:29:46,9452,200215,133017,9382074900,4,-1,187440
SF205,20220218,20220218,112946000,11:29:46,9452,200218,133017,9382215480,3,0,140580
SF205,20220218,20220218,112946500,11:29:47,9452,200224,133017,9382496640,6,0,281160
SF205,20220218,20220218,112947000,11:29:47,9450,200251,133015,9383761860,27,-2,1265220
SF205,20220218,20220218,112947500,11:29:48,9450,200253,133015,9383855580,2,0,93720
SF205,20220218,20220218,112948000,11:29:49,9448,200258,133014,9384089880,5,-1,234300
SF205,20220218,20220218,112948500,11:29:49,9446,200275,133001,9384886500,17,-13,796620
SF205,20220218,20220218,112949000,11:29:50,9448,200278,133001,9385027080,3,0,140580
SF205,20220218,20220218,112949500,11:29:50,9450,200295,133005,9385823700,17,4,796620
SF205,20220218,20220218,112950000,11:29:51,9446,200305,133003,9386292300,10,-2,468600
SF205,20220218,20220218,112950500,11:29:51,9450,200314,133002,9386714040,9,-1,421740
SF205,20220218,20220218,112951500,11:29:52,9446,200321,132996,9387042060,7,-6,328020
SF205,20220218,20220218,112952000,11:29:52,9446,200347,132990,9388260420,26,-6,1218360
SF205,20220218,20220218,112952500,11:29:53,9448,200367,132984,9389197620,20,-6,937200
SF205,20220218,20220218,112953000,11:29:54,9448,200383,132988,9389947380,16,4,749760
SF205,20220218,20220218,112953500,11:29:54,9448,200405,132994,9390978300,22,6,1030920
SF205,20220218,20220218,112954000,11:29:54,9448,200418,132986,9391587480,13,-8,609180
SF205,20220218,20220218,112954500,11:29:54,9448,200437,132985,9392477820,19,-1,890340
SF205,20220218,20220218,112955000,11:29:55,9446,200459,132990,9393508740,22,5,1030920
SF205,20220218,20220218,112955500,11:29:56,9450,200462,132988,9393649320,3,-2,140580
SF205,20220218,20220218,112956000,11:29:56,9448,200467,132987,9393883620,5,-1,234300
SF205,20220218,20220218,112956500,11:30:00,9448,200497,132980,9395289420,30,-7,1405800
SF205,20220218,20220218,112957000,11:30:00,9450,200512,132977,9395992320,15,-3,702900
SF205,20220218,20220218,112957500,11:30:02,9452,200522,132970,9396460920,10,-7,468600
SF205,20220218,20220218,112959500,11:30:02,9446,200553,132969,9397913580,31,-1,1452660
SF205,20220218,20220218,113000000,11:30:03,9448,200567,132970,9398569620,14,1,656040
SF205,20220218,20220218,113000500,11:30:03,9446,200571,132968,9398757060,4,-2,187440
SF205,20220218,20220218,133000500,13:30:00,9452,200597,132991,9399975420,26,23,1218360
SF205,20220218,20220218,133001000,13:30:01,9452,200757,133054,9407473020,160,63,7497600
SF205,20220218,20220218,133001500,13:30:02,9452,200842,133075,9411456120,85,21,3983100
SF205,20220218,20220218,133002000,13:30:08,9456,200910,133069,9414642600,68,-6,3186480
SF205,20220218,20220218,133002500,13:30:10,9454,200946,133062,9416329560,36,-7,1686960
SF205,20220218,20220218,133008000,13:30:10,9462,201228,133152,9429544080,282,90,13214520
SF205,20220218,20220218,133009500,13:30:10,9464,201275,133153,9431746500,47,1,2202420
SF205,20220218,20220218,133010000,13:30:11,9466,201313,133163,9433527180,38,10,1780680
SF205,20220218,20220218,133010500,13:30:12,9462,201419,133183,9438494340,106,20,4967160
SF205,20220218,20220218,133011000,13:30:13,9466,201462,133180,9440509320,43,-3,2014980
SF205,20220218,20220218,133011500,13:30:13,9464,201469,133179,9440837340,7,-1,328020
SF205,20220218,20220218,133012500,13:30:13,9462,201491,133181,9441868260,22,2,1030920
SF205,20220218,20220218,133013000,13:30:13,9462,201509,133185,9442711740,18,4,843480
SF205,20220218,20220218,133013500,13:30:14,9460,201511,133186,9442805460,2,1,93720
SF205,20220218,20220218,133014000,13:30:15,9460,201552,133192,9444726720,41,6,1921260
SF205,20220218,20220218,133014500,13:30:16,9460,201579,133207,9445991940,27,15,1265220
SF205,20220218,20220218,133015000,13:30:17,9464,201608,133227,9447350880,29,20,1358940
SF205,20220218,20220218,133016500,13:30:18,9468,201663,133222,9449928180,55,-5,2577300
SF205,20220218,20220218,133017000,13:30:18,9468,201680,133229,9450724800,17,7,796620
SF205,20220218,20220218,133017500,13:30:18,9468,201695,133227,9451427700,15,-2,702900
SF205,20220218,20220218,133018000,13:30:19,9470,201707,133224,9451990020,12,-3,562320
SF205,20220218,20220218,133018500,13:30:20,9470,201722,133218,9452692920,15,-6,702900
SF205,20220218,20220218,133019000,13:30:20,9468,201725,133218,9452833500,3,0,140580
SF205,20220218,20220218,133019500,13:30:20,9470,201728,133218,9452974080,3,0,140580
SF205,20220218,20220218,133020000,13:30:21,9470,201731,133219,9453114660,3,1,140580
SF205,20220218,20220218,133020500,13:30:21,9468,201733,133218,9453208380,2,-1,93720
SF205,20220218,20220218,133021000,13:30:21,9468,201745,133209,9453770700,12,-9,562320
SF205,20220218,20220218,133021500,13:30:22,9468,201756,133211,9454286160,11,2,515460
SF205,20220218,20220218,133022000,13:30:38,9468,201757,133211,9454333020,1,0,46860
SF205,20220218,20220218,133022500,13:30:38,9468,201817,133256,9457144620,60,45,2811600
SF205,20220218,20220218,133023000,13:30:39,9468,201826,133257,9457566360,9,1,421740
SF205,20220218,20220218,133038000,13:30:40,9456,202124,133347,9471530640,298,90,13964280
SF205,20220218,20220218,133038500,13:30:42,9456,202128,133344,9471718080,4,-3,187440
SF205,20220218,20220218,133040500,13:30:42,9456,202144,133331,9472467840,16,-13,749760
SF205,20220218,20220218,133041000,13:30:43,9454,202145,133332,9472514700,1,1,46860
SF205,20220218,20220218,133042500,13:30:44,9456,202165,133331,9473451900,20,-1,937200
SF205,20220218,20220218,133043000,13:30:44,9454,202179,133337,9474107940,14,6,656040
SF205,20220218,20220218,133043500,13:30:45,9454,202204,133346,9475279440,25,9,1171500
SF205,20220218,20220218,133044000,13:30:46,9456,202207,133348,9475420020,3,2,140580
SF205,20220218,20220218,133044500,13:30:46,9456,202210,133349,9475560600,3,1,140580
SF205,20220218,20220218,133045000,13:30:46,9456,202210,133349,9475560600,0,0,0
SF205,20220218,20220218,133045500,13:30:47,9454,202234,133345,9476685240,24,-4,1124640
SF205,20220218,20220218,133046000,13:30:47,9454,202243,133353,9477106980,9,8,421740
SF205,20220218,20220218,133046500,13:30:47,9456,202290,133346,9479309400,47,-7,2202420
SF205,20220218,20220218,133047000,13:30:48,9456,202295,133344,9479543700,5,-2,234300
SF205,20220218,20220218,133047500,13:30:48,9458,202297,133344,9479637420,2,0,93720
SF205,20220218,20220218,133048000,13:30:49,9458,202309,133338,9480199740,12,-6,562320
SF205,20220218,20220218,133048500,13:30:49,9456,202332,133358,9481277520,23,20,1077780
SF205,20220218,20220218,133049000,13:30:50,9458,202337,133359,9481511820,5,1,234300
SF205,20220218,20220218,133050000,13:30:51,9460,202338,133359,9481558680,1,0,46860
SF205,20220218,20220218,133050500,13:30:51,9458,202340,133360,9481652400,2,1,93720
SF205,20220218,20220218,133051000,13:30:52,9458,202341,133359,9481699260,1,-1,46860
SF205,20220218,20220218,133051500,13:30:52,9456,202365,133374,9482823900,24,15,1124640
SF205,20220218,20220218,133052000,13:30:53,9460,202393,133389,9484135980,28,15,1312080
SF205,20220218,20220218,133052500,13:30:53,9458,202448,133388,9486713280,55,-1,2577300
SF205,20220218,20220218,133053000,13:30:54,9458,202453,133387,9486947580,5,-1,234300
SF205,20220218,20220218,133053500,13:30:54,9458,202461,133383,9487322460,8,-4,374880
SF205,20220218,20220218,133054000,13:30:54,9464,202478,133393,9488119080,17,10,796620
SF205,20220218,20220218,133054500,13:30:55,9462,202479,133394,9488165940,1,1,46860
SF205,20220218,20220218,133055000,13:30:56,9460,202517,133428,9489946620,38,34,1780680
SF205,20220218,20220218,133055500,13:30:56,9460,202517,133428,9489946620,0,0,0
SF205,20220218,20220218,133056500,13:30:57,9460,202517,133428,9489946620,0,0,0
SF205,20220218,20220218,133057000,13:30:58,9460,202528,133434,9490462080,11,6,515460
SF205,20220218,20220218,133057500,13:30:58,9460,202532,133435,9490649520,4,1,187440
SF205,20220218,20220218,133058000,13:30:58,9462,202533,133435,9490696380,1,0,46860
SF205,20220218,20220218,133058500,13:30:59,9460,202534,133435,9490743240,1,0,46860
SF205,20220218,20220218,133059000,13:30:59,9462,202546,133443,9491305560,12,8,562320
SF205,20220218,20220218,133059500,13:30:59,9460,202560,133450,9491961600,14,7,656040
SF205,20220218,20220218,133100000,13:31:00,9460,202585,133441,9493133100,25,-9,1171500
SF205,20220218,20220218,133100500,13:31:01,9462,202598,133437,9493742280,13,-4,609180
SF205,20220218,20220218,133101000,13:31:01,9462,202600,133436,9493836000,2,-1,93720
SF205,20220218,20220218,133101500,13:31:01,9460,202601,133436,9493882860,1,0,46860
SF205,20220218,20220218,133102000,13:31:02,9462,202602,133436,9493929720,1,0,46860
SF205,20220218,20220218,133102500,13:31:02,9464,202617,133444,9494632620,15,8,702900
SF205,20220218,20220218,133103000,13:31:03,9462,202619,133442,9494726340,2,-2,93720
SF205,20220218,20220218,133103500,13:31:04,9460,202625,133442,9495007500,6,0,281160
SF205,20220218,20220218,133104000,13:31:06,9462,202637,133452,9495569820,12,10,562320
SF205,20220218,20220218,133104500,13:31:06,9464,202693,133496,9498193980,56,44,2624160
SF205,20220218,20220218,133105500,13:31:07,9462,202703,133502,9498662580,10,6,468600
SF205,20220218,20220218,133106000,13:31:08,9460,202717,133508,9499318620,14,6,656040
SF205,20220218,20220218,133107500,13:31:08,9460,202717,133508,9499318620,0,0,0
SF205,20220218,20220218,133108500,13:31:09,9464,202841,133526,9505129260,124,18,5810640
SF205,20220218,20220218,133109000,13:31:09,9462,202846,133527,9505363560,5,1,234300
SF205,20220218,20220218,133109500,13:31:10,9460,202850,133524,9505551000,4,-3,187440
SF205,20220218,20220218,133110000,13:31:11,9462,202868,133527,9506394480,18,3,843480
SF205,20220218,20220218,133110500,13:31:11,9462,202869,133528,9506441340,1,1,46860
SF205,20220218,20220218,133111000,13:31:11,9458,202887,133531,9507284820,18,3,843480
SF205,20220218,20220218,133111500,13:31:12,9456,202977,133601,9511502220,90,70,4217400
SF205,20220218,20220218,133112000,13:31:13,9454,203155,133661,9519843300,178,60,8341080
SF205,20220218,20220218,133112500,13:31:13,9452,203184,133654,9521202240,29,-7,1358940
SF205,20220218,20220218,133113000,13:31:13,9450,203189,133657,9521436540,5,3,234300
SF205,20220218,20220218,133113500,13:31:14,9450,203208,133658,9522326880,19,1,890340
SF205,20220218,20220218,133114000,13:31:15,9452,203224,133666,9523076640,16,8,749760
SF205,20220218,20220218,133114500,13:31:15,9452,203235,133666,9523592100,11,0,515460
SF205,20220218,20220218,133115000,13:31:15,9452,203237,133667,9523685820,2,1,93720
SF205,20220218,20220218,133115500,13:31:15,9452,203249,133677,9524248140,12,10,562320
SF205,20220218,20220218,133116000,13:31:16,9454,203252,133677,9524388720,3,0,140580
SF205,20220218,20220218,133116500,13:31:17,9454,203254,133679,9524482440,2,2,93720
SF205,20220218,20220218,133117000,13:31:17,9452,203255,133679,9524529300,1,0,46860
SF205,20220218,20220218,133117500,13:31:18,9452,203255,133679,9524529300,0,0,0
SF205,20220218,20220218,133118000,13:31:19,9452,203256,133679,9524576160,1,0,46860
SF205,20220218,20220218,133118500,13:31:19,9452,203274,133688,9525419640,18,9,843480
SF205,20220218,20220218,133119000,13:31:19,9452,203275,133689,9525466500,1,1,46860
SF205,20220218,20220218,133119500,13:31:20,9452,203280,133692,9525700800,5,3,234300
SF205,20220218,20220218,133120000,13:31:20,9452,203287,133694,9526028820,7,2,328020
SF205,20220218,20220218,133120500,13:31:21,9448,203291,133691,9526216260,4,-3,187440
SF205,20220218,20220218,133121000,13:31:21,9450,203293,133690,9526309980,2,-1,93720
SF205,20220218,20220218,133121500,13:31:22,9450,203296,133688,9526450560,3,-2,140580
SF205,20220218,20220218,133122000,13:31:22,9450,203314,133699,9527294040,18,11,843480
SF205,20220218,20220218,133122500,13:31:25,9450,203335,133698,9528278100,21,-1,984060
SF205,20220218,20220218,133123000,13:31:25,9446,203384,133678,9530574240,49,-20,2296140
SF205,20220218,20220218,133123500,13:31:25,9442,203420,133658,9532261200,36,-20,1686960
SF205,20220218,20220218,133124000,13:31:25,9444,203455,133642,9533901300,35,-16,1640100
SF205,20220218,20220218,133124500,13:31:25,9442,203478,133623,9534979080,23,-19,1077780
SF205,20220218,20220218,133156000,13:31:56,9444,203489,133620,9535494540,11,-3,515460
SF205,20220218,20220218,133158500,13:31:58,9446,203505,133616,9536244300,16,-4,749760
SF205,20220218,20220218,133159500,13:32:00,9444,203512,133618,9536572320,7,2,328020
SF205,20220218,20220218,133200000,13:32:01,9440,205176,133325,9616599120,1664,-293,80026800
SF205,20220218,20220218,133200500,13:32:01,9440,205214,133324,9618380180,38,-1,1781060
SF205,20220218,20220218,133201000,13:32:01,9440,205301,133324,9622457870,87,0,4077690
SF205,20220218,20220218,133201500,13:32:01,9442,205317,133326,9623207790,16,2,749920
SF205,20220218,20220218,133202000,13:32:03,9442,205320,133327,9623348400,3,1,140610
SF205,20220218,20220218,133202500,13:32:04,9444,205329,133327,9623770230,9,0,421830
SF205,20220218,20220218,133203000,13:32:05,9444,205329,133327,9623770230,0,0,0
SF205,20220218,20220218,133203500,13:32:05,9444,205329,133327,9623770230,0,0,0
SF205,20220218,20220218,133204000,13:32:05,9444,205350,133321,9624754500,21,-6,984270
SF205,20220218,20220218,133205000,13:32:05,9444,205350,133321,9624754500,0,0,0
SF205,20220218,20220218,133205500,13:32:06,9442,205371,133336,9625738770,21,15,984270
SF205,20220218,20220218,133206000,13:32:07,9442,205409,133367,9627519830,38,31,1781060
SF205,20220218,20220218,133206500,13:32:07,9442,205409,133367,9627519830,0,0,0
SF205,20220218,20220218,133207000,13:32:07,9442,205410,133367,9627566700,1,0,46870
SF205,20220218,20220218,133207500,13:32:07,9440,205414,133369,9627754180,4,2,187480
SF205,20220218,20220218,133208000,13:32:09,9442,205415,133368,9627801050,1,-1,46870
SF205,20220218,20220218,133208500,13:32:10,9442,205426,133372,9628316620,11,4,515570
SF205,20220218,20220218,133209000,13:32:10,9442,205434,133372,9628691580,8,0,374960
SF205,20220218,20220218,133209500,13:32:10,9440,205584,133465,9635722080,150,93,7030500
SF205,20220218,20220218,133210000,13:32:11,9436,205708,133514,9641533960,124,49,5811880
SF205,20220218,20220218,133210500,13:32:13,9434,205758,133531,9643877460,50,17,2343500
SF205,20220218,20220218,133211000,13:32:14,9432,205768,133538,9644346160,10,7,468700
SF205,20220218,20220218,133213000,13:32:15,9434,205805,133544,9646080350,37,6,1734190
SF205,20220218,20220218,133214000,13:32:15,9436,205816,133542,9646595920,11,-2,515570
SF205,20220218,20220218,133214500,13:32:16,9434,205818,133542,9646689660,2,0,93740
SF205,20220218,20220218,133215000,13:32:16,9434,205820,133543,9646783400,2,1,93740
SF205,20220218,20220218,133215500,13:32:16,9434,205826,133543,9647064620,6,0,281220
SF205,20220218,20220218,133216000,13:32:17,9434,205830,133541,9647252100,4,-2,187480
SF205,20220218,20220218,133216500,13:32:17,9436,205842,133538,9647814540,12,-3,562440
SF205,20220218,20220218,133217000,13:32:17,9434,205859,133539,9648611330,17,1,796790
SF205,20220218,20220218,133217500,13:32:18,9436,205862,133538,9648751940,3,-1,140610
SF205,20220218,20220218,133218000,13:32:18,9436,205863,133539,9648798810,1,1,46870
SF205,20220218,20220218,133218500,13:32:19,9434,205866,133538,9648939420,3,-1,140610
SF205,20220218,20220218,133219000,13:32:20,9434,205898,133535,9650439260,32,-3,1499840
SF205,20220218,20220218,133219500,13:32:20,9434,205909,133539,9650954830,11,4,515570
SF205,20220218,20220218,133220000,13:32:20,9434,205922,133538,9651564140,13,-1,609310
SF205,20220218,20220218,133220500,13:32:21,9434,205923,133537,9651611010,1,-1,46870
SF205,20220218,20220218,133221000,13:32:21,9432,205933,133539,9652079710,10,2,468700
SF205,20220218,20220218,133221500,13:32:22,9436,206085,133520,9659203950,152,-19,7124240
SF205,20220218,20220218,133222000,13:32:22,9436,206111,133507,9660422570,26,-13,1218620
SF205,20220218,20220218,133222500,13:32:23,9436,206114,133504,9660563180,3,-3,140610
SF205,20220218,20220218,133223000,13:32:24,9436,206114,133504,9660563180,0,0,0
SF205,20220218,20220218,133223500,13:32:24,9436,206123,133503,9660985010,9,-1,421830
SF205,20220218,20220218,133224000,13:32:24,9436,206127,133503,9661172490,4,0,187480
SF205,20220218,20220218,133224500,13:32:25,9436,206136,133505,9661594320,9,2,421830
SF205,20220218,20220218,133225000,13:32:25,9434,206139,133507,9661734930,3,2,140610
SF205,20220218,20220218,133225500,13:32:26,9436,206140,133506,9661781800,1,-1,46870
SF205,20220218,20220218,133226000,13:32:27,9434,206141,133506,9661828670,1,0,46870
SF205,20220218,20220218,133226500,13:32:27,9434,206142,133506,9661875540,1,0,46870
SF205,20220218,20220218,133227000,13:32:27,9434,206143,133506,9661922410,1,0,46870
SF205,20220218,20220218,133227500,13:32:28,9436,206144,133505,9661969280,1,-1,46870
SF205,20220218,20220218,133228000,13:32:32,9434,206151,133511,9662297370,7,6,328090
SF205,20220218,20220218,133228500,13:32:32,9434,206160,133514,9662719200,9,3,421830
SF205,20220218,20220218,133229000,13:32:33,9434,206177,133526,9663515990,17,12,796790
SF205,20220218,20220218,133232000,13:32:34,9440,206334,133524,9670874580,157,-2,7358590
SF205,20220218,20220218,133232500,13:32:35,9440,206347,133517,9671483890,13,-7,609310
SF205,20220218,20220218,133234500,13:32:35,9440,206373,133532,9672702510,26,15,1218620
SF205,20220218,20220218,133235000,13:32:36,9440,206375,133531,9672796250,2,-1,93740
SF205,20220218,20220218,133235500,13:32:36,9440,206377,133531,9672889990,2,0,93740
SF205,20220218,20220218,133236000,13:32:37,9438,206378,133531,9672936860,1,0,46870
SF205,20220218,20220218,133236500,13:32:37,9440,206379,133530,9672983730,1,-1,46870
SF205,20220218,20220218,133237500,13:32:37,9440,206380,133530,9673030600,1,0,46870
SF205,20220218,20220218,133238000,13:32:38,9440,206380,133530,9673030600,0,0,0
SF205,20220218,20220218,133238500,13:32:39,9440,206383,133530,9673171210,3,0,140610
SF205,20220218,20220218,133239000,13:32:39,9440,206387,133528,9673358690,4,-2,187480
SF205,20220218,20220218,133239500,13:32:40,9438,206392,133529,9673593040,5,1,234350
SF205,20220218,20220218,133240000,13:32:40,9438,206392,133529,9673593040,0,0,0
SF205,20220218,20220218,133240500,13:32:40,9438,206392,133529,9673593040,0,0,0
SF205,20220218,20220218,133241000,13:32:41,9438,206393,133528,9673639910,1,-1,46870
SF205,20220218,20220218,133242000,13:32:42,9438,206395,133526,9673733650,2,-2,93740
SF205,20220218,20220218,133242500,13:32:42,9436,206397,133524,9673827390,2,-2,93740
SF205,20220218,20220218,133243000,13:32:43,9436,206404,133522,9674155480,7,-2,328090
SF205,20220218,20220218,133243500,13:32:43,9438,206406,133521,9674249220,2,-1,93740
SF205,20220218,20220218,133244000,13:32:44,9438,206406,133521,9674249220,0,0,0
SF205,20220218,20220218,133244500,13:32:45,9438,206408,133521,9674342960,2,0,93740
SF205,20220218,20220218,133245500,13:32:45,9438,206409,133521,9674389830,1,0,46870
SF205,20220218,20220218,133246000,13:32:47,9436,206412,133521,9674530440,3,0,140610
SF205,20220218,20220218,133246500,13:32:47,9436,206432,133515,9675467840,20,-6,937400
SF205,20220218,20220218,133247000,13:32:47,9436,206435,133514,9675608450,3,-1,140610
SF205,20220218,20220218,133248000,13:32:48,9436,206444,133517,9676030280,9,3,421830
SF205,20220218,20220218,133248500,13:32:49,9434,206772,133697,9691403640,328,180,15373360
SF205,20220218,20220218,133249000,13:32:49,9434,206799,133717,9692669130,27,20,1265490
SF205,20220218,20220218,133249500,13:32:50,9434,206822,133719,9693747140,23,2,1078010
SF205,20220218,20220218,133250000,13:32:52,9436,206859,133698,9695481330,37,-21,1734190
SF205,20220218,20220218,133250500,13:32:52,9436,206859,133698,9695481330,0,0,0
SF205,20220218,20220218,133251000,13:32:52,9432,207091,133814,9706355170,232,116,10873840
SF205,20220218,20220218,133251500,13:32:53,9432,207108,133811,9707151960,17,-3,796790
SF205,20220218,20220218,133252500,13:32:53,9432,207120,133811,9707714400,12,0,562440
SF205,20220218,20220218,133253000,13:32:53,9432,207120,133811,9707714400,0,0,0
SF205,20220218,20220218,133253500,13:32:54,9432,207124,133813,9707901880,4,2,187480
SF205,20220218,20220218,133254000,13:32:54,9434,207125,133813,9707948750,1,0,46870
SF205,20220218,20220218,133254500,13:32:55,9434,207130,133815,9708183100,5,2,234350
SF205,20220218,20220218,133255000,13:32:55,9432,207135,133816,9708417450,5,1,234350
SF205,20220218,20220218,133255500,13:32:55,9432,207148,133825,9709026760,13,9,609310
SF205,20220218,20220218,133256000,13:32:56,9434,207165,133813,9709823550,17,-12,796790
SF205,20220218,20220218,133256500,13:32:57,9434,207173,133814,9710198510,8,1,374960
SF205,20220218,20220218,133257000,13:32:59,9434,207175,133815,9710292250,2,1,93740
SF205,20220218,20220218,133257500,13:33:00,9434,207182,133816,9710620340,7,1,328090
SF205,20220218,20220218,133258000,13:33:00,9434,207187,133814,9710854690,5,-2,234350
SF205,20220218,20220218,133259500,13:33:01,9434,207197,133818,9711323390,10,4,468700
SF205,20220218,20220218,133300000,13:33:01,9434,207197,133818,9711323390,0,0,0
SF205,20220218,20220218,133300500,13:33:01,9436,207258,133779,9714182460,61,-39,2859070
SF205,20220218,20220218,133301000,13:33:02,9438,207268,133780,9714651160,10,1,468700
SF205,20220218,20220218,133301500,13:33:02,9440,207271,133779,9714791770,3,-1,140610
SF205,20220218,20220218,133302000,13:33:03,9440,207271,133779,9714791770,0,0,0
SF205,20220218,20220218,133302500,13:33:03,9438,207275,133778,9714979250,4,-1,187480
SF205,20220218,20220218,133303000,13:33:03,9440,207278,133777,9715119860,3,-1,140610
SF205,20220218,20220218,133303500,13:33:04,9440,207279,133777,9715166730,1,0,46870
SF205,20220218,20220218,133304000,13:33:04,9440,207280,133776,9715213600,1,-1,46870
SF205,20220218,20220218,133304500,13:33:05,9438,207282,133776,9715307340,2,0,93740
SF205,20220218,20220218,133305000,13:33:05,9440,207283,133777,9715354210,1,1,46870
SF205,20220218,20220218,133305500,13:33:05,9440,207288,133777,9715588560,5,0,234350
SF205,20220218,20220218,133306000,13:33:06,9440,207313,133796,9716760310,25,19,1171750
SF205,20220218,20220218,133306500,13:33:06,9442,207324,133798,9717275880,11,2,515570
SF205,20220218,20220218,133307000,13:33:07,9440,207327,133799,9717416490,3,1,140610
SF205,20220218,20220218,133307500,13:33:08,9440,207351,133795,9718541370,24,-4,1124880
SF205,20220218,20220218,133308000,13:33:08,9440,207352,133795,9718588240,1,0,46870
SF205,20220218,20220218,133308500,13:33:09,9440,207352,133795,9718588240,0,0,0
SF205,20220218,20220218,133309000,13:33:09,9442,207388,133808,9720275560,36,13,1687320
SF205,20220218,20220218,133309500,13:33:11,9442,207404,133806,9721025480,16,-2,749920
SF205,20220218,20220218,133310000,13:33:11,9442,207405,133806,9721072350,1,0,46870
SF205,20220218,20220218,133310500,13:33:12,9444,207406,133806,9721119220,1,0,46870
SF205,20220218,20220218,133311000,13:33:13,9440,207414,133812,9721494180,8,6,374960
SF205,20220218,20220218,133311500,13:33:14,9444,207432,133810,9722337840,18,-2,843660
SF205,20220218,20220218,133312000,13:33:14,9442,207433,133811,9722384710,1,1,46870
SF205,20220218,20220218,133312500,13:33:14,9442,207433,133811,9722384710,0,0,0
SF205,20220218,20220218,133313500,13:33:14,9442,207444,133802,9722900280,11,-9,515570
SF205,20220218,20220218,133314000,13:33:17,9444,207445,133802,9722947150,1,0,46870
SF205,20220218,20220218,133314500,13:33:17,9442,207450,133799,9723181500,5,-3,234350
SF205,20220218,20220218,133315000,13:33:18,9444,207451,133798,9723228370,1,-1,46870
SF205,20220218,20220218,133315500,13:33:18,9442,207456,133798,9723462720,5,0,234350
SF205,20220218,20220218,133317000,13:33:18,9444,207467,133789,9723978290,11,-9,515570
SF205,20220218,20220218,133318000,13:33:19,9448,207523,133812,9726603010,56,23,2624720
SF205,20220218,20220218,133318500,13:33:19,9448,207529,133810,9726884230,6,-2,281220
SF205,20220218,20220218,133319000,13:33:20,9448,207581,133813,9729321470,52,3,2437240
SF205,20220218,20220218,133319500,13:33:20,9448,207593,133813,9729883910,12,0,562440
SF205,20220218,20220218,133320000,13:33:21,9448,207596,133815,9730024520,3,2,140610
SF205,20220218,20220218,133320500,13:33:21,9448,207600,133816,9730212000,4,1,187480
SF205,20220218,20220218,133321000,13:33:22,9448,207604,133818,9730399480,4,2,187480
SF205,20220218,20220218,133321500,13:33:22,9448,207606,133818,9730493220,2,0,93740
SF205,20220218,20220218,133322000,13:33:22,9446,207610,133818,9730680700,4,0,187480
SF205,20220218,20220218,133322500,13:33:22,9446,207614,133818,9730868180,4,0,187480
SF205,20220218,20220218,133323000,13:33:23,9448,207615,133818,9730915050,1,0,46870
SF205,20220218,20220218,133323500,13:33:24,9448,207625,133821,9731383750,10,3,468700
SF205,20220218,20220218,133324000,13:33:24,9448,207625,133821,9731383750,0,0,0
SF205,20220218,20220218,133324500,13:33:25,9448,207626,133822,9731430620,1,1,46870
SF205,20220218,20220218,133325000,13:33:26,9448,207627,133823,9731477490,1,1,46870
SF205,20220218,20220218,133325500,13:33:27,9448,207627,133823,9731477490,0,0,0
SF205,20220218,20220218,133326000,13:33:28,9446,207629,133824,9731571230,2,1,93740
SF205,20220218,20220218,133327000,13:33:29,9448,207653,133835,9732696110,24,11,1124880
SF205,20220218,20220218,133327500,13:33:29,9448,207658,133835,9732930460,5,0,234350
SF205,20220218,20220218,133328500,13:33:30,9448,207734,133842,9736492580,76,7,3562120
SF205,20220218,20220218,133329500,13:33:30,9448,207734,133842,9736492580,0,0,0
SF205,20220218,20220218,133330000,13:33:30,9446,207757,133850,9737570590,23,8,1078010
SF205,20220218,20220218,133330500,13:33:31,9446,207757,133850,9737570590,0,0,0
SF205,20220218,20220218,133331000,13:33:32,9448,207758,133849,9737617460,1,-1,46870
SF205,20220218,20220218,133332000,13:33:32,9448,207769,133839,9738133030,11,-10,515570
SF205,20220218,20220218,133332500,13:33:33,9448,207770,133839,9738179900,1,0,46870
SF205,20220218,20220218,133333000,13:33:33,9446,207772,133839,9738273640,2,0,93740
SF205,20220218,20220218,133333500,13:33:33,9446,207773,133838,9738320510,1,-1,46870
SF205,20220218,20220218,133334000,13:33:34,9446,207839,133861,9741413930,66,23,3093420
SF205,20220218,20220218,133334500,13:33:35,9446,207839,133861,9741413930,0,0,0
SF205,20220218,20220218,133335000,13:33:35,9446,207840,133862,9741460800,1,1,46870
SF205,20220218,20220218,133335500,13:33:35,9446,207842,133864,9741554540,2,2,93740
SF205,20220218,20220218,133336000,13:33:36,9446,207846,133864,9741742020,4,0,187480
SF205,20220218,20220218,133336500,13:33:36,9446,207846,133864,9741742020,0,0,0
SF205,20220218,20220218,133337000,13:33:37,9446,207846,133864,9741742020,0,0,0
SF205,20220218,20220218,133337500,13:33:37,9446,207851,133866,9741976370,5,2,234350
SF205,20220218,20220218,133338000,13:33:38,9446,207856,133868,9742210720,5,2,234350
SF205,20220218,20220218,133338500,13:33:39,9444,207857,133868,9742257590,1,0,46870
SF205,20220218,20220218,133339000,13:33:39,9444,207857,133868,9742257590,0,0,0
SF205,20220218,20220218,133339500,13:33:40,9444,207857,133868,9742257590,0,0,0
SF205,20220218,20220218,133340000,13:33:40,9446,207858,133869,9742304460,1,1,46870
SF205,20220218,20220218,133340500,13:33:41,9446,207858,133869,9742304460,0,0,0
SF205,20220218,20220218,133341000,13:33:41,9446,207858,133869,9742304460,0,0,0
SF205,20220218,20220218,133341500,13:33:42,9446,207870,133863,9742866900,12,-6,562440
SF205,20220218,20220218,133342000,13:33:42,9446,207872,133863,9742960640,2,0,93740
SF205,20220218,20220218,133342500,13:33:42,9448,207873,133862,9743007510,1,-1,46870
SF205,20220218,20220218,133343000,13:33:43,9448,207876,133859,9743148120,3,-3,140610
SF205,20220218,20220218,133343500,13:33:44,9446,207882,133853,9743429340,6,-6,281220
SF205,20220218,20220218,133344000,13:33:45,9446,207883,133854,9743476210,1,1,46870
SF205,20220218,20220218,133344500,13:33:45,9446,207886,133857,9743616820,3,3,140610
SF205,20220218,20220218,133345500,13:33:47,9446,207888,133859,9743710560,2,2,93740
SF205,20220218,20220218,133346000,13:33:48,9444,207907,133875,9744601090,19,16,890530
SF205,20220218,20220218,133346500,13:33:48,9444,207909,133877,9744694830,2,2,93740
SF205,20220218,20220218,133347000,13:33:48,9446,207930,133876,9745679100,21,-1,984270
SF205,20220218,20220218,133347500,13:33:49,9448,207941,133876,9746194670,11,0,515570
SF205,20220218,20220218,133348000,13:33:49,9446,207943,133878,9746288410,2,2,93740
SF205,20220218,20220218,133349000,13:33:50,9446,207946,133878,9746429020,3,0,140610
SF205,20220218,20220218,133349500,13:33:50,9446,207950,133877,9746616500,4,-1,187480
SF205,20220218,20220218,133350000,13:33:50,9446,207951,133878,9746663370,1,1,46870
SF205,20220218,20220218,133350500,13:33:50,9446,207952,133879,9746710240,1,1,46870
SF205,20220218,20220218,133351000,13:33:51,9446,207957,133879,9746944590,5,0,234350
SF205,20220218,20220218,133351500,13:33:52,9446,207963,133879,9747225810,6,0,281220
SF205,20220218,20220218,133352000,13:33:52,9446,207969,133880,9747507030,6,1,281220
SF205,20220218,20220218,133352500,13:33:52,9446,207969,133880,9747507030,0,0,0
SF205,20220218,20220218,133354000,13:33:54,9444,207970,133879,9747553900,1,-1,46870
SF205,20220218,20220218,133354500,13:33:55,9446,207973,133881,9747694510,3,2,140610
SF205,20220218,20220218,133355000,13:33:56,9446,207974,133882,9747741380,1,1,46870
SF205,20220218,20220218,133355500,13:33:56,9446,207976,133882,9747835120,2,0,93740
SF205,20220218,20220218,133356000,13:33:56,9444,207977,133883,9747881990,1,1,46870
SF205,20220218,20220218,133356500,13:33:57,9444,207982,133885,9748116340,5,2,234350
SF205,20220218,20220218,133357000,13:33:58,9446,207983,133886,9748163210,1,1,46870
SF205,20220218,20220218,133357500,13:33:58,9444,207984,133887,9748210080,1,1,46870
SF205,20220218,20220218,133358000,13:33:58,9446,207985,133887,9748256950,1,0,46870
SF205,20220218,20220218,133358500,13:33:59,9446,207986,133887,9748303820,1,0,46870
SF205,20220218,20220218,133359000,13:33:59,9444,208046,133907,9751116020,60,20,2812200
SF205,20220218,20220218,133359500,13:34:00,9442,208047,133907,9751162890,1,0,46870
SF205,20220218,20220218,133400000,13:34:00,9440,208064,133907,9751959680,17,0,796790
SF205,20220218,20220218,133400500,13:34:00,9440,208068,133911,9752147160,4,4,187480
SF205,20220218,20220218,133401000,13:34:01,9440,208070,133911,9752240900,2,0,93740
SF205,20220218,20220218,133401500,13:34:02,9440,208071,133911,9752287770,1,0,46870
SF205,20220218,20220218,133402000,13:34:10,9444,208078,133910,9752615860,7,-1,328090
SF205,20220218,20220218,133402500,13:34:10,9444,208078,133910,9752615860,0,0,0
SF205,20220218,20220218,133403000,13:34:10,9444,208078,133910,9752615860,0,0,0
SF205,20220218,20220218,133410000,13:34:11,9446,208248,133902,9760583760,170,-8,7967900
SF205,20220218,20220218,133410500,13:34:12,9446,208249,133901,9760630630,1,-1,46870
SF205,20220218,20220218,133411000,13:34:12,9448,208262,133907,9761239940,13,6,609310
SF205,20220218,20220218,133411500,13:34:12,9450,208274,133908,9761802380,12,1,562440
SF205,20220218,20220218,133412000,13:34:12,9450,208276,133906,9761896120,2,-2,93740
SF205,20220218,20220218,133412500,13:34:13,9448,208287,133906,9762411690,11,0,515570
SF205,20220218,20220218,133413000,13:34:13,9450,208307,133908,9763349090,20,2,937400
SF205,20220218,20220218,133413500,13:34:14,9450,208326,133904,9764239620,19,-4,890530
SF205,20220218,20220218,133414000,13:34:14,9450,208329,133907,9764380230,3,3,140610
SF205,20220218,20220218,133414500,13:34:15,9450,208329,133907,9764380230,0,0,0
SF205,20220218,20220218,133415000,13:34:15,9448,208342,133905,9764989540,13,-2,609310
SF205,20220218,20220218,133415500,13:34:16,9450,208343,133904,9765036410,1,-1,46870
SF205,20220218,20220218,133416000,13:34:16,9448,208355,133896,9765598850,12,-8,562440
SF205,20220218,20220218,133416500,13:34:16,9448,208355,133896,9765598850,0,0,0
SF205,20220218,20220218,133417000,13:34:17,9448,208359,133896,9765786330,4,0,187480
SF205,20220218,20220218,133417500,13:34:17,9450,208366,133890,9766114420,7,-6,328090
SF205,20220218,20220218,133418000,13:34:18,9448,208368,133892,9766208160,2,2,93740
SF205,20220218,20220218,133418500,13:34:19,9448,208368,133892,9766208160,0,0,0
SF205,20220218,20220218,133419000,13:34:19,9448,208369,133892,9766255030,1,0,46870
SF205,20220218,20220218,133420000,13:34:20,9448,208372,133894,9766395640,3,2,140610
SF205,20220218,20220218,133420500,13:34:21,9450,208392,133879,9767333040,20,-15,937400
SF205,20220218,20220218,133421000,13:34:23,9450,208393,133879,9767379910,1,0,46870
SF205,20220218,20220218,133421500,13:34:23,9450,208400,133879,9767708000,7,0,328090
SF205,20220218,20220218,133423500,13:34:24,9450,208428,133885,9769020360,28,6,1312360
SF205,20220218,20220218,133424000,13:34:24,9450,208429,133885,9769067230,1,0,46870
SF205,20220218,20220218,133424500,13:34:24,9450,208435,133882,9769348450,6,-3,281220
SF205,20220218,20220218,133425000,13:34:25,9450,208435,133882,9769348450,0,0,0
SF205,20220218,20220218,133425500,13:34:26,9450,208438,133881,9769489060,3,-1,140610
SF205,20220218,20220218,133426000,13:34:26,9450,208438,133881,9769489060,0,0,0
SF205,20220218,20220218,133426500,13:34:26,9450,208440,133883,9769582800,2,2,93740
SF205,20220218,20220218,133427000,13:34:27,9450,208440,133883,9769582800,0,0,0
SF205,20220218,20220218,133427500,13:34:27,9450,208440,133883,9769582800,0,0,0
SF205,20220218,20220218,133428000,13:34:28,9452,208441,133883,9769629670,1,0,46870
SF205,20220218,20220218,133428500,13:34:29,9452,208443,133883,9769723410,2,0,93740
SF205,20220218,20220218,133429000,13:34:29,9452,208445,133882,9769817150,2,-1,93740
SF205,20220218,20220218,133429500,13:34:29,9450,208446,133881,9769864020,1,-1,46870
SF205,20220218,20220218,133430000,13:34:30,9448,208447,133882,9769910890,1,1,46870
SF205,20220218,20220218,133430500,13:34:30,9452,208519,133890,9773285530,72,8,3374640
SF205,20220218,20220218,133431000,13:34:31,9450,208529,133884,9773754230,10,-6,468700
SF205,20220218,20220218,133432000,13:34:32,9452,208531,133885,9773847970,2,1,93740
SF205,20220218,20220218,133432500,13:34:32,9452,208534,133885,9773988580,3,0,140610
SF205,20220218,20220218,133433000,13:34:33,9450,208555,133878,9774972850,21,-7,984270
SF205,20220218,20220218,133433500,13:34:34,9450,208559,133881,9775160330,4,3,187480
SF205,20220218,20220218,133434000,13:34:34,9448,208575,133883,9775910250,16,2,749920
SF205,20220218,20220218,133434500,13:34:35,9448,208575,133883,9775910250,0,0,0
SF205,20220218,20220218,133435000,13:34:35,9450,208576,133883,9775957120,1,0,46870
SF205,20220218,20220218,133435500,13:34:36,9448,208579,133883,9776097730,3,0,140610
SF205,20220218,20220218,133436000,13:34:36,9448,208581,133881,9776191470,2,-2,93740
SF205,20220218,20220218,133436500,13:34:36,9448,208582,133881,9776238340,1,0,46870
SF205,20220218,20220218,133437000,13:34:37,9448,208584,133882,9776332080,2,1,93740
SF205,20220218,20220218,133437500,13:34:38,9448,208584,133882,9776332080,0,0,0
SF205,20220218,20220218,133438000,13:34:38,9448,208584,133882,9776332080,0,0,0
SF205,20220218,20220218,133438500,13:34:38,9446,208598,133878,9776988260,14,-4,656180
SF205,20220218,20220218,133439000,13:34:39,9446,208598,133878,9776988260,0,0,0
SF205,20220218,20220218,133439500,13:34:39,9446,208598,133878,9776988260,0,0,0
