SF206,20220218,20220218,112003000,11:20:05,9408,13291,44029,617898590,13291,1456,617898590
SF206,20220218,20220218,112004500,11:20:09,9404,13349,44029,620595010,58,0,2696420
SF206,20220218,20220218,112005000,11:20:10,9406,13352,44029,620734480,3,0,139470
SF206,20220218,20220218,112006000,11:20:10,9406,13352,44029,620734480,0,0,0
SF206,20220218,20220218,112006500,11:20:10,9408,13362,44029,621199380,10,0,464900
SF206,20220218,20220218,112007000,11:20:10,9408,13362,44029,621199380,0,0,0
SF206,20220218,20220218,112007500,11:20:10,9408,13362,44029,621199380,0,0,0
SF206,20220218,20220218,112008000,11:20:10,9408,13362,44029,621199380,0,0,0
SF206,20220218,20220218,112008500,11:20:10,9408,13362,44029,621199380,0,0,0
SF206,20220218,20220218,112009000,11:20:10,9408,13362,44029,621199380,0,0,0
SF206,20220218,20220218,112009500,11:20:10,9408,13362,44029,621199380,0,0,0
SF206,20220218,20220218,112010500,11:20:10,9408,13362,44029,621199380,0,0,0
SF206,20220218,20220218,112011000,11:20:11,9408,13362,44029,621199380,0,0,0
SF206,20220218,20220218,112011500,11:20:12,9408,13362,44029,621199380,0,0,0
SF206,20220218,20220218,112012000,11:20:12,9408,13362,44029,621199380,0,0,0
SF206,20220218,20220218,112012500,11:20:12,9408,13362,44029,621199380,0,0,0
SF206,20220218,20220218,112013000,11:20:13,9408,13362,44029,621199380,0,0,0
SF206,20220218,20220218,112013500,11:20:13,9408,13362,44029,621199380,0,0,0
SF206,20220218,20220218,112014000,11:20:14,9408,13362,44029,621199380,0,0,0
SF206,20220218,20220218,112014500,11:20:14,9408,13362,44029,621199380,0,0,0
SF206,20220218,20220218,112015000,11:20:15,9408,13362,44029,621199380,0,0,0
SF206,20220218,20220218,112015500,11:20:16,9408,13362,44029,621199380,0,0,0
SF206,20220218,20220218,112016000,11:20:16,9408,13362,44029,621199380,0,0,0
SF206,20220218,20220218,112018500,11:20:18,9408,13362,44029,621199380,0,0,0
SF206,20220218,20220218,112019000,11:20:19,9408,13363,44028,621245870,1,-1,46490
SF206,20220218,20220218,112019500,11:20:20,9408,13363,44028,621245870,0,0,0
SF206,20220218,20220218,112020000,11:20:20,9408,13363,44028,621245870,0,0,0
SF206,20220218,20220218,112020500,11:20:21,9408,13363,44028,621245870,0,0,0
SF206,20220218,20220218,112021000,11:20:21,9408,13363,44028,621245870,0,0,0
SF206,20220218,20220218,112021500,11:20:21,9408,13363,44028,621245870,0,0,0
SF206,20220218,20220218,112022000,11:20:22,9406,13366,44025,621385340,3,-3,139470
SF206,20220218,20220218,112022500,11:20:23,9406,13366,44025,621385340,0,0,0
SF206,20220218,20220218,112023000,11:20:23,9406,13366,44025,621385340,0,0,0
SF206,20220218,20220218,112023500,11:20:23,9406,13366,44025,621385340,0,0,0
SF206,20220218,20220218,112024000,11:20:24,9406,13366,44025,621385340,0,0,0
SF206,20220218,20220218,112024500,11:20:24,9406,13366,44025,621385340,0,0,0
SF206,20220218,20220218,112025000,11:20:25,9406,13366,44025,621385340,0,0,0
SF206,20220218,20220218,112025500,11:20:26,9406,13366,44025,621385340,0,0,0
SF206,20220218,20220218,112026000,11:20:26,9406,13366,44025,621385340,0,0,0
SF206,20220218,20220218,112026500,11:20:26,9406,13366,44025,621385340,0,0,0
SF206,20220218,20220218,112027000,11:20:27,9406,13366,44025,621385340,0,0,0
SF206,20220218,20220218,112027500,11:20:28,9404,13368,44027,621478320,2,2,92980
SF206,20220218,20220218,112028000,11:20:28,9404,13379,44038,621989710,11,11,511390
SF206,20220218,20220218,112028500,11:20:28,9404,13379,44038,621989710,0,0,0
SF206,20220218,20220218,112029500,11:20:30,9402,13402,44015,623058980,23,-23,1069270
SF206,20220218,20220218,112030000,11:20:31,9402,13404,44014,623151960,2,-1,92980
SF206,20220218,20220218,112030500,11:20:31,9402,13404,44014,623151960,0,0,0
SF206,20220218,20220218,112031000,11:20:32,9402,13404,44014,623151960,0,0,0
SF206,20220218,20220218,112031500,11:20:32,9402,13404,44014,623151960,0,0,0
SF206,20220218,20220218,112032000,11:20:32,9402,13404,44014,623151960,0,0,0
SF206,20220218,20220218,112032500,11:20:32,9402,13404,44014,623151960,0,0,0
SF206,20220218,20220218,112033000,11:20:33,9402,13404,44014,623151960,0,0,0
SF206,20220218,20220218,112034000,11:20:34,9402,13404,44014,623151960,0,0,0
SF206,20220218,20220218,112035500,11:20:35,9402,13410,44014,623430900,6,0,278940
SF206,20220218,20220218,112036500,11:20:37,9404,13411,44015,623477390,1,1,46490
SF206,20220218,20220218,112038500,11:20:39,9404,13414,44015,623616860,3,0,139470
SF206,20220218,20220218,112039000,11:20:39,9406,13417,44012,623756330,3,-3,139470
SF206,20220218,20220218,112039500,11:20:40,9408,13430,44012,624495000,13,0,738670
SF206,20220218,20220218,112040000,11:20:40,9408,13430,44012,624495000,0,0,0
SF206,20220218,20220218,112040500,11:20:41,9408,13430,44012,624495000,0,0,0
SF206,20220218,20220218,112041000,11:20:41,9408,13430,44012,624495000,0,0,0
SF206,20220218,20220218,112041500,11:20:41,9408,13430,44012,624495000,0,0,0
SF206,20220218,20220218,112042000,11:20:42,9408,13430,44012,624495000,0,0,0
SF206,20220218,20220218,112043000,11:20:43,9408,13430,44012,624495000,0,0,0
SF206,20220218,20220218,112043500,11:20:44,9408,13430,44012,624495000,0,0,0
SF206,20220218,20220218,112044000,11:20:44,9408,13430,44012,624495000,0,0,0
SF206,20220218,20220218,112044500,11:20:45,9408,13430,44012,624495000,0,0,0
SF206,20220218,20220218,112045000,11:20:45,9400,13431,44011,624541500,1,-1,46500
SF206,20220218,20220218,112045500,11:20:46,9400,13431,44011,624541500,0,0,0
SF206,20220218,20220218,112046000,11:20:46,9400,13431,44011,624541500,0,0,0
SF206,20220218,20220218,112046500,11:20:46,9400,13431,44011,624541500,0,0,0
SF206,20220218,20220218,112047000,11:20:47,9402,13432,44012,624588000,1,1,46500
SF206,20220218,20220218,112047500,11:20:48,9402,13432,44012,624588000,0,0,0
SF206,20220218,20220218,112048000,11:20:48,9402,13432,44012,624588000,0,0,0
SF206,20220218,20220218,112049000,11:20:50,9402,13432,44012,624588000,0,0,0
SF206,20220218,20220218,112049500,11:20:50,9400,13435,44013,624727500,3,1,139500
SF206,20220218,20220218,112050500,11:20:50,9400,13435,44013,624727500,0,0,0
SF206,20220218,20220218,112051000,11:20:51,9400,13435,44013,624727500,0,0,0
SF206,20220218,20220218,112051500,11:20:52,9400,13435,44013,624727500,0,0,0
SF206,20220218,20220218,112052000,11:20:53,9400,13435,44013,624727500,0,0,0
SF206,20220218,20220218,112052500,11:20:53,9400,13435,44013,624727500,0,0,0
SF206,20220218,20220218,112053000,11:20:53,9400,13435,44013,624727500,0,0,0
SF206,20220218,20220218,112053500,11:20:53,9400,13437,44014,624820500,2,1,93000
SF206,20220218,20220218,112054000,11:20:54,9400,13437,44014,624820500,0,0,0
SF206,20220218,20220218,112054500,11:20:55,9400,13437,44014,624820500,0,0,0
SF206,20220218,20220218,112055500,11:20:56,9398,13438,44014,624867000,1,0,46500
SF206,20220218,20220218,112056000,11:20:56,9398,13438,44014,624867000,0,0,0
SF206,20220218,20220218,112056500,11:20:57,9398,13438,44014,624867000,0,0,0
SF206,20220218,20220218,112057000,11:20:58,9398,13438,44014,624867000,0,0,0
SF206,20220218,20220218,112057500,11:20:58,9398,13438,44014,624867000,0,0,0
SF206,20220218,20220218,112058500,11:20:59,9402,13439,44014,624913500,1,0,46500
SF206,20220218,20220218,112059000,11:20:59,9402,13439,44014,624913500,0,0,0
SF206,20220218,20220218,112059500,11:21:00,9400,13440,44014,624960000,1,0,46500
SF206,20220218,20220218,112100000,11:21:00,9400,13440,44014,624960000,0,0,0
SF206,20220218,20220218,112101500,11:21:02,9400,13440,44014,624960000,0,0,0
SF206,20220218,20220218,112102000,11:21:03,9400,13440,44014,624960000,0,0,0
SF206,20220218,20220218,112102500,11:21:03,9400,13440,44014,624960000,0,0,0
SF206,20220218,20220218,112103000,11:21:03,9400,13440,44014,624960000,0,0,0
SF206,20220218,20220218,112103500,11:21:04,9400,13440,44014,624960000,0,0,0
SF206,20220218,20220218,112104500,11:21:05,9402,13441,44013,625006500,1,-1,46500
SF206,20220218,20220218,112105000,11:21:06,9402,13441,44013,625006500,0,0,0
SF206,20220218,20220218,112105500,11:21:07,9402,13441,44013,625006500,0,0,0
SF206,20220218,20220218,112106000,11:21:07,9402,13447,44013,625285500,6,0,279000
SF206,20220218,20220218,112106500,11:21:07,9402,13447,44013,625285500,0,0,0
SF206,20220218,20220218,112107000,11:21:10,9402,13447,44013,625285500,0,0,0
SF206,20220218,20220218,112107500,11:21:10,9404,13448,44013,625332000,1,0,46500
SF206,20220218,20220218,112110000,11:21:10,9404,13448,44013,625332000,0,0,0
SF206,20220218,20220218,112110500,11:21:11,9406,13450,44013,625425000,2,0,93000
SF206,20220218,20220218,112111000,11:21:11,9406,13450,44013,625425000,0,0,0
SF206,20220218,20220218,112112000,11:21:12,9408,13451,44013,625471500,1,0,46500
SF206,20220218,20220218,112112500,11:21:13,9408,13451,44013,625471500,0,0,0
SF206,20220218,20220218,112113000,11:21:13,9408,13461,44012,625936500,10,-1,465000
SF206,20220218,20220218,112113500,11:21:13,9408,13461,44012,625936500,0,0,0
SF206,20220218,20220218,112114000,11:21:14,9408,13461,44012,625936500,0,0,0
SF206,20220218,20220218,112114500,11:21:14,9408,13461,44012,625936500,0,0,0
SF206,20220218,20220218,112116000,11:21:16,9410,13462,44011,625983000,1,-1,46500
SF206,20220218,20220218,112116500,11:21:17,9412,13472,44016,626448000,10,5,465000
SF206,20220218,20220218,112117000,11:21:17,9412,13472,44016,626448000,0,0,0
SF206,20220218,20220218,112117500,11:21:18,9412,13472,44016,626448000,0,0,0
SF206,20220218,20220218,112118000,11:21:18,9412,13472,44016,626448000,0,0,0
SF206,20220218,20220218,112118500,11:21:18,9410,13473,44017,626494500,1,1,46500
SF206,20220218,20220218,112119500,11:21:19,9410,13473,44017,626494500,0,0,0
SF206,20220218,20220218,112123000,11:21:23,9410,13475,44017,626587500,2,0,93000
SF206,20220218,20220218,112123500,11:21:23,9410,13475,44017,626587500,0,0,0
SF206,20220218,20220218,112124000,11:21:24,9410,13475,44017,626587500,0,0,0
SF206,20220218,20220218,112124500,11:21:25,9410,13475,44017,626587500,0,0,0
SF206,20220218,20220218,112332500,11:23:33,9398,13670,44047,635655000,195,30,9067500
SF206,20220218,20220218,112333000,11:23:33,9398,13674,44047,635841000,4,0,186000
SF206,20220218,20220218,112334000,11:23:34,9398,13674,44047,635841000,0,0,0
SF206,20220218,20220218,112334500,11:23:34,9398,13674,44047,635841000,0,0,0
SF206,20220218,20220218,112335500,11:23:35,9398,13674,44047,635841000,0,0,0
SF206,20220218,20220218,112336000,11:23:37,9396,13686,44047,636399000,12,0,558000
SF206,20220218,20220218,112337000,11:23:38,9394,13688,44045,636492000,2,-2,93000
SF206,20220218,20220218,112337500,11:23:38,9394,13688,44045,636492000,0,0,0
SF206,20220218,20220218,112338000,11:23:38,9394,13688,44045,636492000,0,0,0
SF206,20220218,20220218,112338500,11:23:38,9394,13688,44045,636492000,0,0,0
SF206,20220218,20220218,112339000,11:23:39,9396,13698,44048,637093980,10,3,601980
SF206,20220218,20220218,112339500,11:23:39,9396,13698,44048,637093980,0,0,0
SF206,20220218,20220218,112340500,11:23:40,9396,13698,44048,637093980,0,0,0
SF206,20220218,20220218,112341000,11:23:41,9396,13698,44048,637093980,0,0,0
SF206,20220218,20220218,112341500,11:23:42,9396,13698,44048,637093980,0,0,0
SF206,20220218,20220218,112342000,11:23:42,9398,13722,44059,638210220,24,11,1116240
SF206,20220218,20220218,112343000,11:23:43,9398,13722,44059,638210220,0,0,0
SF206,20220218,20220218,112344000,11:23:48,9398,13727,44064,638442770,5,5,232550
SF206,20220218,20220218,112345000,11:23:48,9398,13727,44064,638442770,0,0,0
SF206,20220218,20220218,112350500,11:23:50,9400,13756,44066,639791560,29,2,1348790
SF206,20220218,20220218,112351500,11:23:51,9400,13757,44067,639838070,1,1,46510
SF206,20220218,20220218,112353000,11:23:53,9402,13758,44067,639884580,1,0,46510
SF206,20220218,20220218,112353500,11:23:53,9402,13758,44067,639884580,0,0,0
SF206,20220218,20220218,112354000,11:23:54,9402,13758,44067,639884580,0,0,0
SF206,20220218,20220218,112355500,11:23:55,9402,13758,44067,639884580,0,0,0
SF206,20220218,20220218,112356000,11:23:56,9400,13759,44067,639931090,1,0,46510
SF206,20220218,20220218,112356500,11:23:56,9402,13763,44071,640117130,4,4,186040
SF206,20220218,20220218,112357000,11:23:57,9402,13763,44071,640117130,0,0,0
SF206,20220218,20220218,112357500,11:23:57,9402,13763,44071,640117130,0,0,0
SF206,20220218,20220218,112358000,11:23:58,9402,13763,44071,640117130,0,0,0
SF206,20220218,20220218,112358500,11:23:58,9402,13764,44071,640163640,1,0,46510
SF206,20220218,20220218,112359000,11:23:59,9402,13765,44070,640210150,1,-1,46510
SF206,20220218,20220218,112400000,11:24:00,9402,13765,44070,640210150,0,0,0
SF206,20220218,20220218,112400500,11:24:00,9402,13765,44070,640210150,0,0,0
SF206,20220218,20220218,112401000,11:24:01,9402,13765,44070,640210150,0,0,0
SF206,20220218,20220218,112401500,11:24:01,9402,13765,44070,640210150,0,0,0
SF206,20220218,20220218,112402500,11:24:02,9402,13765,44070,640210150,0,0,0
SF206,20220218,20220218,112403000,11:24:03,9402,13766,44071,640256660,1,1,46510
SF206,20220218,20220218,112403500,11:24:04,9402,13766,44071,640256660,0,0,0
SF206,20220218,20220218,112404000,11:24:04,9402,13766,44071,640256660,0,0,0
SF206,20220218,20220218,112404500,11:24:04,9402,13766,44071,640256660,0,0,0
SF206,20220218,20220218,112405000,11:24:05,9402,13766,44071,640256660,0,0,0
SF206,20220218,20220218,112405500,11:24:05,9402,13766,44071,640256660,0,0,0
SF206,20220218,20220218,112406500,11:24:06,9402,13766,44071,640256660,0,0,0
SF206,20220218,20220218,112407000,11:24:07,9402,13766,44071,640256660,0,0,0
SF206,20220218,20220218,112407500,11:24:08,9402,13766,44071,640256660,0,0,0
SF206,20220218,20220218,112408000,11:24:08,9400,13767,44070,640303170,1,-1,46510
SF206,20220218,20220218,112408500,11:24:08,9400,13768,44070,640349680,1,0,46510
SF206,20220218,20220218,112409000,11:24:11,9400,13770,44070,640442700,2,0,93020
SF206,20220218,20220218,112409500,11:24:12,9400,13773,44070,640582230,3,0,139530
SF206,20220218,20220218,112410000,11:24:12,9400,13773,44070,640582230,0,0,0
SF206,20220218,20220218,112410500,11:24:12,9400,13777,44070,640768270,4,0,186040
SF206,20220218,20220218,112411500,11:24:12,9400,13777,44070,640768270,0,0,0
SF206,20220218,20220218,112412500,11:24:13,9400,13777,44070,640768270,0,0,0
SF206,20220218,20220218,112413000,11:24:14,9400,13778,44070,640814780,1,0,46510
SF206,20220218,20220218,112413500,11:24:14,9400,13778,44070,640814780,0,0,0
SF206,20220218,20220218,112414500,11:24:15,9400,13778,44070,640814780,0,0,0
SF206,20220218,20220218,112415000,11:24:15,9400,13778,44070,640814780,0,0,0
SF206,20220218,20220218,112416000,11:24:16,9400,13778,44070,640814780,0,0,0
SF206,20220218,20220218,112417500,11:24:18,9400,13778,44070,640814780,0,0,0
SF206,20220218,20220218,112418000,11:24:18,9400,13778,44070,640814780,0,0,0
SF206,20220218,20220218,112418500,11:24:19,9398,13779,44071,640861290,1,1,46510
SF206,20220218,20220218,112419000,11:24:19,9396,13782,44071,641000820,3,0,139530
SF206,20220218,20220218,112422000,11:24:22,9396,13782,44071,641000820,0,0,0
SF206,20220218,20220218,112422500,11:24:23,9396,13782,44071,641000820,0,0,0
SF206,20220218,20220218,112423000,11:24:23,9400,13810,44071,642303100,28,0,1302280
SF206,20220218,20220218,112423500,11:24:24,9400,13810,44071,642303100,0,0,0
SF206,20220218,20220218,112424000,11:24:24,9400,13810,44071,642303100,0,0,0
SF206,20220218,20220218,112424500,11:24:24,9400,13810,44071,642303100,0,0,0
SF206,20220218,20220218,112425000,11:24:25,9400,13810,44071,642303100,0,0,0
SF206,20220218,20220218,112426000,11:24:26,9400,13810,44071,642303100,0,0,0
SF206,20220218,20220218,112427000,11:24:27,9400,13810,44071,642303100,0,0,0
SF206,20220218,20220218,112427500,11:24:28,9400,13810,44071,642303100,0,0,0
SF206,20220218,20220218,112428000,11:24:28,9400,13810,44071,642303100,0,0,0
SF206,20220218,20220218,112428500,11:24:28,9402,13811,44072,642349610,1,1,46510
SF206,20220218,20220218,112429000,11:24:29,9402,13811,44072,642349610,0,0,0
SF206,20220218,20220218,112429500,11:24:30,9402,13811,44072,642349610,0,0,0
SF206,20220218,20220218,112430000,11:24:30,9402,13811,44072,642349610,0,0,0
SF206,20220218,20220218,112430500,11:24:30,9402,13811,44072,642349610,0,0,0
SF206,20220218,20220218,112431000,11:24:31,9402,13811,44072,642349610,0,0,0
SF206,20220218,20220218,112431500,11:24:31,9402,13811,44072,642349610,0,0,0
SF206,20220218,20220218,112432000,11:24:32,9402,13811,44072,642349610,0,0,0
SF206,20220218,20220218,112432500,11:24:32,9402,13811,44072,642349610,0,0,0
SF206,20220218,20220218,112433000,11:24:33,9402,13811,44072,642349610,0,0,0
SF206,20220218,20220218,112433500,11:24:33,9404,13814,44072,642489140,3,0,139530
SF206,20220218,20220218,112434000,11:24:34,9404,13814,44072,642489140,0,0,0
SF206,20220218,20220218,112434500,11:24:34,9404,13814,44072,642489140,0,0,0
SF206,20220218,20220218,112435000,11:24:35,9404,13814,44072,642489140,0,0,0
SF206,20220218,20220218,112435500,11:24:35,9404,13814,44072,642489140,0,0,0
SF206,20220218,20220218,112436000,11:24:36,9404,13814,44072,642489140,0,0,0
SF206,20220218,20220218,112436500,11:24:36,9404,13814,44072,642489140,0,0,0
SF206,20220218,20220218,112437000,11:24:37,9404,13814,44072,642489140,0,0,0
SF206,20220218,20220218,112437500,11:24:39,9404,13814,44072,642489140,0,0,0
SF206,20220218,20220218,112438000,11:24:39,9404,13814,44072,642489140,0,0,0
SF206,20220218,20220218,112438500,11:24:39,9400,13848,44078,644070480,34,6,1581340
SF206,20220218,20220218,112439000,11:24:40,9402,13849,44079,644116990,1,1,46510
SF206,20220218,20220218,112439500,11:24:40,9402,13849,44079,644116990,0,0,0
SF206,20220218,20220218,112440500,11:24:40,9400,13851,44077,644210010,2,-2,93020
SF206,20220218,20220218,112441000,11:24:41,9404,13852,44077,644256520,1,0,46510
SF206,20220218,20220218,112441500,11:24:41,9404,13852,44077,644256520,0,0,0
SF206,20220218,20220218,112442000,11:24:42,9404,13852,44077,644256520,0,0,0
SF206,20220218,20220218,112442500,11:24:42,9404,13852,44077,644256520,0,0,0
SF206,20220218,20220218,112443500,11:24:43,9404,13852,44077,644256520,0,0,0
SF206,20220218,20220218,112444000,11:24:44,9404,13852,44077,644256520,0,0,0
SF206,20220218,20220218,112444500,11:24:44,9404,13852,44077,644256520,0,0,0
SF206,20220218,20220218,112445000,11:24:45,9404,13852,44077,644256520,0,0,0
SF206,20220218,20220218,112445500,11:24:45,9404,13852,44077,644256520,0,0,0
SF206,20220218,20220218,112446000,11:24:46,9404,13852,44077,644256520,0,0,0
SF206,20220218,20220218,112446500,11:24:46,9404,13852,44077,644256520,0,0,0
SF206,20220218,20220218,112447000,11:24:47,9404,13852,44077,644256520,0,0,0
SF206,20220218,20220218,112447500,11:24:47,9404,13852,44077,644256520,0,0,0
SF206,20220218,20220218,112448000,11:24:48,9404,13852,44077,644256520,0,0,0
SF206,20220218,20220218,112448500,11:24:49,9404,13852,44077,644256520,0,0,0
SF206,20220218,20220218,112449000,11:24:49,9404,13852,44077,644256520,0,0,0
SF206,20220218,20220218,112449500,11:24:49,9404,13852,44077,644256520,0,0,0
SF206,20220218,20220218,112452000,11:24:52,9404,13852,44077,644256520,0,0,0
SF206,20220218,20220218,112452500,11:24:52,9404,13852,44077,644256520,0,0,0
SF206,20220218,20220218,112453000,11:24:53,9404,13852,44077,644256520,0,0,0
SF206,20220218,20220218,112453500,11:24:53,9404,13852,44077,644256520,0,0,0
SF206,20220218,20220218,112454000,11:24:54,9404,13852,44077,644256520,0,0,0
SF206,20220218,20220218,112454500,11:24:54,9404,13852,44077,644256520,0,0,0
SF206,20220218,20220218,112455500,11:24:56,9404,13852,44077,644256520,0,0,0
SF206,20220218,20220218,112456000,11:24:56,9404,13852,44077,644256520,0,0,0
SF206,20220218,20220218,112456500,11:24:56,9404,13852,44077,644256520,0,0,0
SF206,20220218,20220218,112457000,11:24:57,9404,13852,44077,644256520,0,0,0
SF206,20220218,20220218,112457500,11:24:57,9404,13852,44077,644256520,0,0,0
SF206,20220218,20220218,112458000,11:24:58,9404,13852,44077,644256520,0,0,0
SF206,20220218,20220218,112459000,11:24:59,9404,13852,44077,644256520,0,0,0
SF206,20220218,20220218,112500000,11:25:01,9404,13852,44077,644256520,0,0,0
SF206,20220218,20220218,112501000,11:25:02,9404,13852,44077,644256520,0,0,0
SF206,20220218,20220218,112502000,11:25:05,9404,13852,44077,644256520,0,0,0
SF206,20220218,20220218,112502500,11:25:06,9404,13852,44077,644256520,0,0,0
SF206,20220218,20220218,112504500,11:25:06,9406,13858,44082,644535580,6,5,279060
SF206,20220218,20220218,112505500,11:25:06,9406,13858,44082,644535580,0,0,0
SF206,20220218,20220218,112506000,11:25:07,9406,13878,44081,645465780,20,-1,930200
SF206,20220218,20220218,112506500,11:25:07,9406,13878,44081,645465780,0,0,0
SF206,20220218,20220218,112507000,11:25:07,9406,13880,44083,645558800,2,2,93020
SF206,20220218,20220218,112507500,11:25:07,9406,13880,44083,645558800,0,0,0
SF206,20220218,20220218,112508500,11:25:09,9406,13880,44083,645558800,0,0,0
SF206,20220218,20220218,112509000,11:25:09,9406,13880,44083,645558800,0,0,0
SF206,20220218,20220218,112510500,11:25:10,9406,13880,44083,645558800,0,0,0
SF206,20220218,20220218,112511000,11:25:11,9406,13880,44083,645558800,0,0,0
SF206,20220218,20220218,112512500,11:25:12,9406,13880,44083,645558800,0,0,0
SF206,20220218,20220218,112513000,11:25:13,9406,13880,44083,645558800,0,0,0
SF206,20220218,20220218,112513500,11:25:15,9406,13880,44083,645558800,0,0,0
SF206,20220218,20220218,112514000,11:25:15,9406,13880,44083,645558800,0,0,0
SF206,20220218,20220218,112514500,11:25:16,9406,13880,44083,645558800,0,0,0
SF206,20220218,20220218,112515000,11:25:16,9406,13880,44083,645558800,0,0,0
SF206,20220218,20220218,112515500,11:25:16,9406,13880,44083,645558800,0,0,0
SF206,20220218,20220218,112516000,11:25:16,9406,13880,44083,645558800,0,0,0
SF206,20220218,20220218,112516500,11:25:16,9406,13880,44083,645558800,0,0,0
SF206,20220218,20220218,112521500,11:25:22,9406,13880,44083,645558800,0,0,0
SF206,20220218,20220218,112522000,11:25:22,9406,13880,44083,645558800,0,0,0
SF206,20220218,20220218,112522500,11:25:22,9406,13880,44083,645558800,0,0,0
SF206,20220218,20220218,112523000,11:25:23,9406,13880,44083,645558800,0,0,0
SF206,20220218,20220218,112524500,11:25:25,9406,13880,44083,645558800,0,0,0
SF206,20220218,20220218,112525000,11:25:25,9406,13880,44083,645558800,0,0,0
SF206,20220218,20220218,112526500,11:25:27,9406,13880,44083,645558800,0,0,0
SF206,20220218,20220218,112527000,11:25:27,9404,13891,44086,646070410,11,3,511610
SF206,20220218,20220218,112527500,11:25:28,9404,13891,44086,646070410,0,0,0
SF206,20220218,20220218,112528500,11:25:28,9404,13891,44086,646070410,0,0,0
SF206,20220218,20220218,112529000,11:25:29,9400,13905,44097,646721550,14,11,651140
SF206,20220218,20220218,112529500,11:25:30,9398,13906,44096,646768060,1,-1,46510
SF206,20220218,20220218,112530000,11:25:30,9398,13906,44096,646768060,0,0,0
SF206,20220218,20220218,112530500,11:25:31,9396,13908,44094,646861080,2,-2,93020
SF206,20220218,20220218,112531000,11:25:31,9396,13908,44094,646861080,0,0,0
SF206,20220218,20220218,112531500,11:25:32,9396,13908,44094,646861080,0,0,0
SF206,20220218,20220218,112532000,11:25:32,9396,13908,44094,646861080,0,0,0
SF206,20220218,20220218,112532500,11:25:33,9394,13911,44097,647000610,3,3,139530
SF206,20220218,20220218,112533000,11:25:33,9394,13911,44097,647000610,0,0,0
SF206,20220218,20220218,112533500,11:25:33,9394,13911,44097,647000610,0,0,0
SF206,20220218,20220218,112534000,11:25:34,9394,13911,44097,647000610,0,0,0
SF206,20220218,20220218,112534500,11:25:35,9394,13911,44097,647000610,0,0,0
SF206,20220218,20220218,112535000,11:25:37,9394,13911,44097,647000610,0,0,0
SF206,20220218,20220218,112536000,11:25:37,9394,13912,44098,647047120,1,1,46510
SF206,20220218,20220218,112536500,11:25:37,9394,13912,44098,647047120,0,0,0
SF206,20220218,20220218,112537000,11:25:38,9394,13912,44098,647047120,0,0,0
SF206,20220218,20220218,112537500,11:25:38,9394,13912,44098,647047120,0,0,0
SF206,20220218,20220218,112538000,11:25:38,9394,13912,44098,647047120,0,0,0
SF206,20220218,20220218,112538500,11:25:39,9394,13912,44098,647047120,0,0,0
SF206,20220218,20220218,112539000,11:25:39,9394,13912,44098,647047120,0,0,0
SF206,20220218,20220218,112540500,11:25:41,9394,13912,44098,647047120,0,0,0
SF206,20220218,20220218,112541000,11:25:41,9394,13912,44098,647047120,0,0,0
SF206,20220218,20220218,112541500,11:25:41,9394,13912,44098,647047120,0,0,0
SF206,20220218,20220218,112542000,11:25:42,9394,13917,44102,647279670,5,4,232550
SF206,20220218,20220218,112542500,11:25:43,9394,13917,44102,647279670,0,0,0
SF206,20220218,20220218,112543000,11:25:43,9394,13917,44102,647279670,0,0,0
SF206,20220218,20220218,112543500,11:25:43,9394,13917,44102,647279670,0,0,0
SF206,20220218,20220218,112544000,11:25:44,9394,13917,44102,647279670,0,0,0
SF206,20220218,20220218,112544500,11:25:44,9394,13917,44102,647279670,0,0,0
SF206,20220218,20220218,112545000,11:25:45,9394,13917,44102,647279670,0,0,0
SF206,20220218,20220218,112545500,11:25:46,9394,13917,44102,647279670,0,0,0
SF206,20220218,20220218,112546000,11:25:47,9398,13919,44104,647372690,2,2,93020
SF206,20220218,20220218,112547500,11:25:48,9398,13920,44105,647419200,1,1,46510
SF206,20220218,20220218,112549500,11:25:49,9398,13920,44105,647419200,0,0,0
SF206,20220218,20220218,112550000,11:25:50,9398,13921,44105,647465710,1,0,46510
SF206,20220218,20220218,112550500,11:25:51,9398,13921,44105,647465710,0,0,0
SF206,20220218,20220218,112551500,11:25:51,9398,13921,44105,647465710,0,0,0
SF206,20220218,20220218,112552000,11:25:52,9398,13921,44105,647465710,0,0,0
SF206,20220218,20220218,112552500,11:25:52,9398,13921,44105,647465710,0,0,0
SF206,20220218,20220218,112553000,11:25:53,9398,13921,44105,647465710,0,0,0
SF206,20220218,20220218,112553500,11:25:54,9398,13921,44105,647465710,0,0,0
SF206,20220218,20220218,112555500,11:25:56,9394,13923,44105,647558730,2,0,93020
SF206,20220218,20220218,112556000,11:25:57,9394,13923,44105,647558730,0,0,0
SF206,20220218,20220218,112556500,11:25:57,9394,13923,44105,647558730,0,0,0
SF206,20220218,20220218,112557000,11:25:57,9394,13923,44105,647558730,0,0,0
SF206,20220218,20220218,112557500,11:25:57,9394,13923,44105,647558730,0,0,0
SF206,20220218,20220218,112558000,11:25:59,9394,13923,44105,647558730,0,0,0
SF206,20220218,20220218,112559000,11:26:00,9394,13923,44105,647558730,0,0,0
SF206,20220218,20220218,112600000,11:26:00,9394,13923,44105,647558730,0,0,0
SF206,20220218,20220218,112600500,11:26:01,9394,13923,44105,647558730,0,0,0
SF206,20220218,20220218,112601000,11:26:01,9394,13923,44105,647558730,0,0,0
SF206,20220218,20220218,112601500,11:26:02,9394,13923,44105,647558730,0,0,0
SF206,20220218,20220218,112602000,11:26:03,9394,13923,44105,647558730,0,0,0
SF206,20220218,20220218,112602500,11:26:03,9394,13923,44105,647558730,0,0,0
SF206,20220218,20220218,112603000,11:26:03,9394,13923,44105,647558730,0,0,0
SF206,20220218,20220218,112603500,11:26:04,9394,13923,44105,647558730,0,0,0
SF206,20220218,20220218,112604000,11:26:05,9400,13924,44105,647605240,1,0,46510
SF206,20220218,20220218,112604500,11:26:05,9400,13924,44105,647605240,0,0,0
SF206,20220218,20220218,112605000,11:26:05,9400,13924,44105,647605240,0,0,0
SF206,20220218,20220218,112605500,11:26:06,9400,13924,44105,647605240,0,0,0
SF206,20220218,20220218,112606000,11:26:06,9402,13925,44106,647651750,1,1,46510
SF206,20220218,20220218,112606500,11:26:09,9402,13925,44106,647651750,0,0,0
SF206,20220218,20220218,112607000,11:26:09,9402,13925,44106,647651750,0,0,0
SF206,20220218,20220218,112607500,11:26:09,9400,13926,44105,647698260,1,-1,46510
SF206,20220218,20220218,112608500,11:26:09,9400,13926,44105,647698260,0,0,0
SF206,20220218,20220218,112609500,11:26:10,9400,13926,44105,647698260,0,0,0
SF206,20220218,20220218,112610500,11:26:11,9398,13928,44105,647791280,2,0,93020
SF206,20220218,20220218,112611000,11:26:11,9398,13928,44105,647791280,0,0,0
SF206,20220218,20220218,112611500,11:26:13,9398,13928,44105,647791280,0,0,0
SF206,20220218,20220218,112613000,11:26:15,9400,13929,44106,647837790,1,1,46510
SF206,20220218,20220218,112614500,11:26:16,9400,13929,44106,647837790,0,0,0
SF206,20220218,20220218,112616000,11:26:16,9398,13930,44105,647884300,1,-1,46510
SF206,20220218,20220218,112616500,11:26:17,9398,13930,44105,647884300,0,0,0
SF206,20220218,20220218,112617000,11:26:17,9398,13930,44105,647884300,0,0,0
SF206,20220218,20220218,112617500,11:26:17,9398,13930,44105,647884300,0,0,0
SF206,20220218,20220218,112618000,11:26:18,9398,13930,44105,647884300,0,0,0
SF206,20220218,20220218,112623000,11:26:23,9398,13930,44105,647884300,0,0,0
SF206,20220218,20220218,112624000,11:26:24,9398,13930,44105,647884300,0,0,0
SF206,20220218,20220218,112624500,11:26:24,9398,13930,44105,647884300,0,0,0
SF206,20220218,20220218,112625500,11:26:25,9398,13930,44105,647884300,0,0,0
SF206,20220218,20220218,112626000,11:26:26,9398,13930,44105,647884300,0,0,0
SF206,20220218,20220218,112631000,11:26:31,9398,13930,44105,647884300,0,0,0
SF206,20220218,20220218,112637000,11:26:38,9398,13930,44105,647884300,0,0,0
SF206,20220218,20220218,112637500,11:27:10,9398,13930,44105,647884300,0,0,0
SF206,20220218,20220218,112638000,11:27:10,9398,13930,44105,647884300,0,0,0
SF206,20220218,20220218,112653500,11:27:10,9398,13930,44105,647884300,0,0,0
SF206,20220218,20220218,112710000,11:27:12,9400,13961,44111,649326110,31,6,1441810
SF206,20220218,20220218,112710500,11:27:12,9400,13961,44111,649326110,0,0,0
SF206,20220218,20220218,112712000,11:27:12,9400,13961,44111,649326110,0,0,0
SF206,20220218,20220218,112713000,11:27:14,9400,13961,44111,649326110,0,0,0
SF206,20220218,20220218,112713500,11:27:14,9400,13961,44111,649326110,0,0,0
SF206,20220218,20220218,112714000,11:27:15,9400,13961,44111,649326110,0,0,0
SF206,20220218,20220218,112714500,11:27:15,9400,13961,44111,649326110,0,0,0
SF206,20220218,20220218,112717000,11:27:17,9400,13961,44111,649326110,0,0,0
SF206,20220218,20220218,112717500,11:27:17,9400,13961,44111,649326110,0,0,0
SF206,20220218,20220218,112718000,11:27:18,9400,13961,44111,649326110,0,0,0
SF206,20220218,20220218,112718500,11:27:19,9400,13961,44111,649326110,0,0,0
SF206,20220218,20220218,112719000,11:27:19,9400,13961,44111,649326110,0,0,0
SF206,20220218,20220218,112719500,11:27:20,9400,13961,44111,649326110,0,0,0
SF206,20220218,20220218,112720000,11:27:20,9400,13961,44111,649326110,0,0,0
SF206,20220218,20220218,112720500,11:27:21,9400,13961,44111,649326110,0,0,0
SF206,20220218,20220218,112722000,11:27:22,9400,13961,44111,649326110,0,0,0
SF206,20220218,20220218,112722500,11:27:26,9402,13962,44112,649372620,1,1,46510
SF206,20220218,20220218,112726500,11:27:27,9402,13962,44112,649372620,0,0,0
SF206,20220218,20220218,112727000,11:27:27,9398,13973,44111,650023960,11,-1,651340
SF206,20220218,20220218,112727500,11:27:27,9398,13973,44111,650023960,0,0,0
SF206,20220218,20220218,112728000,11:27:28,9398,13973,44111,650023960,0,0,0
SF206,20220218,20220218,112728500,11:27:28,9398,13973,44111,650023960,0,0,0
SF206,20220218,20220218,112729000,11:27:29,9398,13973,44111,650023960,0,0,0
SF206,20220218,20220218,112730500,11:27:31,9398,13973,44111,650023960,0,0,0
SF206,20220218,20220218,112731000,11:27:32,9398,13974,44110,650070480,1,-1,46520
SF206,20220218,20220218,112731500,11:27:35,9398,13974,44110,650070480,0,0,0
SF206,20220218,20220218,112732000,11:27:36,9398,13974,44110,650070480,0,0,0
SF206,20220218,20220218,112735500,11:27:36,9398,13974,44110,650070480,0,0,0
SF206,20220218,20220218,112736000,11:27:37,9398,13974,44110,650070480,0,0,0
SF206,20220218,20220218,112736500,11:27:38,9398,13974,44110,650070480,0,0,0
SF206,20220218,20220218,112737000,11:27:38,9398,13974,44110,650070480,0,0,0
SF206,20220218,20220218,112737500,11:27:38,9398,13974,44110,650070480,0,0,0
SF206,20220218,20220218,112739500,11:27:40,9398,13974,44110,650070480,0,0,0
SF206,20220218,20220218,112740000,11:27:40,9398,13974,44110,650070480,0,0,0
SF206,20220218,20220218,112740500,11:27:40,9398,13974,44110,650070480,0,0,0
SF206,20220218,20220218,112741000,11:27:41,9398,13974,44110,650070480,0,0,0
SF206,20220218,20220218,112742000,11:27:42,9398,13974,44110,650070480,0,0,0
SF206,20220218,20220218,112742500,11:27:43,9398,13974,44110,650070480,0,0,0
SF206,20220218,20220218,112743000,11:27:43,9398,13974,44110,650070480,0,0,0
SF206,20220218,20220218,112743500,11:27:43,9398,13974,44110,650070480,0,0,0
SF206,20220218,20220218,112745000,11:27:46,9398,13974,44110,650070480,0,0,0
SF206,20220218,20220218,112745500,11:27:46,9398,13974,44110,650070480,0,0,0
SF206,20220218,20220218,112746500,11:27:47,9398,13974,44110,650070480,0,0,0
SF206,20220218,20220218,112747500,11:27:48,9398,13974,44110,650070480,0,0,0
SF206,20220218,20220218,112748500,11:27:54,9398,13974,44110,650070480,0,0,0
SF206,20220218,20220218,112749000,11:27:54,9398,13974,44110,650070480,0,0,0
SF206,20220218,20220218,112749500,11:27:54,9398,13974,44110,650070480,0,0,0
SF206,20220218,20220218,112752500,11:27:54,9398,13974,44110,650070480,0,0,0
SF206,20220218,20220218,112754500,11:27:55,9398,13974,44110,650070480,0,0,0
SF206,20220218,20220218,112756000,11:27:56,9398,13974,44110,650070480,0,0,0
SF206,20220218,20220218,112756500,11:27:56,9400,13976,44111,650163520,2,1,93040
SF206,20220218,20220218,112757500,11:27:57,9400,13976,44111,650163520,0,0,0
SF206,20220218,20220218,112758000,11:27:58,9400,13976,44111,650163520,0,0,0
SF206,20220218,20220218,112800000,11:28:01,9402,13977,44112,650210040,1,1,46520
SF206,20220218,20220218,112800500,11:28:01,9404,13978,44112,650256560,1,0,46520
SF206,20220218,20220218,112802500,11:28:03,9404,13978,44112,650256560,0,0,0
SF206,20220218,20220218,112803000,11:28:04,9404,13978,44112,650256560,0,0,0
SF206,20220218,20220218,112803500,11:28:04,9408,13979,44113,650303080,1,1,46520
SF206,20220218,20220218,112804000,11:28:05,9408,13979,44113,650303080,0,0,0
SF206,20220218,20220218,112807000,11:28:10,9408,13979,44113,650303080,0,0,0
SF206,20220218,20220218,112810000,11:28:11,9408,13979,44113,650303080,0,0,0
SF206,20220218,20220218,112810500,11:28:12,9408,13979,44113,650303080,0,0,0
SF206,20220218,20220218,112811000,11:28:12,9408,13979,44113,650303080,0,0,0
SF206,20220218,20220218,112811500,11:28:12,9408,13979,44113,650303080,0,0,0
SF206,20220218,20220218,112812500,11:28:13,9414,13981,44112,650396120,2,-1,93040
SF206,20220218,20220218,112813000,11:28:13,9414,13981,44112,650396120,0,0,0
SF206,20220218,20220218,112813500,11:28:14,9414,13981,44112,650396120,0,0,0
SF206,20220218,20220218,112814000,11:28:14,9414,13981,44112,650396120,0,0,0
SF206,20220218,20220218,112815000,11:28:15,9414,13981,44112,650396120,0,0,0
SF206,20220218,20220218,112815500,11:28:15,9414,13981,44112,650396120,0,0,0
SF206,20220218,20220218,112816000,11:28:16,9414,13981,44112,650396120,0,0,0
SF206,20220218,20220218,112816500,11:28:16,9414,13981,44112,650396120,0,0,0
SF206,20220218,20220218,112817000,11:28:17,9414,13981,44112,650396120,0,0,0
SF206,20220218,20220218,112818500,11:28:18,9414,13981,44112,650396120,0,0,0
SF206,20220218,20220218,112819000,11:28:19,9414,13981,44112,650396120,0,0,0
SF206,20220218,20220218,112819500,11:28:20,9414,13981,44112,650396120,0,0,0
SF206,20220218,20220218,112820000,11:28:20,9412,13984,44112,650535680,3,0,139560
SF206,20220218,20220218,112820500,11:28:20,9412,13984,44112,650535680,0,0,0
SF206,20220218,20220218,112821000,11:28:21,9412,13984,44112,650535680,0,0,0
SF206,20220218,20220218,112821500,11:28:22,9412,13984,44112,650535680,0,0,0
SF206,20220218,20220218,112822000,11:28:22,9412,13984,44112,650535680,0,0,0
SF206,20220218,20220218,112822500,11:28:22,9412,13984,44112,650535680,0,0,0
SF206,20220218,20220218,112823000,11:28:23,9412,13984,44112,650535680,0,0,0
SF206,20220218,20220218,112823500,11:28:23,9412,13984,44112,650535680,0,0,0
SF206,20220218,20220218,112824000,11:28:24,9412,13984,44112,650535680,0,0,0
SF206,20220218,20220218,112825000,11:28:25,9412,13984,44112,650535680,0,0,0
SF206,20220218,20220218,112825500,11:28:25,9412,13984,44112,650535680,0,0,0
SF206,20220218,20220218,112826000,11:28:26,9412,13984,44112,650535680,0,0,0
SF206,20220218,20220218,112826500,11:28:27,9412,13984,44112,650535680,0,0,0
SF206,20220218,20220218,112827000,11:28:27,9412,13984,44112,650535680,0,0,0
SF206,20220218,20220218,112827500,11:28:27,9408,13985,44111,650582200,1,-1,46520
SF206,20220218,20220218,112828000,11:28:28,9406,13986,44110,650628720,1,-1,46520
SF206,20220218,20220218,112828500,11:28:28,9406,13986,44110,650628720,0,0,0
SF206,20220218,20220218,112829000,11:28:29,9406,13986,44110,650628720,0,0,0
SF206,20220218,20220218,112829500,11:28:29,9406,13986,44110,650628720,0,0,0
SF206,20220218,20220218,112830000,11:28:30,9406,13986,44110,650628720,0,0,0
SF206,20220218,20220218,112830500,11:28:31,9406,13986,44110,650628720,0,0,0
SF206,20220218,20220218,112831000,11:28:31,9406,13986,44110,650628720,0,0,0
SF206,20220218,20220218,112831500,11:28:32,9406,13986,44110,650628720,0,0,0
SF206,20220218,20220218,112832000,11:28:32,9406,13986,44110,650628720,0,0,0
SF206,20220218,20220218,112832500,11:28:33,9406,13986,44110,650628720,0,0,0
SF206,20220218,20220218,112833000,11:28:33,9406,13986,44110,650628720,0,0,0
SF206,20220218,20220218,112833500,11:28:34,9408,13987,44110,650675240,1,0,46520
SF206,20220218,20220218,112834000,11:28:34,9408,13987,44110,650675240,0,0,0
SF206,20220218,20220218,112834500,11:28:34,9408,13987,44110,650675240,0,0,0
SF206,20220218,20220218,112835000,11:28:35,9408,13987,44110,650675240,0,0,0
SF206,20220218,20220218,112835500,11:28:37,9408,13987,44110,650675240,0,0,0
SF206,20220218,20220218,112836000,11:28:37,9408,13987,44110,650675240,0,0,0
SF206,20220218,20220218,112836500,11:28:37,9408,13987,44110,650675240,0,0,0
SF206,20220218,20220218,112837000,11:28:37,9408,13987,44110,650675240,0,0,0
SF206,20220218,20220218,112837500,11:28:38,9408,13987,44110,650675240,0,0,0
SF206,20220218,20220218,112838000,11:28:38,9408,13987,44110,650675240,0,0,0
SF206,20220218,20220218,112838500,11:28:38,9408,13987,44110,650675240,0,0,0
SF206,20220218,20220218,112839000,11:28:40,9408,13987,44110,650675240,0,0,0
SF206,20220218,20220218,112839500,11:28:40,9408,13987,44110,650675240,0,0,0
SF206,20220218,20220218,112840000,11:28:40,9408,13987,44110,650675240,0,0,0
SF206,20220218,20220218,112840500,11:28:40,9408,13987,44110,650675240,0,0,0
SF206,20220218,20220218,112842500,11:28:42,9408,13987,44110,650675240,0,0,0
SF206,20220218,20220218,112843500,11:28:44,9408,13987,44110,650675240,0,0,0
SF206,20220218,20220218,112844000,11:28:44,9408,13987,44110,650675240,0,0,0
SF206,20220218,20220218,112844500,11:28:45,9408,13987,44110,650675240,0,0,0
SF206,20220218,20220218,112845000,11:28:45,9408,13987,44110,650675240,0,0,0
SF206,20220218,20220218,112845500,11:28:45,9410,13991,44114,650861320,4,4,186080
SF206,20220218,20220218,112846000,11:28:46,9410,13991,44114,650861320,0,0,0
SF206,20220218,20220218,112846500,11:28:46,9410,13991,44114,650861320,0,0,0
SF206,20220218,20220218,112847000,11:28:47,9410,13991,44114,650861320,0,0,0
SF206,20220218,20220218,112847500,11:28:48,9410,13991,44114,650861320,0,0,0
SF206,20220218,20220218,112848000,11:28:48,9410,13991,44114,650861320,0,0,0
SF206,20220218,20220218,112848500,11:28:48,9410,13991,44114,650861320,0,0,0
SF206,20220218,20220218,112849000,11:28:49,9410,13991,44114,650861320,0,0,0
SF206,20220218,20220218,112849500,11:28:50,9410,13991,44114,650861320,0,0,0
SF206,20220218,20220218,112850000,11:28:50,9410,13991,44114,650861320,0,0,0
SF206,20220218,20220218,112851000,11:28:51,9410,13991,44114,650861320,0,0,0
SF206,20220218,20220218,112851500,11:28:51,9410,13991,44114,650861320,0,0,0
SF206,20220218,20220218,112852000,11:28:53,9410,13991,44114,650861320,0,0,0
SF206,20220218,20220218,112852500,11:28:54,9410,13991,44114,650861320,0,0,0
SF206,20220218,20220218,112853000,11:28:54,9410,13991,44114,650861320,0,0,0
SF206,20220218,20220218,112853500,11:28:54,9410,13991,44114,650861320,0,0,0
SF206,20220218,20220218,112854000,11:28:54,9410,13991,44114,650861320,0,0,0
SF206,20220218,20220218,112854500,11:28:54,9410,13991,44114,650861320,0,0,0
SF206,20220218,20220218,112855000,11:28:55,9410,13991,44114,650861320,0,0,0
SF206,20220218,20220218,112856000,11:28:56,9410,13991,44114,650861320,0,0,0
SF206,20220218,20220218,112856500,11:28:56,9410,13991,44114,650861320,0,0,0
SF206,20220218,20220218,112857000,11:28:57,9410,13991,44114,650861320,0,0,0
SF206,20220218,20220218,112857500,11:28:58,9410,13991,44114,650861320,0,0,0
SF206,20220218,20220218,112858000,11:28:58,9410,13991,44114,650861320,0,0,0
SF206,20220218,20220218,112858500,11:28:59,9410,13991,44114,650861320,0,0,0
SF206,20220218,20220218,112859000,11:28:59,9410,13991,44114,650861320,0,0,0
SF206,20220218,20220218,112859500,11:29:00,9410,13991,44114,650861320,0,0,0
SF206,20220218,20220218,112901000,11:29:01,9410,13991,44114,650861320,0,0,0
SF206,20220218,20220218,112901500,11:29:02,9410,13991,44114,650861320,0,0,0
SF206,20220218,20220218,112902000,11:29:02,9410,13991,44114,650861320,0,0,0
SF206,20220218,20220218,112902500,11:29:03,9410,13991,44114,650861320,0,0,0
SF206,20220218,20220218,112903000,11:29:03,9410,13991,44114,650861320,0,0,0
SF206,20220218,20220218,112908000,11:29:08,9410,13991,44114,650861320,0,0,0
SF206,20220218,20220218,112908500,11:29:08,9410,13991,44114,650861320,0,0,0
SF206,20220218,20220218,112909000,11:29:09,9410,13991,44114,650861320,0,0,0
SF206,20220218,20220218,112909500,11:29:09,9410,13991,44114,650861320,0,0,0
SF206,20220218,20220218,112910000,11:29:10,9410,13991,44114,650861320,0,0,0
SF206,20220218,20220218,112911000,11:29:11,9410,13991,44114,650861320,0,0,0
SF206,20220218,20220218,112911500,11:29:12,9410,13991,44114,650861320,0,0,0
SF206,20220218,20220218,112912000,11:29:12,9410,13991,44114,650861320,0,0,0
SF206,20220218,20220218,112912500,11:29:12,9410,13991,44114,650861320,0,0,0
SF206,20220218,20220218,112913000,11:29:13,9396,13992,44115,650907840,1,1,46520
SF206,20220218,20220218,112913500,11:29:14,9396,13992,44115,650907840,0,0,0
SF206,20220218,20220218,112914000,11:29:14,9394,13993,44115,650954360,1,0,46520
SF206,20220218,20220218,112914500,11:29:15,9394,13993,44115,650954360,0,0,0
SF206,20220218,20220218,112915500,11:29:16,9394,13993,44115,650954360,0,0,0
SF206,20220218,20220218,112916000,11:29:16,9394,13993,44115,650954360,0,0,0
SF206,20220218,20220218,112917000,11:29:20,9394,13993,44115,650954360,0,0,0
SF206,20220218,20220218,112920500,11:29:21,9386,13994,44114,651000880,1,-1,46520
SF206,20220218,20220218,112921000,11:29:22,9386,13994,44114,651000880,0,0,0
SF206,20220218,20220218,112922000,11:29:24,9386,13994,44114,651000880,0,0,0
SF206,20220218,20220218,112922500,11:29:24,9386,13994,44114,651000880,0,0,0
SF206,20220218,20220218,112923000,11:29:24,9386,13994,44114,651000880,0,0,0
SF206,20220218,20220218,112924000,11:29:24,9386,13994,44114,651000880,0,0,0
SF206,20220218,20220218,112924500,11:29:24,9386,13994,44114,651000880,0,0,0
SF206,20220218,20220218,112925000,11:29:25,9392,14007,44101,651605640,13,-13,604760
SF206,20220218,20220218,112925500,11:29:25,9392,14007,44101,651605640,0,0,0
SF206,20220218,20220218,112926000,11:29:26,9382,14011,44101,651791720,4,0,186080
SF206,20220218,20220218,112926500,11:29:26,9382,14011,44101,651791720,0,0,0
SF206,20220218,20220218,112927000,11:29:27,9382,14011,44101,651791720,0,0,0
SF206,20220218,20220218,112927500,11:29:28,9382,14011,44101,651791720,0,0,0
SF206,20220218,20220218,112928000,11:29:28,9382,14011,44101,651791720,0,0,0
SF206,20220218,20220218,112928500,11:29:29,9382,14011,44101,651791720,0,0,0
SF206,20220218,20220218,112929000,11:29:29,9382,14011,44101,651791720,0,0,0
SF206,20220218,20220218,112929500,11:29:30,9382,14011,44101,651791720,0,0,0
SF206,20220218,20220218,112930000,11:29:30,9382,14011,44101,651791720,0,0,0
SF206,20220218,20220218,112930500,11:29:31,9382,14011,44101,651791720,0,0,0
SF206,20220218,20220218,112931000,11:29:32,9382,14011,44101,651791720,0,0,0
SF206,20220218,20220218,112932000,11:29:36,9382,14011,44101,651791720,0,0,0
SF206,20220218,20220218,112932500,11:29:36,9382,14011,44101,651791720,0,0,0
SF206,20220218,20220218,112933000,11:29:37,9384,14014,44098,651931280,3,-3,139560
SF206,20220218,20220218,112936500,11:29:38,9384,14014,44098,651931280,0,0,0
SF206,20220218,20220218,112937500,11:29:38,9384,14014,44098,651931280,0,0,0
SF206,20220218,20220218,112938000,11:29:38,9384,14014,44098,651931280,0,0,0
SF206,20220218,20220218,112938500,11:29:39,9384,14014,44098,651931280,0,0,0
SF206,20220218,20220218,112939500,11:29:40,9384,14014,44098,651931280,0,0,0
SF206,20220218,20220218,112940500,11:29:40,9384,14014,44098,651931280,0,0,0
SF206,20220218,20220218,112941000,11:29:41,9384,14014,44098,651931280,0,0,0
SF206,20220218,20220218,112942000,11:29:43,9384,14014,44098,651931280,0,0,0
SF206,20220218,20220218,112942500,11:29:44,9384,14014,44098,651931280,0,0,0
SF206,20220218,20220218,112943000,11:29:45,9384,14014,44098,651931280,0,0,0
SF206,20220218,20220218,112943500,11:29:45,9384,14014,44098,651931280,0,0,0
SF206,20220218,20220218,112944000,11:29:45,9384,14014,44098,651931280,0,0,0
SF206,20220218,20220218,112944500,11:29:45,9384,14014,44098,651931280,0,0,0
SF206,20220218,20220218,112945000,11:29:46,9384,14014,44098,651931280,0,0,0
SF206,20220218,20220218,112945500,11:29:46,9384,14014,44098,651931280,0,0,0
SF206,20220218,20220218,112946000,11:29:46,9384,14014,44098,651931280,0,0,0
SF206,20220218,20220218,112947000,11:29:47,9384,14014,44098,651931280,0,0,0
SF206,20220218,20220218,112947500,11:29:48,9384,14014,44098,651931280,0,0,0
SF206,20220218,20220218,112948500,11:29:49,9384,14014,44098,651931280,0,0,0
SF206,20220218,20220218,112949000,11:29:50,9386,14015,44099,651977800,1,1,46520
SF206,20220218,20220218,112949500,11:29:50,9386,14015,44099,651977800,0,0,0
SF206,20220218,20220218,112950000,11:29:51,9386,14015,44099,651977800,0,0,0
SF206,20220218,20220218,112950500,11:29:51,9386,14015,44099,651977800,0,0,0
SF206,20220218,20220218,112951500,11:29:52,9386,14015,44099,651977800,0,0,0
SF206,20220218,20220218,112952000,11:29:52,9386,14015,44099,651977800,0,0,0
SF206,20220218,20220218,112952500,11:29:53,9386,14015,44099,651977800,0,0,0
SF206,20220218,20220218,112953000,11:29:54,9386,14015,44099,651977800,0,0,0
SF206,20220218,20220218,112955000,11:29:55,9386,14015,44099,651977800,0,0,0
SF206,20220218,20220218,112956500,11:30:00,9386,14015,44099,651977800,0,0,0
SF206,20220218,20220218,112957000,11:30:00,9386,14015,44099,651977800,0,0,0
SF206,20220218,20220218,112957500,11:30:02,9386,14015,44099,651977800,0,0,0
SF206,20220218,20220218,112959500,11:30:02,9386,14016,44100,652024320,1,1,46520
SF206,20220218,20220218,133000500,13:30:00,9386,14016,44100,652024320,0,0,0
SF206,20220218,20220218,133001000,13:30:01,9386,14017,44101,652070840,1,1,46520
SF206,20220218,20220218,133001500,13:30:02,9388,14018,44101,652117360,1,0,46520
SF206,20220218,20220218,133002000,13:30:08,9386,14021,44104,652256920,3,3,139560
SF206,20220218,20220218,133002500,13:30:10,9386,14021,44104,652256920,0,0,0
SF206,20220218,20220218,133008000,13:30:10,9396,14025,44100,652443000,4,-4,186080
SF206,20220218,20220218,133009500,13:30:10,9396,14025,44100,652443000,0,0,0
SF206,20220218,20220218,133010000,13:30:11,9396,14025,44100,652443000,0,0,0
SF206,20220218,20220218,133010500,13:30:12,9396,14025,44100,652443000,0,0,0
SF206,20220218,20220218,133011000,13:30:13,9402,14028,44099,652582560,3,-1,139560
SF206,20220218,20220218,133012500,13:30:13,9402,14028,44099,652582560,0,0,0
SF206,20220218,20220218,133013000,13:30:14,9402,14028,44099,652582560,0,0,0
SF206,20220218,20220218,133013500,13:30:14,9402,14028,44099,652582560,0,0,0
SF206,20220218,20220218,133014000,13:30:16,9402,14028,44099,652582560,0,0,0
SF206,20220218,20220218,133014500,13:30:16,9402,14028,44099,652582560,0,0,0
SF206,20220218,20220218,133015000,13:30:17,9402,14028,44099,652582560,0,0,0
SF206,20220218,20220218,133016500,13:30:18,9402,14028,44099,652582560,0,0,0
SF206,20220218,20220218,133017000,13:30:18,9402,14028,44099,652582560,0,0,0
SF206,20220218,20220218,133017500,13:30:18,9402,14028,44099,652582560,0,0,0
SF206,20220218,20220218,133018000,13:30:19,9402,14028,44099,652582560,0,0,0
SF206,20220218,20220218,133018500,13:30:20,9404,14030,44098,652675600,2,-1,93040
SF206,20220218,20220218,133019000,13:30:20,9404,14030,44098,652675600,0,0,0
SF206,20220218,20220218,133019500,13:30:21,9404,14030,44098,652675600,0,0,0
SF206,20220218,20220218,133020000,13:30:21,9404,14030,44098,652675600,0,0,0
SF206,20220218,20220218,133021000,13:30:21,9404,14031,44099,652722120,1,1,46520
SF206,20220218,20220218,133021500,13:30:22,9404,14031,44099,652722120,0,0,0
SF206,20220218,20220218,133022000,13:30:38,9404,14031,44099,652722120,0,0,0
SF206,20220218,20220218,133022500,13:30:38,9404,14031,44099,652722120,0,0,0
SF206,20220218,20220218,133023000,13:30:40,9404,14031,44099,652722120,0,0,0
SF206,20220218,20220218,133038000,13:30:40,9404,14031,44099,652722120,0,0,0
SF206,20220218,20220218,133040000,13:30:42,9404,14031,44099,652722120,0,0,0
SF206,20220218,20220218,133041000,13:30:43,9392,14044,44092,653326880,13,-7,604760
SF206,20220218,20220218,133042000,13:30:44,9392,14047,44095,653466440,3,3,139560
SF206,20220218,20220218,133043000,13:30:44,9392,14047,44095,653466440,0,0,0
SF206,20220218,20220218,133043500,13:30:45,9392,14047,44095,653466440,0,0,0
SF206,20220218,20220218,133044500,13:30:46,9392,14047,44095,653466440,0,0,0
SF206,20220218,20220218,133045000,13:30:46,9392,14047,44095,653466440,0,0,0
SF206,20220218,20220218,133046000,13:30:47,9392,14047,44095,653466440,0,0,0
SF206,20220218,20220218,133046500,13:30:47,9392,14047,44095,653466440,0,0,0
SF206,20220218,20220218,133047000,13:30:48,9392,14047,44095,653466440,0,0,0
SF206,20220218,20220218,133048000,13:30:49,9392,14047,44095,653466440,0,0,0
SF206,20220218,20220218,133048500,13:30:49,9392,14047,44095,653466440,0,0,0
SF206,20220218,20220218,133049000,13:30:50,9392,14047,44095,653466440,0,0,0
SF206,20220218,20220218,133049500,13:30:50,9392,14047,44095,653466440,0,0,0
SF206,20220218,20220218,133050500,13:30:51,9392,14047,44095,653466440,0,0,0
SF206,20220218,20220218,133051000,13:30:52,9392,14047,44095,653466440,0,0,0
SF206,20220218,20220218,133051500,13:30:52,9392,14047,44095,653466440,0,0,0
SF206,20220218,20220218,133052000,13:30:53,9392,14047,44095,653466440,0,0,0
SF206,20220218,20220218,133052500,13:30:53,9392,14047,44095,653466440,0,0,0
SF206,20220218,20220218,133053000,13:30:54,9392,14047,44095,653466440,0,0,0
SF206,20220218,20220218,133053500,13:30:54,9392,14047,44095,653466440,0,0,0
SF206,20220218,20220218,133054000,13:30:55,9392,14047,44095,653466440,0,0,0
SF206,20220218,20220218,133054500,13:30:55,9392,14047,44095,653466440,0,0,0
SF206,20220218,20220218,133055000,13:30:56,9392,14047,44095,653466440,0,0,0
SF206,20220218,20220218,133055500,13:30:56,9392,14047,44095,653466440,0,0,0
SF206,20220218,20220218,133057000,13:30:58,9392,14047,44095,653466440,0,0,0
SF206,20220218,20220218,133058000,13:30:58,9398,14048,44094,653512960,1,-1,46520
SF206,20220218,20220218,133058500,13:30:59,9398,14048,44094,653512960,0,0,0
SF206,20220218,20220218,133059000,13:30:59,9398,14048,44094,653512960,0,0,0
SF206,20220218,20220218,133059500,13:30:59,9398,14048,44094,653512960,0,0,0
SF206,20220218,20220218,133100000,13:31:00,9398,14048,44094,653512960,0,0,0
SF206,20220218,20220218,133100500,13:31:01,9398,14048,44094,653512960,0,0,0
SF206,20220218,20220218,133101000,13:31:01,9398,14048,44094,653512960,0,0,0
SF206,20220218,20220218,133101500,13:31:01,9398,14048,44094,653512960,0,0,0
SF206,20220218,20220218,133102500,13:31:02,9398,14048,44094,653512960,0,0,0
SF206,20220218,20220218,133103000,13:31:03,9398,14048,44094,653512960,0,0,0
SF206,20220218,20220218,133103500,13:31:05,9398,14048,44094,653512960,0,0,0
SF206,20220218,20220218,133104000,13:31:06,9398,14048,44094,653512960,0,0,0
SF206,20220218,20220218,133104500,13:31:06,9398,14048,44094,653512960,0,0,0
SF206,20220218,20220218,133105500,13:31:07,9398,14048,44094,653512960,0,0,0
SF206,20220218,20220218,133106000,13:31:08,9398,14048,44094,653512960,0,0,0
SF206,20220218,20220218,133107000,13:31:08,9398,14048,44094,653512960,0,0,0
SF206,20220218,20220218,133107500,13:31:09,9398,14048,44094,653512960,0,0,0
SF206,20220218,20220218,133108500,13:31:09,9398,14048,44094,653512960,0,0,0
SF206,20220218,20220218,133109000,13:31:09,9398,14048,44094,653512960,0,0,0
SF206,20220218,20220218,133109500,13:31:10,9398,14048,44094,653512960,0,0,0
SF206,20220218,20220218,133110000,13:31:11,9398,14048,44094,653512960,0,0,0
SF206,20220218,20220218,133110500,13:31:11,9398,14048,44094,653512960,0,0,0
SF206,20220218,20220218,133111000,13:31:11,9398,14048,44094,653512960,0,0,0
SF206,20220218,20220218,133111500,13:31:12,9394,14055,44094,653838600,7,0,325640
SF206,20220218,20220218,133112000,13:31:13,9390,14056,44095,653885120,1,1,46520
SF206,20220218,20220218,133112500,13:31:13,9390,14056,44095,653885120,0,0,0
SF206,20220218,20220218,133113000,13:31:14,9390,14056,44095,653885120,0,0,0
SF206,20220218,20220218,133113500,13:31:15,9390,14056,44095,653885120,0,0,0
SF206,20220218,20220218,133114000,13:31:15,9390,14057,44095,653931640,1,0,46520
SF206,20220218,20220218,133114500,13:31:15,9390,14057,44095,653931640,0,0,0
SF206,20220218,20220218,133115000,13:31:15,9390,14057,44095,653931640,0,0,0
SF206,20220218,20220218,133115500,13:31:16,9390,14057,44095,653931640,0,0,0
SF206,20220218,20220218,133116000,13:31:16,9390,14057,44095,653931640,0,0,0
SF206,20220218,20220218,133116500,13:31:17,9390,14057,44095,653931640,0,0,0
SF206,20220218,20220218,133117000,13:31:18,9390,14057,44095,653931640,0,0,0
SF206,20220218,20220218,133117500,13:31:18,9390,14057,44095,653931640,0,0,0
SF206,20220218,20220218,133118000,13:31:19,9390,14057,44095,653931640,0,0,0
SF206,20220218,20220218,133118500,13:31:19,9390,14057,44095,653931640,0,0,0
SF206,20220218,20220218,133119000,13:31:19,9390,14057,44095,653931640,0,0,0
SF206,20220218,20220218,133119500,13:31:20,9390,14057,44095,653931640,0,0,0
SF206,20220218,20220218,133120000,13:31:20,9390,14057,44095,653931640,0,0,0
SF206,20220218,20220218,133120500,13:31:21,9390,14057,44095,653931640,0,0,0
SF206,20220218,20220218,133121000,13:31:21,9390,14057,44095,653931640,0,0,0
SF206,20220218,20220218,133121500,13:31:22,9390,14057,44095,653931640,0,0,0
SF206,20220218,20220218,133122000,13:31:23,9390,14057,44095,653931640,0,0,0
SF206,20220218,20220218,133122500,13:31:25,9390,14057,44095,653931640,0,0,0
SF206,20220218,20220218,133123000,13:31:25,9390,14057,44095,653931640,0,0,0
SF206,20220218,20220218,133123500,13:31:25,9390,14057,44095,653931640,0,0,0
SF206,20220218,20220218,133124500,13:31:25,9390,14057,44095,653931640,0,0,0
SF206,20220218,20220218,133156000,13:31:56,9390,14057,44095,653931640,0,0,0
SF206,20220218,20220218,133158500,13:31:58,9390,14057,44095,653931640,0,0,0
SF206,20220218,20220218,133159500,13:32:00,9380,14059,44096,654024680,2,1,93040
SF206,20220218,20220218,133200000,13:32:01,9374,14121,44095,656908920,62,-1,2884240
SF206,20220218,20220218,133200500,13:32:01,9374,14121,44095,656908920,0,0,0
SF206,20220218,20220218,133201000,13:32:01,9374,14121,44095,656908920,0,0,0
SF206,20220218,20220218,133202000,13:32:03,9374,14121,44095,656908920,0,0,0
SF206,20220218,20220218,133202500,13:32:04,9374,14121,44095,656908920,0,0,0
SF206,20220218,20220218,133203000,13:32:05,9374,14121,44095,656908920,0,0,0
SF206,20220218,20220218,133203500,13:32:05,9374,14121,44095,656908920,0,0,0
SF206,20220218,20220218,133204000,13:32:05,9374,14121,44095,656908920,0,0,0
SF206,20220218,20220218,133204500,13:32:05,9374,14121,44095,656908920,0,0,0
SF206,20220218,20220218,133205500,13:32:06,9374,14121,44095,656908920,0,0,0
SF206,20220218,20220218,133206000,13:32:07,9374,14121,44095,656908920,0,0,0
SF206,20220218,20220218,133206500,13:32:07,9374,14121,44095,656908920,0,0,0
SF206,20220218,20220218,133210000,13:32:11,9376,14170,44111,659188400,49,16,2279480
SF206,20220218,20220218,133210500,13:32:14,9372,14178,44115,659560560,8,4,372160
SF206,20220218,20220218,133211000,13:32:14,9372,14178,44115,659560560,0,0,0
SF206,20220218,20220218,133212000,13:32:15,9374,14180,44113,659653600,2,-2,93040
SF206,20220218,20220218,133214000,13:32:15,9376,14181,44112,659700120,1,-1,46520
SF206,20220218,20220218,133216500,13:32:17,9376,14181,44112,659700120,0,0,0
SF206,20220218,20220218,133217000,13:32:18,9374,14182,44112,659746640,1,0,46520
SF206,20220218,20220218,133217500,13:32:18,9374,14182,44112,659746640,0,0,0
SF206,20220218,20220218,133218000,13:32:18,9374,14182,44112,659746640,0,0,0
SF206,20220218,20220218,133219000,13:32:20,9372,14183,44112,659793160,1,0,46520
SF206,20220218,20220218,133219500,13:32:20,9372,14183,44112,659793160,0,0,0
SF206,20220218,20220218,133221500,13:32:22,9376,14224,44132,661700480,41,20,1907320
SF206,20220218,20220218,133222000,13:32:22,9376,14268,44153,663747360,44,21,2046880
SF206,20220218,20220218,133222500,13:32:24,9376,14271,44153,663886920,3,0,139560
SF206,20220218,20220218,133223500,13:32:24,9376,14274,44153,664026480,3,0,139560
SF206,20220218,20220218,133224000,13:32:24,9376,14274,44153,664026480,0,0,0
SF206,20220218,20220218,133224500,13:32:25,9372,14275,44154,664073000,1,1,46520
SF206,20220218,20220218,133225000,13:32:25,9372,14275,44154,664073000,0,0,0
SF206,20220218,20220218,133225500,13:32:26,9372,14275,44154,664073000,0,0,0
SF206,20220218,20220218,133226500,13:32:27,9372,14275,44154,664073000,0,0,0
SF206,20220218,20220218,133227500,13:32:32,9372,14275,44154,664073000,0,0,0
SF206,20220218,20220218,133228000,13:32:32,9372,14275,44154,664073000,0,0,0
SF206,20220218,20220218,133228500,13:32:32,9372,14275,44154,664073000,0,0,0
SF206,20220218,20220218,133232000,13:32:34,9380,14291,44145,664817320,16,-9,744320
SF206,20220218,20220218,133232500,13:32:35,9380,14296,44145,665049920,5,0,232600
SF206,20220218,20220218,133233500,13:32:35,9380,14296,44145,665049920,0,0,0
SF206,20220218,20220218,133239500,13:32:40,9380,14296,44145,665049920,0,0,0
SF206,20220218,20220218,133242500,13:32:42,9378,14298,44143,665142960,2,-2,93040
SF206,20220218,20220218,133243000,13:32:43,9378,14300,44141,665236000,2,-2,93040
SF206,20220218,20220218,133245500,13:32:45,9378,14305,44141,665468600,5,0,232600
SF206,20220218,20220218,133246000,13:32:47,9378,14305,44141,665468600,0,0,0
SF206,20220218,20220218,133246500,13:32:47,9378,14306,44140,665515120,1,-1,46520
SF206,20220218,20220218,133247000,13:32:47,9378,14306,44140,665515120,0,0,0
SF206,20220218,20220218,133248500,13:32:49,9374,14317,44140,666026840,11,0,511720
SF206,20220218,20220218,133249000,13:32:49,9376,14325,44137,666399000,8,-3,372160
SF206,20220218,20220218,133249500,13:32:50,9372,14326,44138,666445520,1,1,46520
SF206,20220218,20220218,133250000,13:32:52,9376,14329,44139,666585080,3,1,139560
SF206,20220218,20220218,133250500,13:32:52,9376,14329,44139,666585080,0,0,0
SF206,20220218,20220218,133251000,13:32:52,9378,14330,44140,666631600,1,1,46520
SF206,20220218,20220218,133251500,13:32:53,9378,14330,44140,666631600,0,0,0
SF206,20220218,20220218,133252500,13:32:53,9378,14333,44139,666771160,3,-1,139560
SF206,20220218,20220218,133254500,13:32:55,9372,14335,44139,666864200,2,0,93040
SF206,20220218,20220218,133255000,13:32:55,9372,14335,44139,666864200,0,0,0
SF206,20220218,20220218,133256000,13:32:56,9372,14335,44139,666864200,0,0,0
SF206,20220218,20220218,133258000,13:33:00,9372,14335,44139,666864200,0,0,0
SF206,20220218,20220218,133259500,13:33:01,9372,14335,44139,666864200,0,0,0
SF206,20220218,20220218,133300500,13:33:02,9372,14335,44139,666864200,0,0,0
SF206,20220218,20220218,133301000,13:33:02,9376,14336,44139,666910720,1,0,46520
SF206,20220218,20220218,133301500,13:33:02,9376,14336,44139,666910720,0,0,0
SF206,20220218,20220218,133302000,13:33:03,9376,14336,44139,666910720,0,0,0
SF206,20220218,20220218,133303000,13:33:04,9376,14336,44139,666910720,0,0,0
SF206,20220218,20220218,133303500,13:33:04,9376,14336,44139,666910720,0,0,0
SF206,20220218,20220218,133306500,13:33:06,9376,14336,44139,666910720,0,0,0
SF206,20220218,20220218,133307000,13:33:07,9376,14336,44139,666910720,0,0,0
SF206,20220218,20220218,133307500,13:33:08,9376,14336,44139,666910720,0,0,0
SF206,20220218,20220218,133308000,13:33:08,9376,14336,44139,666910720,0,0,0
SF206,20220218,20220218,133309000,13:33:09,9376,14336,44139,666910720,0,0,0
SF206,20220218,20220218,133309500,13:33:11,9376,14336,44139,666910720,0,0,0
SF206,20220218,20220218,133310000,13:33:11,9376,14336,44139,666910720,0,0,0
SF206,20220218,20220218,133311000,13:33:13,9376,14336,44139,666910720,0,0,0
SF206,20220218,20220218,133311500,13:33:14,9376,14336,44139,666910720,0,0,0
SF206,20220218,20220218,133317000,13:33:18,9376,14336,44139,666910720,0,0,0
SF206,20220218,20220218,133318000,13:33:19,9386,14339,44138,667050280,3,-1,139560
SF206,20220218,20220218,133318500,13:33:19,9386,14339,44138,667050280,0,0,0
SF206,20220218,20220218,133319000,13:33:20,9386,14339,44138,667050280,0,0,0
SF206,20220218,20220218,133319500,13:33:21,9386,14339,44138,667050280,0,0,0
SF206,20220218,20220218,133320000,13:33:21,9386,14339,44138,667050280,0,0,0
SF206,20220218,20220218,133320500,13:33:21,9386,14339,44138,667050280,0,0,0
SF206,20220218,20220218,133321500,13:33:22,9386,14339,44138,667050280,0,0,0
SF206,20220218,20220218,133322000,13:33:22,9386,14339,44138,667050280,0,0,0
SF206,20220218,20220218,133322500,13:33:22,9386,14339,44138,667050280,0,0,0
SF206,20220218,20220218,133323000,13:33:23,9386,14339,44138,667050280,0,0,0
SF206,20220218,20220218,133323500,13:33:24,9386,14339,44138,667050280,0,0,0
SF206,20220218,20220218,133324000,13:33:24,9386,14339,44138,667050280,0,0,0
SF206,20220218,20220218,133326000,13:33:28,9386,14339,44138,667050280,0,0,0
SF206,20220218,20220218,133327000,13:33:29,9386,14339,44138,667050280,0,0,0
SF206,20220218,20220218,133328500,13:33:30,9386,14339,44138,667050280,0,0,0
SF206,20220218,20220218,133330000,13:33:30,9386,14339,44138,667050280,0,0,0
SF206,20220218,20220218,133333500,13:33:34,9386,14339,44138,667050280,0,0,0
SF206,20220218,20220218,133334000,13:33:34,9386,14339,44138,667050280,0,0,0
SF206,20220218,20220218,133334500,13:33:35,9386,14339,44138,667050280,0,0,0
SF206,20220218,20220218,133335000,13:33:35,9386,14339,44138,667050280,0,0,0
SF206,20220218,20220218,133336000,13:33:36,9386,14339,44138,667050280,0,0,0
SF206,20220218,20220218,133336500,13:33:36,9386,14339,44138,667050280,0,0,0
SF206,20220218,20220218,133337500,13:33:37,9386,14339,44138,667050280,0,0,0
SF206,20220218,20220218,133338000,13:33:38,9386,14339,44138,667050280,0,0,0
SF206,20220218,20220218,133338500,13:33:39,9386,14339,44138,667050280,0,0,0
SF206,20220218,20220218,133341500,13:33:42,9386,14339,44138,667050280,0,0,0
SF206,20220218,20220218,133342000,13:33:42,9386,14339,44138,667050280,0,0,0
SF206,20220218,20220218,133343500,13:33:44,9386,14339,44138,667050280,0,0,0
SF206,20220218,20220218,133344000,13:33:45,9386,14339,44138,667050280,0,0,0
SF206,20220218,20220218,133346000,13:33:48,9386,14339,44138,667050280,0,0,0
SF206,20220218,20220218,133346500,13:33:48,9386,14339,44138,667050280,0,0,0
SF206,20220218,20220218,133347000,13:33:49,9384,14341,44136,667286730,2,-2,236450
SF206,20220218,20220218,133347500,13:33:49,9384,14341,44136,667286730,0,0,0
SF206,20220218,20220218,133348000,13:33:49,9384,14341,44136,667286730,0,0,0
SF206,20220218,20220218,133351000,13:33:51,9384,14341,44136,667286730,0,0,0
SF206,20220218,20220218,133351500,13:33:52,9384,14341,44136,667286730,0,0,0
SF206,20220218,20220218,133352000,13:33:52,9384,14341,44136,667286730,0,0,0
SF206,20220218,20220218,133352500,13:33:52,9384,14341,44136,667286730,0,0,0
SF206,20220218,20220218,133354000,13:33:54,9384,14341,44136,667286730,0,0,0
SF206,20220218,20220218,133354500,13:33:55,9384,14341,44136,667286730,0,0,0
SF206,20220218,20220218,133356000,13:33:56,9384,14341,44136,667286730,0,0,0
SF206,20220218,20220218,133356500,13:33:57,9384,14341,44136,667286730,0,0,0
SF206,20220218,20220218,133357000,13:33:58,9384,14341,44136,667286730,0,0,0
SF206,20220218,20220218,133357500,13:33:58,9384,14341,44136,667286730,0,0,0
SF206,20220218,20220218,133358500,13:33:59,9384,14341,44136,667286730,0,0,0
SF206,20220218,20220218,133359000,13:33:59,9384,14341,44136,667286730,0,0,0
SF206,20220218,20220218,133359500,13:34:00,9384,14341,44136,667286730,0,0,0
SF206,20220218,20220218,133400000,13:34:00,9384,14341,44136,667286730,0,0,0
SF206,20220218,20220218,133400500,13:34:01,9384,14341,44136,667286730,0,0,0
SF206,20220218,20220218,133401500,13:34:02,9380,14348,44129,667612440,7,-7,325710
SF206,20220218,20220218,133402000,13:34:10,9380,14366,44127,668449980,18,-2,837540
SF206,20220218,20220218,133402500,13:34:10,9380,14366,44127,668449980,0,0,0
SF206,20220218,20220218,133403000,13:34:10,9380,14366,44127,668449980,0,0,0
SF206,20220218,20220218,133410000,13:34:11,9380,14366,44127,668449980,0,0,0
SF206,20220218,20220218,133410500,13:34:12,9380,14366,44127,668449980,0,0,0
SF206,20220218,20220218,133411000,13:34:12,9380,14366,44127,668449980,0,0,0
SF206,20220218,20220218,133411500,13:34:12,9380,14366,44127,668449980,0,0,0
SF206,20220218,20220218,133412000,13:34:12,9380,14366,44127,668449980,0,0,0
SF206,20220218,20220218,133412500,13:34:13,9380,14366,44127,668449980,0,0,0
SF206,20220218,20220218,133413000,13:34:13,9380,14366,44127,668449980,0,0,0
SF206,20220218,20220218,133413500,13:34:14,9380,14366,44127,668449980,0,0,0
SF206,20220218,20220218,133414000,13:34:14,9380,14366,44127,668449980,0,0,0
SF206,20220218,20220218,133414500,13:34:15,9380,14366,44127,668449980,0,0,0
SF206,20220218,20220218,133415000,13:34:15,9380,14366,44127,668449980,0,0,0
SF206,20220218,20220218,133415500,13:34:16,9380,14366,44127,668449980,0,0,0
SF206,20220218,20220218,133416000,13:34:16,9380,14366,44127,668449980,0,0,0
SF206,20220218,20220218,133416500,13:34:17,9380,14366,44127,668449980,0,0,0
SF206,20220218,20220218,133417000,13:34:17,9380,14366,44127,668449980,0,0,0
SF206,20220218,20220218,133417500,13:34:17,9380,14366,44127,668449980,0,0,0
SF206,20220218,20220218,133418000,13:34:18,9380,14366,44127,668449980,0,0,0
SF206,20220218,20220218,133420000,13:34:20,9380,14366,44127,668449980,0,0,0
SF206,20220218,20220218,133420500,13:34:21,9380,14366,44127,668449980,0,0,0
SF206,20220218,20220218,133421000,13:34:23,9380,14366,44127,668449980,0,0,0
SF206,20220218,20220218,133421500,13:34:24,9380,14366,44127,668449980,0,0,0
SF206,20220218,20220218,133423500,13:34:24,9380,14366,44127,668449980,0,0,0
SF206,20220218,20220218,133424000,13:34:24,9380,14366,44127,668449980,0,0,0
SF206,20220218,20220218,133424500,13:34:24,9380,14366,44127,668449980,0,0,0
SF206,20220218,20220218,133425000,13:34:25,9380,14366,44127,668449980,0,0,0
SF206,20220218,20220218,133425500,13:34:26,9380,14366,44127,668449980,0,0,0
SF206,20220218,20220218,133426000,13:34:26,9380,14366,44127,668449980,0,0,0
SF206,20220218,20220218,133427500,13:34:28,9390,14369,44126,668589570,3,-1,139590
SF206,20220218,20220218,133429500,13:34:29,9390,14369,44126,668589570,0,0,0
SF206,20220218,20220218,133430000,13:34:30,9390,14369,44126,668589570,0,0,0
SF206,20220218,20220218,133430500,13:34:30,9390,14370,44126,668636100,1,0,46530
SF206,20220218,20220218,133431000,13:34:31,9390,14370,44126,668636100,0,0,0
SF206,20220218,20220218,133432000,13:34:32,9390,14370,44126,668636100,0,0,0
SF206,20220218,20220218,133432500,13:34:32,9390,14370,44126,668636100,0,0,0
SF206,20220218,20220218,133433000,13:34:33,9390,14370,44126,668636100,0,0,0
SF206,20220218,20220218,133433500,13:34:34,9390,14370,44126,668636100,0,0,0
SF206,20220218,20220218,133434000,13:34:34,9390,14370,44126,668636100,0,0,0
SF206,20220218,20220218,133434500,13:34:35,9390,14370,44126,668636100,0,0,0
SF206,20220218,20220218,133435000,13:34:35,9390,14370,44126,668636100,0,0,0
SF206,20220218,20220218,133435500,13:34:36,9390,14370,44126,668636100,0,0,0
SF206,20220218,20220218,133436000,13:34:36,9390,14370,44126,668636100,0,0,0
SF206,20220218,20220218,133437000,13:34:37,9390,14370,44126,668636100,0,0,0
SF206,20220218,20220218,133437500,13:34:38,9390,14370,44126,668636100,0,0,0
SF206,20220218,20220218,133438000,13:34:38,9390,14370,44126,668636100,0,0,0
SF206,20220218,20220218,133438500,13:34:39,9390,14370,44126,668636100,0,0,0
SF206,20220218,20220218,133441500,13:34:43,9390,14370,44126,668636100,0,0,0
SF206,20220218,20220218,133442000,13:34:44,9390,14370,44126,668636100,0,0,0
SF206,20220218,20220218,133442500,13:34:44,9390,14370,44126,668636100,0,0,0
SF206,20220218,20220218,133443000,13:34:45,9390,14370,44126,668636100,0,0,0
SF206,20220218,20220218,133443500,13:34:45,9390,14370,44126,668636100,0,0,0
SF206,20220218,20220218,133444500,13:34:46,9384,14372,44128,668729160,2,2,93060
SF206,20220218,20220218,133445000,13:34:46,9384,14372,44128,668729160,0,0,0
SF206,20220218,20220218,133446000,13:34:46,9384,14373,44127,668775690,1,-1,46530
SF206,20220218,20220218,133446500,13:34:47,9384,14373,44127,668775690,0,0,0
SF206,20220218,20220218,133447500,13:34:47,9386,14374,44127,668822220,1,0,46530
SF206,20220218,20220218,133448000,13:34:48,9386,14374,44127,668822220,0,0,0
SF206,20220218,20220218,133449000,13:34:49,9386,14374,44127,668822220,0,0,0
SF206,20220218,20220218,133449500,13:34:49,9384,14375,44127,668868750,1,0,46530
SF206,20220218,20220218,133450000,13:34:51,9384,14375,44127,668868750,0,0,0
SF206,20220218,20220218,133452500,13:34:53,9382,14376,44127,668915280,1,0,46530
SF206,20220218,20220218,133453000,13:34:53,9382,14376,44127,668915280,0,0,0
SF206,20220218,20220218,133453500,13:34:55,9382,14376,44127,668915280,0,0,0
SF206,20220218,20220218,133454000,13:34:56,9382,14376,44127,668915280,0,0,0
SF206,20220218,20220218,133454500,13:34:56,9382,14376,44127,668915280,0,0,0
SF206,20220218,20220218,133455500,13:34:56,9382,14376,44127,668915280,0,0,0
SF206,20220218,20220218,133456000,13:34:57,9382,14376,44127,668915280,0,0,0
SF206,20220218,20220218,133456500,13:34:57,9382,14376,44127,668915280,0,0,0
SF206,20220218,20220218,133457000,13:34:57,9382,14376,44127,668915280,0,0,0
SF206,20220218,20220218,133458000,13:34:58,9384,14377,44128,668961810,1,1,46530
SF206,20220218,20220218,133458500,13:34:59,9384,14377,44128,668961810,0,0,0
SF206,20220218,20220218,133459000,13:34:59,9384,14377,44128,668961810,0,0,0
SF206,20220218,20220218,133501000,13:35:04,9384,14377,44128,668961810,0,0,0
SF206,20220218,20220218,133501500,13:35:06,9384,14377,44128,668961810,0,0,0
SF206,20220218,20220218,133502000,13:35:10,9384,14377,44128,668961810,0,0,0
SF206,20220218,20220218,133503500,13:35:10,9388,14379,44128,669054870,2,0,93060
SF206,20220218,20220218,133510000,13:35:10,9388,14379,44128,669054870,0,0,0
SF206,20220218,20220218,133510500,13:35:11,9388,14379,44128,669054870,0,0,0
SF206,20220218,20220218,133511500,13:35:12,9388,14379,44128,669054870,0,0,0
SF206,20220218,20220218,133512000,13:35:13,9388,14379,44128,669054870,0,0,0
SF206,20220218,20220218,133512500,13:35:13,9388,14379,44128,669054870,0,0,0
SF206,20220218,20220218,133513000,13:35:13,9388,14379,44128,669054870,0,0,0
SF206,20220218,20220218,133513500,13:35:14,9388,14379,44128,669054870,0,0,0
SF206,20220218,20220218,133514000,13:35:14,9388,14379,44128,669054870,0,0,0
SF206,20220218,20220218,133514500,13:35:15,9388,14379,44128,669054870,0,0,0
SF206,20220218,20220218,133515000,13:35:15,9388,14379,44128,669054870,0,0,0
SF206,20220218,20220218,133515500,13:35:16,9388,14379,44128,669054870,0,0,0
SF206,20220218,20220218,133516000,13:35:16,9388,14379,44128,669054870,0,0,0
SF206,20220218,20220218,133516500,13:35:17,9388,14379,44128,669054870,0,0,0
SF206,20220218,20220218,133517000,13:35:17,9388,14379,44128,669054870,0,0,0
SF206,20220218,20220218,133517500,13:35:18,9388,14379,44128,669054870,0,0,0
SF206,20220218,20220218,133518000,13:35:19,9388,14379,44128,669054870,0,0,0
SF206,20220218,20220218,133518500,13:35:19,9388,14379,44128,669054870,0,0,0
SF206,20220218,20220218,133519000,13:35:19,9388,14379,44128,669054870,0,0,0
SF206,20220218,20220218,133519500,13:35:20,9388,14379,44128,669054870,0,0,0
SF206,20220218,20220218,133520000,13:35:20,9388,14379,44128,669054870,0,0,0
SF206,20220218,20220218,133520500,13:35:21,9388,14379,44128,669054870,0,0,0
SF206,20220218,20220218,133521000,13:35:22,9388,14379,44128,669054870,0,0,0
SF206,20220218,20220218,133521500,13:35:22,9388,14379,44128,669054870,0,0,0
SF206,20220218,20220218,133522000,13:35:22,9388,14379,44128,669054870,0,0,0
SF206,20220218,20220218,133522500,13:35:23,9388,14379,44128,669054870,0,0,0
SF206,20220218,20220218,133523500,13:35:23,9388,14379,44128,669054870,0,0,0
SF206,20220218,20220218,133524000,13:35:25,9388,14379,44128,669054870,0,0,0
SF206,20220218,20220218,133524500,13:35:25,9388,14379,44128,669054870,0,0,0
SF206,20220218,20220218,133525000,13:35:25,9388,14379,44128,669054870,0,0,0
SF206,20220218,20220218,133525500,13:35:26,9392,14380,44128,669101400,1,0,46530
SF206,20220218,20220218,133526000,13:35:26,9392,14380,44128,669101400,0,0,0
SF206,20220218,20220218,133526500,13:35:27,9392,14380,44128,669101400,0,0,0
SF206,20220218,20220218,133527500,13:35:31,9392,14380,44128,669101400,0,0,0
SF206,20220218,20220218,133528000,13:35:32,9392,14380,44128,669101400,0,0,0
SF206,20220218,20220218,133531000,13:35:32,9392,14380,44128,669101400,0,0,0
SF206,20220218,20220218,133531500,13:35:41,9392,14380,44128,669101400,0,0,0
SF206,20220218,20220218,133540500,13:35:43,9390,14385,44128,669334050,5,0,232650
SF206,20220218,20220218,133542000,13:35:43,9390,14385,44128,669334050,0,0,0
SF206,20220218,20220218,133542500,13:35:44,9390,14385,44128,669334050,0,0,0
SF206,20220218,20220218,133543000,13:35:44,9390,14385,44128,669334050,0,0,0
SF206,20220218,20220218,133544000,13:35:45,9390,14385,44128,669334050,0,0,0
SF206,20220218,20220218,133544500,13:35:45,9390,14385,44128,669334050,0,0,0
SF206,20220218,20220218,133545000,13:35:46,9390,14385,44128,669334050,0,0,0
SF206,20220218,20220218,133545500,13:35:46,9390,14385,44128,669334050,0,0,0
SF206,20220218,20220218,133546000,13:35:46,9390,14385,44128,669334050,0,0,0
SF206,20220218,20220218,133546500,13:35:46,9390,14385,44128,669334050,0,0,0
SF206,20220218,20220218,133547000,13:35:47,9384,14386,44127,669380580,1,-1,46530
SF206,20220218,20220218,133547500,13:35:48,9384,14386,44127,669380580,0,0,0
SF206,20220218,20220218,133548000,13:35:48,9384,14386,44127,669380580,0,0,0
SF206,20220218,20220218,133548500,13:35:49,9384,14386,44127,669380580,0,0,0
SF206,20220218,20220218,133549000,13:35:49,9384,14386,44127,669380580,0,0,0
SF206,20220218,20220218,133549500,13:35:49,9384,14386,44127,669380580,0,0,0
SF206,20220218,20220218,133550000,13:35:50,9384,14386,44127,669380580,0,0,0
SF206,20220218,20220218,133550500,13:35:51,9384,14386,44127,669380580,0,0,0
SF206,20220218,20220218,133551000,13:35:51,9384,14386,44127,669380580,0,0,0
SF206,20220218,20220218,133551500,13:35:52,9386,14387,44127,669427110,1,0,46530
SF206,20220218,20220218,133552000,13:35:52,9386,14387,44127,669427110,0,0,0
SF206,20220218,20220218,133555000,13:35:56,9384,14388,44126,669473640,1,-1,46530
SF206,20220218,20220218,133555500,13:35:56,9384,14388,44126,669473640,0,0,0
SF206,20220218,20220218,133556000,13:35:56,9384,14388,44126,669473640,0,0,0
SF206,20220218,20220218,133556500,13:35:57,9382,14389,44126,669520170,1,0,46530
SF206,20220218,20220218,133557000,13:35:59,9382,14389,44126,669520170,0,0,0
SF206,20220218,20220218,133558000,13:36:01,9382,14389,44126,669520170,0,0,0
SF206,20220218,20220218,133559500,13:36:03,9382,14389,44126,669520170,0,0,0
SF206,20220218,20220218,133600500,13:36:03,9382,14389,44126,669520170,0,0,0
SF206,20220218,20220218,133602500,13:36:03,9382,14389,44126,669520170,0,0,0
SF206,20220218,20220218,133603000,13:36:05,9382,14389,44126,669520170,0,0,0
SF206,20220218,20220218,133603500,13:36:05,9382,14389,44126,669520170,0,0,0
SF206,20220218,20220218,133604000,13:36:06,9382,14389,44126,669520170,0,0,0
SF206,20220218,20220218,133605000,13:36:06,9382,14390,44127,669566700,1,1,46530
SF206,20220218,20220218,133605500,13:36:07,9382,14390,44127,669566700,0,0,0
SF206,20220218,20220218,133606500,13:36:07,9382,14390,44127,669566700,0,0,0
SF206,20220218,20220218,133607000,13:36:08,9382,14390,44127,669566700,0,0,0
SF206,20220218,20220218,133607500,13:36:08,9382,14390,44127,669566700,0,0,0
SF206,20220218,20220218,133608000,13:36:08,9382,14390,44127,669566700,0,0,0
SF206,20220218,20220218,133608500,13:36:08,9382,14390,44127,669566700,0,0,0
SF206,20220218,20220218,133610000,13:36:11,9382,14390,44127,669566700,0,0,0
SF206,20220218,20220218,133610500,13:36:11,9382,14390,44127,669566700,0,0,0
SF206,20220218,20220218,133611000,13:36:12,9382,14390,44127,669566700,0,0,0
SF206,20220218,20220218,133611500,13:36:12,9382,14390,44127,669566700,0,0,0
SF206,20220218,20220218,133612000,13:36:12,9382,14390,44127,669566700,0,0,0
SF206,20220218,20220218,133612500,13:36:12,9382,14390,44127,669566700,0,0,0
SF206,20220218,20220218,133613000,13:36:13,9382,14390,44127,669566700,0,0,0
SF206,20220218,20220218,133613500,13:36:14,9382,14390,44127,669566700,0,0,0
SF206,20220218,20220218,133614000,13:36:14,9382,14390,44127,669566700,0,0,0
SF206,20220218,20220218,133614500,13:36:14,9382,14390,44127,669566700,0,0,0
SF206,20220218,20220218,133616000,13:36:16,9382,14390,44127,669566700,0,0,0
SF206,20220218,20220218,133616500,13:36:17,9382,14390,44127,669566700,0,0,0
SF206,20220218,20220218,133617000,13:36:17,9382,14390,44127,669566700,0,0,0
SF206,20220218,20220218,133617500,13:36:19,9382,14390,44127,669566700,0,0,0
SF206,20220218,20220218,133618000,13:36:19,9382,14390,44127,669566700,0,0,0
SF206,20220218,20220218,133618500,13:36:19,9382,14390,44127,669566700,0,0,0
SF206,20220218,20220218,133620000,13:36:20,9382,14390,44127,669566700,0,0,0
SF206,20220218,20220218,133620500,13:36:20,9382,14390,44127,669566700,0,0,0
SF206,20220218,20220218,133621000,13:36:21,9382,14390,44127,669566700,0,0,0
SF206,20220218,20220218,133621500,13:36:21,9382,14390,44127,669566700,0,0,0
SF206,20220218,20220218,133622000,13:36:22,9382,14390,44127,669566700,0,0,0
SF206,20220218,20220218,133622500,13:36:22,9382,14390,44127,669566700,0,0,0
SF206,20220218,20220218,133624500,13:36:24,9382,14390,44127,669566700,0,0,0
SF206,20220218,20220218,133625000,13:36:25,9382,14390,44127,669566700,0,0,0
SF206,20220218,20220218,133625500,13:36:26,9382,14390,44127,669566700,0,0,0
SF206,20220218,20220218,133627000,13:36:28,9382,14390,44127,669566700,0,0,0
SF206,20220218,20220218,133628000,13:36:28,9382,14390,44127,669566700,0,0,0
SF206,20220218,20220218,133628500,13:36:29,9382,14390,44127,669566700,0,0,0
SF206,20220218,20220218,133629500,13:36:30,9382,14390,44127,669566700,0,0,0
SF206,20220218,20220218,133630000,13:36:30,9382,14390,44127,669566700,0,0,0
SF206,20220218,20220218,133630500,13:36:31,9382,14390,44127,669566700,0,0,0
SF206,20220218,20220218,133631000,13:36:31,9382,14390,44127,669566700,0,0,0
SF206,20220218,20220218,133632500,13:36:32,9382,14390,44127,669566700,0,0,0
SF206,20220218,20220218,133633000,13:36:33,9382,14390,44127,669566700,0,0,0
SF206,20220218,20220218,133633500,13:36:33,9382,14390,44127,669566700,0,0,0
SF206,20220218,20220218,133634000,13:36:34,9382,14390,44127,669566700,0,0,0
SF206,20220218,20220218,133634500,13:36:35,9382,14390,44127,669566700,0,0,0
SF206,20220218,20220218,133635000,13:36:36,9382,14390,44127,669566700,0,0,0
SF206,20220218,20220218,133635500,13:36:36,9382,14390,44127,669566700,0,0,0
SF206,20220218,20220218,133636500,13:36:36,9382,14390,44127,669566700,0,0,0
SF206,20220218,20220218,133637000,13:36:38,9382,14390,44127,669566700,0,0,0
SF206,20220218,20220218,133637500,13:36:38,9382,14390,44127,669566700,0,0,0
SF206,20220218,20220218,133638000,13:36:39,9382,14390,44127,669566700,0,0,0
SF206,20220218,20220218,133638500,13:36:39,9382,14390,44127,669566700,0,0,0
SF206,20220218,20220218,133640500,13:36:40,9382,14390,44127,669566700,0,0,0
SF206,20220218,20220218,133642500,13:36:43,9380,14391,44127,669613230,1,0,46530
SF206,20220218,20220218,133643000,13:36:43,9380,14391,44127,669613230,0,0,0
SF206,20220218,20220218,133643500,13:36:44,9380,14391,44127,669613230,0,0,0
SF206,20220218,20220218,133644000,13:36:44,9380,14391,44127,669613230,0,0,0
SF206,20220218,20220218,133644500,13:36:44,9380,14391,44127,669613230,0,0,0
SF206,20220218,20220218,133645000,13:36:45,9380,14391,44127,669613230,0,0,0
SF206,20220218,20220218,133645500,13:36:46,9380,14391,44127,669613230,0,0,0
SF206,20220218,20220218,133646000,13:36:46,9380,14391,44127,669613230,0,0,0
SF206,20220218,20220218,133646500,13:36:46,9380,14391,44127,669613230,0,0,0
SF206,20220218,20220218,133647000,13:36:47,9380,14391,44127,669613230,0,0,0
SF206,20220218,20220218,133647500,13:36:48,9380,14391,44127,669613230,0,0,0
SF206,20220218,20220218,133648000,13:36:48,9380,14391,44127,669613230,0,0,0
SF206,20220218,20220218,133648500,13:36:49,9380,14391,44127,669613230,0,0,0
SF206,20220218,20220218,133649000,13:36:49,9380,14391,44127,669613230,0,0,0
SF206,20220218,20220218,133649500,13:36:49,9380,14391,44127,669613230,0,0,0
SF206,20220218,20220218,133650500,13:36:50,9380,14391,44127,669613230,0,0,0
SF206,20220218,20220218,133651500,13:36:51,9380,14391,44127,669613230,0,0,0
SF206,20220218,20220218,133652500,13:36:53,9380,14391,44127,669613230,0,0,0
SF206,20220218,20220218,133653000,13:36:53,9380,14391,44127,669613230,0,0,0
SF206,20220218,20220218,133653500,13:36:54,9380,14391,44127,669613230,0,0,0
SF206,20220218,20220218,133654000,13:36:54,9380,14391,44127,669613230,0,0,0
SF206,20220218,20220218,133655500,13:36:56,9380,14391,44127,669613230,0,0,0
SF206,20220218,20220218,133656000,13:36:56,9380,14391,44127,669613230,0,0,0
SF206,20220218,20220218,133656500,13:36:58,9380,14391,44127,669613230,0,0,0
SF206,20220218,20220218,133657500,13:36:58,9380,14391,44127,669613230,0,0,0
SF206,20220218,20220218,133658000,13:36:58,9380,14391,44127,669613230,0,0,0
SF206,20220218,20220218,133658500,13:36:59,9380,14391,44127,669613230,0,0,0
SF206,20220218,20220218,133659000,13:36:59,9380,14391,44127,669613230,0,0,0
SF206,20220218,20220218,133659500,13:37:00,9380,14391,44127,669613230,0,0,0
SF206,20220218,20220218,133701000,13:37:01,9378,14392,44127,669659760,1,0,46530
SF206,20220218,20220218,133701500,13:37:02,9378,14392,44127,669659760,0,0,0
SF206,20220218,20220218,133703000,13:37:03,9378,14392,44127,669659760,0,0,0
SF206,20220218,20220218,133703500,13:37:03,9378,14392,44127,669659760,0,0,0
SF206,20220218,20220218,133706000,13:37:08,9378,14392,44127,669659760,0,0,0
SF206,20220218,20220218,133706500,13:37:08,9378,14392,44127,669659760,0,0,0
SF206,20220218,20220218,133707000,13:37:08,9378,14392,44127,669659760,0,0,0
SF206,20220218,20220218,133708000,13:37:08,9378,14392,44127,669659760,0,0,0
SF206,20220218,20220218,133708500,13:37:08,9378,14392,44127,669659760,0,0,0
SF206,20220218,20220218,133709000,13:37:10,9378,14392,44127,669659760,0,0,0
SF206,20220218,20220218,133709500,13:37:11,9378,14392,44127,669659760,0,0,0
SF206,20220218,20220218,133710000,13:37:11,9378,14392,44127,669659760,0,0,0
SF206,20220218,20220218,133710500,13:37:11,9378,14392,44127,669659760,0,0,0
SF206,20220218,20220218,133713000,13:37:13,9378,14392,44127,669659760,0,0,0
SF206,20220218,20220218,133713500,13:37:14,9378,14392,44127,669659760,0,0,0
SF206,20220218,20220218,133714000,13:37:14,9378,14392,44127,669659760,0,0,0
SF206,20220218,20220218,133714500,13:37:15,9378,14392,44127,669659760,0,0,0
SF206,20220218,20220218,133715000,13:37:15,9384,14393,44127,669706290,1,0,46530
SF206,20220218,20220218,133715500,13:37:16,9384,14393,44127,669706290,0,0,0
SF206,20220218,20220218,133716000,13:37:16,9384,14393,44127,669706290,0,0,0
SF206,20220218,20220218,133716500,13:37:17,9386,14394,44128,669752820,1,1,46530
SF206,20220218,20220218,133717000,13:37:18,9386,14394,44128,669752820,0,0,0
SF206,20220218,20220218,133718000,13:37:18,9386,14394,44128,669752820,0,0,0
SF206,20220218,20220218,133718500,13:37:19,9386,14394,44128,669752820,0,0,0
SF206,20220218,20220218,133719000,13:37:19,9386,14394,44128,669752820,0,0,0
SF206,20220218,20220218,133719500,13:37:20,9386,14394,44128,669752820,0,0,0
SF206,20220218,20220218,133720000,13:37:21,9386,14394,44128,669752820,0,0,0
SF206,20220218,20220218,133720500,13:37:21,9386,14394,44128,669752820,0,0,0
SF206,20220218,20220218,133722000,13:37:22,9386,14394,44128,669752820,0,0,0
SF206,20220218,20220218,133723500,13:37:23,9386,14394,44128,669752820,0,0,0
SF206,20220218,20220218,133724000,13:37:24,9386,14394,44128,669752820,0,0,0
SF206,20220218,20220218,133724500,13:37:25,9386,14394,44128,669752820,0,0,0
SF206,20220218,20220218,133725000,13:37:25,9386,14394,44128,669752820,0,0,0
SF206,20220218,20220218,133728000,13:37:28,9386,14394,44128,669752820,0,0,0
SF206,20220218,20220218,133728500,13:37:29,9384,14395,44127,669799350,1,-1,46530
SF206,20220218,20220218,133729000,13:37:29,9384,14395,44127,669799350,0,0,0
SF206,20220218,20220218,133731500,13:37:31,9384,14395,44127,669799350,0,0,0
SF206,20220218,20220218,133733500,13:37:33,9384,14395,44127,669799350,0,0,0
SF206,20220218,20220218,133734000,13:37:34,9382,14396,44128,669845880,1,1,46530
SF206,20220218,20220218,133734500,13:37:34,9382,14396,44128,669845880,0,0,0
SF206,20220218,20220218,133735000,13:37:35,9382,14396,44128,669845880,0,0,0
SF206,20220218,20220218,133735500,13:37:36,9382,14396,44128,669845880,0,0,0
SF206,20220218,20220218,133736000,13:37:36,9382,14396,44128,669845880,0,0,0
SF206,20220218,20220218,133739000,13:37:39,9382,14396,44128,669845880,0,0,0
SF206,20220218,20220218,133743000,13:37:43,9384,14397,44128,669892410,1,0,46530
SF206,20220218,20220218,133743500,13:37:44,9386,14418,44141,670869540,21,13,977130
SF206,20220218,20220218,133744000,13:37:45,9386,14418,44141,670869540,0,0,0
SF206,20220218,20220218,133744500,13:37:45,9386,14418,44141,670869540,0,0,0
SF206,20220218,20220218,133745000,13:37:45,9386,14418,44141,670869540,0,0,0
SF206,20220218,20220218,133745500,13:37:45,9386,14418,44141,670869540,0,0,0
SF206,20220218,20220218,133746000,13:37:46,9386,14418,44141,670869540,0,0,0
SF206,20220218,20220218,133749000,13:37:49,9386,14418,44141,670869540,0,0,0
SF206,20220218,20220218,133750000,13:37:50,9386,14418,44141,670869540,0,0,0
SF206,20220218,20220218,133750500,13:37:51,9386,14418,44141,670869540,0,0,0
SF206,20220218,20220218,133751500,13:37:53,9386,14418,44141,670869540,0,0,0
SF206,20220218,20220218,133752000,13:37:53,9386,14418,44141,670869540,0,0,0
SF206,20220218,20220218,133756500,13:37:57,9386,14418,44141,670869540,0,0,0
SF206,20220218,20220218,133757000,13:37:57,9386,14418,44141,670869540,0,0,0
SF206,20220218,20220218,133758000,13:37:58,9386,14418,44141,670869540,0,0,0
SF206,20220218,20220218,133758500,13:37:59,9386,14418,44141,670869540,0,0,0
SF206,20220218,20220218,133759000,13:38:00,9386,14418,44141,670869540,0,0,0
SF206,20220218,20220218,133759500,13:38:00,9386,14418,44141,670869540,0,0,0
SF206,20220218,20220218,133800000,13:38:02,9386,14418,44141,670869540,0,0,0
SF206,20220218,20220218,133800500,13:38:02,9386,14418,44141,670869540,0,0,0
SF206,20220218,20220218,133801000,13:38:02,9386,14418,44141,670869540,0,0,0
SF206,20220218,20220218,133802000,13:38:03,9386,14419,44141,670916070,1,0,46530
SF206,20220218,20220218,133802500,13:38:05,9386,14419,44141,670916070,0,0,0
SF206,20220218,20220218,133806000,13:38:07,9386,14419,44141,670916070,0,0,0
SF206,20220218,20220218,133806500,13:38:09,9386,14419,44141,670916070,0,0,0
SF206,20220218,20220218,133807000,13:38:09,9386,14419,44141,670916070,0,0,0
SF206,20220218,20220218,133809000,13:38:09,9386,14419,44141,670916070,0,0,0
SF206,20220218,20220218,133810500,13:38:10,9386,14419,44141,670916070,0,0,0
SF206,20220218,20220218,133811000,13:38:14,9386,14419,44141,670916070,0,0,0
SF206,20220218,20220218,133813500,13:38:15,9392,14420,44142,670962600,1,1,46530
SF206,20220218,20220218,133814000,13:38:17,9392,14420,44142,670962600,0,0,0
SF206,20220218,20220218,133815000,13:38:17,9392,14420,44142,670962600,0,0,0
SF206,20220218,20220218,133816500,13:38:18,9392,14420,44142,670962600,0,0,0
SF206,20220218,20220218,133817500,13:38:18,9392,14420,44142,670962600,0,0,0
SF206,20220218,20220218,133818000,13:38:18,9392,14420,44142,670962600,0,0,0
SF206,20220218,20220218,133819500,13:38:19,9392,14420,44142,670962600,0,0,0
SF206,20220218,20220218,133820000,13:38:22,9392,14420,44142,670962600,0,0,0
SF206,20220218,20220218,133821500,13:38:23,9392,14420,44142,670962600,0,0,0
SF206,20220218,20220218,133822500,13:38:23,9392,14420,44142,670962600,0,0,0
SF206,20220218,20220218,133825000,13:38:41,9392,14420,44142,670962600,0,0,0
SF206,20220218,20220218,133825500,13:38:42,9392,14420,44142,670962600,0,0,0
SF206,20220218,20220218,133839000,13:38:42,9392,14420,44142,670962600,0,0,0
SF206,20220218,20220218,133842000,13:38:43,9398,14422,44144,671055660,2,2,93060
SF206,20220218,20220218,133842500,13:38:43,9398,14423,44145,671102190,1,1,46530
SF206,20220218,20220218,133845000,13:38:45,9398,14423,44145,671102190,0,0,0
SF206,20220218,20220218,133845500,13:38:45,9398,14423,44145,671102190,0,0,0
SF206,20220218,20220218,133901500,13:39:01,9398,14423,44145,671102190,0,0,0
SF206,20220218,20220218,133902500,13:39:02,9398,14423,44145,671102190,0,0,0
SF206,20220218,20220218,133906000,13:39:06,9398,14423,44145,671102190,0,0,0
SF206,20220218,20220218,133907500,13:39:07,9394,14424,44145,671148720,1,0,46530
SF206,20220218,20220218,133908500,13:39:08,9392,14425,44144,671195250,1,-1,46530
SF206,20220218,20220218,133910000,13:39:10,9392,14425,44144,671195250,0,0,0
SF206,20220218,20220218,133912000,13:39:12,9392,14425,44144,671195250,0,0,0
SF206,20220218,20220218,133913500,13:39:14,9392,14427,44144,671288310,2,0,93060
SF206,20220218,20220218,133914000,13:39:15,9392,14427,44144,671288310,0,0,0
SF206,20220218,20220218,133914500,13:39:16,9390,14428,44143,671334840,1,-1,46530
SF206,20220218,20220218,133918500,13:39:19,9390,14428,44143,671334840,0,0,0
SF206,20220218,20220218,133919000,13:39:19,9390,14428,44143,671334840,0,0,0
SF206,20220218,20220218,133920000,13:39:20,9390,14428,44143,671334840,0,0,0
SF206,20220218,20220218,133921500,13:39:21,9394,14430,44145,671427900,2,2,93060
SF206,20220218,20220218,133922500,13:39:23,9394,14430,44145,671427900,0,0,0
SF206,20220218,20220218,133924000,13:39:24,9394,14430,44145,671427900,0,0,0
SF206,20220218,20220218,133926000,13:39:26,9394,14430,44145,671427900,0,0,0
SF206,20220218,20220218,133931000,13:39:31,9394,14430,44145,671427900,0,0,0
SF206,20220218,20220218,133932500,13:39:33,9392,14431,44145,671474430,1,0,46530
SF206,20220218,20220218,133933500,13:39:33,9392,14431,44145,671474430,0,0,0
SF206,20220218,20220218,133934500,13:39:34,9392,14431,44145,671474430,0,0,0
SF206,20220218,20220218,133938500,13:39:38,9392,14431,44145,671474430,0,0,0
SF206,20220218,20220218,133939500,13:39:40,9392,14431,44145,671474430,0,0,0
SF206,20220218,20220218,133940000,13:39:41,9388,14451,44132,672405030,20,-13,930600
SF206,20220218,20220218,133941000,13:39:41,9388,14451,44132,672405030,0,0,0
SF206,20220218,20220218,133943500,13:39:43,9388,14451,44132,672405030,0,0,0
SF206,20220218,20220218,133944500,13:39:44,9384,14453,44130,672498090,2,-2,93060
SF206,20220218,20220218,133945000,13:39:45,9384,14453,44130,672498090,0,0,0
SF206,20220218,20220218,133945500,13:39:46,9386,14455,44131,672591150,2,1,93060
SF206,20220218,20220218,133946000,13:39:47,9386,14455,44131,672591150,0,0,0
SF206,20220218,20220218,133946500,13:39:47,9386,14455,44131,672591150,0,0,0
SF206,20220218,20220218,133948000,13:39:48,9386,14458,44129,672730740,3,-2,139590
SF206,20220218,20220218,133948500,13:39:48,9386,14458,44129,672730740,0,0,0
SF206,20220218,20220218,133952500,13:39:53,9386,14458,44129,672730740,0,0,0
SF206,20220218,20220218,133953000,13:39:54,9386,14458,44129,672730740,0,0,0
SF206,20220218,20220218,133953500,13:39:54,9386,14458,44129,672730740,0,0,0
SF206,20220218,20220218,133955000,13:39:55,9386,14458,44129,672730740,0,0,0
SF206,20220218,20220218,133955500,13:39:55,9386,14458,44129,672730740,0,0,0
SF206,20220218,20220218,133956000,13:39:56,9386,14458,44129,672730740,0,0,0
SF206,20220218,20220218,133956500,13:39:57,9386,14458,44129,672730740,0,0,0
SF206,20220218,20220218,133958000,13:40:13,9386,14458,44129,672730740,0,0,0
SF206,20220218,20220218,134012000,13:40:13,9386,14458,44129,672730740,0,0,0
SF206,20220218,20220218,134013000,13:40:13,9386,14458,44129,672730740,0,0,0
SF206,20220218,20220218,134013500,13:40:14,9386,14458,44129,672730740,0,0,0
SF206,20220218,20220218,134014000,13:40:14,9386,14458,44129,672730740,0,0,0
SF206,20220218,20220218,134015000,13:40:16,9386,14458,44129,672730740,0,0,0
SF206,20220218,20220218,134015500,13:40:16,9386,14458,44129,672730740,0,0,0
SF206,20220218,20220218,134016500,13:40:17,9386,14458,44129,672730740,0,0,0
SF206,20220218,20220218,134017000,13:40:17,9386,14458,44129,672730740,0,0,0
SF206,20220218,20220218,134017500,13:40:18,9386,14458,44129,672730740,0,0,0
SF206,20220218,20220218,134018500,13:40:19,9386,14458,44129,672730740,0,0,0
SF206,20220218,20220218,134019000,13:40:19,9386,14458,44129,672730740,0,0,0
SF206,20220218,20220218,134019500,13:40:20,9386,14458,44129,672730740,0,0,0
SF206,20220218,20220218,134020000,13:40:20,9386,14458,44129,672730740,0,0,0
SF206,20220218,20220218,134020500,13:40:21,9392,14473,44140,673428690,15,11,697950
SF206,20220218,20220218,134021000,13:40:21,9392,14473,44140,673428690,0,0,0
SF206,20220218,20220218,134021500,13:40:22,9392,14473,44140,673428690,0,0,0
SF206,20220218,20220218,134023000,13:40:23,9392,14473,44140,673428690,0,0,0
SF206,20220218,20220218,134023500,13:40:24,9392,14473,44140,673428690,0,0,0
SF206,20220218,20220218,134024000,13:40:24,9392,14473,44140,673428690,0,0,0
SF206,20220218,20220218,134025000,13:40:25,9392,14473,44140,673428690,0,0,0
SF206,20220218,20220218,134025500,13:40:26,9390,14474,44139,673475220,1,-1,46530
SF206,20220218,20220218,134026000,13:40:26,9390,14474,44139,673475220,0,0,0
SF206,20220218,20220218,134026500,13:40:27,9390,14474,44139,673475220,0,0,0
SF206,20220218,20220218,134027500,13:40:28,9390,14474,44139,673475220,0,0,0
SF206,20220218,20220218,134028500,13:40:29,9390,14474,44139,673475220,0,0,0
SF206,20220218,20220218,134029000,13:40:30,9390,14474,44139,673475220,0,0,0
SF206,20220218,20220218,134029500,13:40:30,9390,14474,44139,673475220,0,0,0
SF206,20220218,20220218,134030000,13:40:30,9390,14474,44139,673475220,0,0,0
SF206,20220218,20220218,134030500,13:40:31,9390,14474,44139,673475220,0,0,0
SF206,20220218,20220218,134031500,13:40:32,9390,14474,44139,673475220,0,0,0
SF206,20220218,20220218,134032000,13:40:32,9390,14474,44139,673475220,0,0,0
SF206,20220218,20220218,134032500,13:40:32,9390,14474,44139,673475220,0,0,0
SF206,20220218,20220218,134033500,13:40:34,9390,14474,44139,673475220,0,0,0
SF206,20220218,20220218,134034000,13:40:35,9390,14474,44139,673475220,0,0,0
SF206,20220218,20220218,134035000,13:40:35,9392,14475,44140,673521750,1,1,46530
SF206,20220218,20220218,134035500,13:40:36,9392,14475,44140,673521750,0,0,0
SF206,20220218,20220218,134037000,13:40:37,9394,14486,44140,674033580,11,0,511830
SF206,20220218,20220218,134037500,13:40:37,9394,14486,44140,674033580,0,0,0
SF206,20220218,20220218,134038500,13:40:38,9394,14486,44140,674033580,0,0,0
SF206,20220218,20220218,134039000,13:40:40,9394,14486,44140,674033580,0,0,0
SF206,20220218,20220218,134039500,13:40:40,9394,14486,44140,674033580,0,0,0
SF206,20220218,20220218,134040500,13:40:41,9394,14486,44140,674033580,0,0,0
SF206,20220218,20220218,134041000,13:40:42,9394,14486,44140,674033580,0,0,0
SF206,20220218,20220218,134041500,13:40:42,9394,14486,44140,674033580,0,0,0
SF206,20220218,20220218,134042500,13:40:43,9394,14486,44140,674033580,0,0,0
SF206,20220218,20220218,134043000,13:40:44,9394,14486,44140,674033580,0,0,0
SF206,20220218,20220218,134043500,13:40:44,9394,14486,44140,674033580,0,0,0
SF206,20220218,20220218,134044500,13:40:44,9398,14487,44140,674080110,1,0,46530
SF206,20220218,20220218,134045000,13:40:45,9398,14487,44140,674080110,0,0,0
SF206,20220218,20220218,134045500,13:40:45,9398,14487,44140,674080110,0,0,0
SF206,20220218,20220218,134046500,13:40:46,9398,14487,44140,674080110,0,0,0
SF206,20220218,20220218,134047000,13:40:47,9398,14487,44140,674080110,0,0,0
SF206,20220218,20220218,134047500,13:40:47,9398,14487,44140,674080110,0,0,0
SF206,20220218,20220218,134048500,13:40:48,9398,14487,44140,674080110,0,0,0
SF206,20220218,20220218,134049000,13:40:49,9398,14487,44140,674080110,0,0,0
SF206,20220218,20220218,134049500,13:40:49,9394,14497,44140,674545410,10,0,465300
SF206,20220218,20220218,134050000,13:40:50,9394,14497,44140,674545410,0,0,0
SF206,20220218,20220218,134050500,13:40:50,9392,14498,44139,674591940,1,-1,46530
SF206,20220218,20220218,134051000,13:40:51,9392,14498,44139,674591940,0,0,0
SF206,20220218,20220218,134051500,13:40:55,9392,14498,44139,674591940,0,0,0
SF206,20220218,20220218,134052000,13:40:55,9394,14499,44139,674638470,1,0,46530
SF206,20220218,20220218,134052500,13:40:55,9394,14499,44139,674638470,0,0,0
SF206,20220218,20220218,134055000,13:40:55,9394,14499,44139,674638470,0,0,0
SF206,20220218,20220218,134101500,13:41:01,9394,14499,44139,674638470,0,0,0
SF206,20220218,20220218,134102000,13:41:02,9394,14499,44139,674638470,0,0,0
SF206,20220218,20220218,134102500,13:41:03,9394,14499,44139,674638470,0,0,0
SF206,20220218,20220218,134103000,13:41:04,9394,14499,44139,674638470,0,0,0
SF206,20220218,20220218,134103500,13:41:05,9394,14499,44139,674638470,0,0,0
SF206,20220218,20220218,134104000,13:41:05,9394,14499,44139,674638470,0,0,0
SF206,20220218,20220218,134104500,13:41:06,9394,14499,44139,674638470,0,0,0
SF206,20220218,20220218,134105000,13:41:06,9394,14499,44139,674638470,0,0,0
SF206,20220218,20220218,134107000,13:41:09,9394,14499,44139,674638470,0,0,0
SF206,20220218,20220218,134107500,13:41:09,9394,14499,44139,674638470,0,0,0
SF206,20220218,20220218,134108000,13:41:09,9394,14499,44139,674638470,0,0,0
SF206,20220218,20220218,134109000,13:41:10,9394,14499,44139,674638470,0,0,0
SF206,20220218,20220218,134110000,13:41:10,9394,14499,44139,674638470,0,0,0
SF206,20220218,20220218,134110500,13:41:10,9394,14499,44139,674638470,0,0,0
SF206,20220218,20220218,134111000,13:41:11,9394,14499,44139,674638470,0,0,0
SF206,20220218,20220218,134111500,13:41:12,9394,14499,44139,674638470,0,0,0
SF206,20220218,20220218,134112500,13:41:12,9394,14499,44139,674638470,0,0,0
SF206,20220218,20220218,134113000,13:41:13,9394,14499,44139,674638470,0,0,0
SF206,20220218,20220218,134113500,13:41:13,9394,14499,44139,674638470,0,0,0
SF206,20220218,20220218,134114000,13:41:15,9394,14499,44139,674638470,0,0,0
SF206,20220218,20220218,134114500,13:41:16,9394,14499,44139,674638470,0,0,0
SF206,20220218,20220218,134115000,13:41:16,9394,14499,44139,674638470,0,0,0
SF206,20220218,20220218,134115500,13:41:16,9394,14499,44139,674638470,0,0,0
SF206,20220218,20220218,134116000,13:41:17,9394,14499,44139,674638470,0,0,0
SF206,20220218,20220218,134116500,13:41:17,9394,14499,44139,674638470,0,0,0
SF206,20220218,20220218,134117000,13:41:17,9394,14499,44139,674638470,0,0,0
SF206,20220218,20220218,134117500,13:41:18,9394,14499,44139,674638470,0,0,0
SF206,20220218,20220218,134118000,13:41:19,9394,14499,44139,674638470,0,0,0
SF206,20220218,20220218,134118500,13:41:19,9394,14499,44139,674638470,0,0,0
SF206,20220218,20220218,134119500,13:41:20,9394,14499,44139,674638470,0,0,0
SF206,20220218,20220218,134120000,13:41:22,9394,14499,44139,674638470,0,0,0
SF206,20220218,20220218,134120500,13:41:23,9394,14499,44139,674638470,0,0,0
SF206,20220218,20220218,134121000,13:41:23,9394,14499,44139,674638470,0,0,0
SF206,20220218,20220218,134121500,13:41:24,9394,14499,44139,674638470,0,0,0
SF206,20220218,20220218,134123000,13:41:24,9394,14499,44139,674638470,0,0,0
SF206,20220218,20220218,134126500,13:41:27,9394,14499,44139,674638470,0,0,0
SF206,20220218,20220218,134127000,13:41:27,9394,14499,44139,674638470,0,0,0
SF206,20220218,20220218,134127500,13:41:27,9394,14499,44139,674638470,0,0,0
SF206,20220218,20220218,134128500,13:41:29,9394,14499,44139,674638470,0,0,0
SF206,20220218,20220218,134129000,13:41:29,9394,14499,44139,674638470,0,0,0
SF206,20220218,20220218,134130000,13:41:30,9394,14499,44139,674638470,0,0,0
SF206,20220218,20220218,134130500,13:41:31,9394,14499,44139,674638470,0,0,0
SF206,20220218,20220218,134131000,13:41:31,9398,14500,44140,674685000,1,1,46530
SF206,20220218,20220218,134131500,13:41:32,9400,14511,44141,675196830,11,1,511830
SF206,20220218,20220218,134132000,13:41:33,9400,14511,44141,675196830,0,0,0
SF206,20220218,20220218,134132500,13:41:33,9402,14512,44142,675243360,1,1,46530
SF206,20220218,20220218,134133000,13:41:33,9402,14512,44142,675243360,0,0,0
SF206,20220218,20220218,134133500,13:41:34,9398,14513,44141,675289890,1,-1,46530
SF206,20220218,20220218,134134000,13:41:34,9398,14513,44141,675289890,0,0,0
SF206,20220218,20220218,134134500,13:41:34,9396,14514,44141,675336420,1,0,46530
