SF204,20220218,20220218,112004500,11:20:09,9466,27145,21645,1270657450,27145,21645,1270657450
SF204,20220218,20220218,112005000,11:20:10,9464,27146,21645,1270704260,1,0,46810
SF204,20220218,20220218,112006000,11:20:10,9464,27146,21645,1270704260,0,0,0
SF204,20220218,20220218,112006500,11:20:10,9470,27154,21638,1271078740,8,-7,374480
SF204,20220218,20220218,112007000,11:20:10,9470,27157,21638,1271219170,3,0,140430
SF204,20220218,20220218,112007500,11:20:10,9470,27159,21636,1271312790,2,-2,93620
SF204,20220218,20220218,112008000,11:20:10,9470,27159,21636,1271312790,0,0,0
SF204,20220218,20220218,112008500,11:20:10,9470,27163,21636,1271500030,4,0,187240
SF204,20220218,20220218,112009000,11:20:10,9470,27163,21636,1271500030,0,0,0
SF204,20220218,20220218,112009500,11:20:10,9470,27163,21636,1271500030,0,0,0
SF204,20220218,20220218,112010000,11:20:10,9470,27163,21636,1271500030,0,0,0
SF204,20220218,20220218,112010500,11:20:10,9470,27180,21630,1272295800,17,-6,795770
SF204,20220218,20220218,112011000,11:20:11,9468,27191,21632,1272810710,11,2,514910
SF204,20220218,20220218,112011500,11:20:12,9468,27193,21634,1272904330,2,2,93620
SF204,20220218,20220218,112012000,11:20:12,9468,27195,21632,1272997950,2,-2,93620
SF204,20220218,20220218,112012500,11:20:12,9468,27195,21632,1272997950,0,0,0
SF204,20220218,20220218,112013000,11:20:13,9468,27195,21632,1272997950,0,0,0
SF204,20220218,20220218,112013500,11:20:13,9468,27195,21632,1272997950,0,0,0
SF204,20220218,20220218,112014000,11:20:14,9470,27204,21623,1273419240,9,-9,421290
SF204,20220218,20220218,112014500,11:20:14,9470,27205,21622,1273466050,1,-1,46810
SF204,20220218,20220218,112015000,11:20:15,9470,27205,21622,1273466050,0,0,0
SF204,20220218,20220218,112015500,11:20:16,9470,27205,21622,1273466050,0,0,0
SF204,20220218,20220218,112016000,11:20:16,9470,27205,21622,1273466050,0,0,0
SF204,20220218,20220218,112016500,11:20:16,9470,27205,21622,1273466050,0,0,0
SF204,20220218,20220218,112017000,11:20:17,9470,27205,21622,1273466050,0,0,0
SF204,20220218,20220218,112017500,11:20:17,9470,27205,21622,1273466050,0,0,0
SF204,20220218,20220218,112018000,11:20:18,9470,27205,21622,1273466050,0,0,0
SF204,20220218,20220218,112018500,11:20:18,9470,27205,21622,1273466050,0,0,0
SF204,20220218,20220218,112019000,11:20:19,9468,27220,21622,1274168200,15,0,702150
SF204,20220218,20220218,112019500,11:20:20,9468,27225,21620,1274402250,5,-2,234050
SF204,20220218,20220218,112020000,11:20:20,9468,27225,21620,1274402250,0,0,0
SF204,20220218,20220218,112020500,11:20:21,9468,27225,21620,1274402250,0,0,0
SF204,20220218,20220218,112021000,11:20:21,9468,27225,21620,1274402250,0,0,0
SF204,20220218,20220218,112021500,11:20:21,9468,27225,21620,1274402250,0,0,0
SF204,20220218,20220218,112022000,11:20:22,9464,27231,21620,1274683110,6,0,280860
SF204,20220218,20220218,112022500,11:20:23,9464,27231,21620,1274683110,0,0,0
SF204,20220218,20220218,112023000,11:20:23,9464,27231,21620,1274683110,0,0,0
SF204,20220218,20220218,112023500,11:20:23,9464,27231,21620,1274683110,0,0,0
SF204,20220218,20220218,112024000,11:20:24,9464,27231,21620,1274683110,0,0,0
SF204,20220218,20220218,112024500,11:20:24,9464,27234,21620,1274823540,3,0,140430
SF204,20220218,20220218,112025000,11:20:25,9464,27234,21620,1274823540,0,0,0
SF204,20220218,20220218,112025500,11:20:26,9464,27234,21620,1274823540,0,0,0
SF204,20220218,20220218,112026000,11:20:26,9464,27234,21620,1274823540,0,0,0
SF204,20220218,20220218,112026500,11:20:26,9464,27235,21620,1274870350,1,0,46810
SF204,20220218,20220218,112027000,11:20:27,9464,27242,21620,1275198020,7,0,327670
SF204,20220218,20220218,112027500,11:20:28,9464,27247,21617,1275432070,5,-3,234050
SF204,20220218,20220218,112028000,11:20:28,9464,27247,21617,1275432070,0,0,0
SF204,20220218,20220218,112028500,11:20:28,9464,27247,21617,1275432070,0,0,0
SF204,20220218,20220218,112029500,11:20:30,9462,27249,21617,1275525690,2,0,93620
SF204,20220218,20220218,112030000,11:20:31,9462,27249,21617,1275525690,0,0,0
SF204,20220218,20220218,112030500,11:20:31,9462,27249,21617,1275525690,0,0,0
SF204,20220218,20220218,112031000,11:20:32,9462,27249,21617,1275525690,0,0,0
SF204,20220218,20220218,112031500,11:20:32,9462,27249,21617,1275525690,0,0,0
SF204,20220218,20220218,112032000,11:20:32,9462,27249,21617,1275525690,0,0,0
SF204,20220218,20220218,112032500,11:20:32,9462,27249,21617,1275525690,0,0,0
SF204,20220218,20220218,112033000,11:20:33,9462,27249,21617,1275525690,0,0,0
SF204,20220218,20220218,112033500,11:20:33,9462,27249,21617,1275525690,0,0,0
SF204,20220218,20220218,112034000,11:20:34,9462,27249,21617,1275525690,0,0,0
SF204,20220218,20220218,112034500,11:20:35,9464,27251,21616,1275619310,2,-1,93620
SF204,20220218,20220218,112036500,11:20:37,9464,27252,21617,1275666120,1,1,46810
SF204,20220218,20220218,112038000,11:20:38,9464,27254,21617,1275759740,2,0,93620
SF204,20220218,20220218,112038500,11:20:38,9466,27276,21637,1276789560,22,20,1029820
SF204,20220218,20220218,112039000,11:20:39,9466,27280,21637,1276976800,4,0,187240
SF204,20220218,20220218,112039500,11:20:40,9466,27291,21637,1277491710,11,0,514910
SF204,20220218,20220218,112040000,11:20:40,9466,27291,21637,1277491710,0,0,0
SF204,20220218,20220218,112040500,11:20:41,9466,27291,21637,1277491710,0,0,0
SF204,20220218,20220218,112041000,11:20:41,9466,27291,21637,1277491710,0,0,0
SF204,20220218,20220218,112041500,11:20:41,9466,27291,21637,1277491710,0,0,0
SF204,20220218,20220218,112042000,11:20:42,9466,27291,21637,1277491710,0,0,0
SF204,20220218,20220218,112043000,11:20:43,9466,27291,21637,1277491710,0,0,0
SF204,20220218,20220218,112043500,11:20:44,9464,27296,21633,1277725760,5,-4,234050
SF204,20220218,20220218,112044000,11:20:44,9464,27296,21633,1277725760,0,0,0
SF204,20220218,20220218,112044500,11:20:45,9464,27296,21633,1277725760,0,0,0
SF204,20220218,20220218,112045000,11:20:45,9462,27297,21633,1277772570,1,0,46810
SF204,20220218,20220218,112045500,11:20:46,9462,27297,21633,1277772570,0,0,0
SF204,20220218,20220218,112046000,11:20:46,9462,27297,21633,1277772570,0,0,0
SF204,20220218,20220218,112046500,11:20:46,9462,27297,21633,1277772570,0,0,0
SF204,20220218,20220218,112047000,11:20:47,9462,27299,21634,1277866190,2,1,93620
SF204,20220218,20220218,112047500,11:20:48,9462,27299,21634,1277866190,0,0,0
SF204,20220218,20220218,112048000,11:20:48,9462,27299,21634,1277866190,0,0,0
SF204,20220218,20220218,112049000,11:20:50,9462,27299,21634,1277866190,0,0,0
SF204,20220218,20220218,112049500,11:20:50,9462,27299,21634,1277866190,0,0,0
SF204,20220218,20220218,112050500,11:20:50,9462,27299,21634,1277866190,0,0,0
SF204,20220218,20220218,112051000,11:20:51,9462,27299,21634,1277866190,0,0,0
SF204,20220218,20220218,112051500,11:20:51,9462,27299,21634,1277866190,0,0,0
SF204,20220218,20220218,112052000,11:20:53,9462,27299,21634,1277866190,0,0,0
SF204,20220218,20220218,112052500,11:20:53,9462,27299,21634,1277866190,0,0,0
SF204,20220218,20220218,112053000,11:20:53,9462,27299,21634,1277866190,0,0,0
SF204,20220218,20220218,112053500,11:20:53,9462,27313,21641,1278521530,14,7,655340
SF204,20220218,20220218,112054000,11:20:54,9462,27313,21641,1278521530,0,0,0
SF204,20220218,20220218,112054500,11:20:55,9462,27313,21641,1278521530,0,0,0
SF204,20220218,20220218,112055000,11:20:55,9462,27313,21641,1278521530,0,0,0
SF204,20220218,20220218,112055500,11:20:56,9462,27313,21641,1278521530,0,0,0
SF204,20220218,20220218,112056000,11:20:56,9462,27313,21641,1278521530,0,0,0
SF204,20220218,20220218,112056500,11:20:56,9462,27313,21641,1278521530,0,0,0
SF204,20220218,20220218,112057000,11:20:58,9462,27318,21642,1278755580,5,1,234050
SF204,20220218,20220218,112057500,11:20:58,9462,27318,21642,1278755580,0,0,0
SF204,20220218,20220218,112058000,11:20:58,9462,27318,21642,1278755580,0,0,0
SF204,20220218,20220218,112058500,11:20:59,9462,27318,21642,1278755580,0,0,0
SF204,20220218,20220218,112059000,11:20:59,9462,27319,21642,1278802390,1,0,46810
SF204,20220218,20220218,112059500,11:21:00,9462,27319,21642,1278802390,0,0,0
SF204,20220218,20220218,112100000,11:21:00,9462,27319,21642,1278802390,0,0,0
SF204,20220218,20220218,112100500,11:21:01,9462,27319,21642,1278802390,0,0,0
SF204,20220218,20220218,112101000,11:21:01,9462,27319,21642,1278802390,0,0,0
SF204,20220218,20220218,112101500,11:21:02,9462,27319,21642,1278802390,0,0,0
SF204,20220218,20220218,112102000,11:21:02,9462,27319,21642,1278802390,0,0,0
SF204,20220218,20220218,112102500,11:21:03,9462,27319,21642,1278802390,0,0,0
SF204,20220218,20220218,112103000,11:21:03,9462,27319,21642,1278802390,0,0,0
SF204,20220218,20220218,112103500,11:21:04,9462,27319,21642,1278802390,0,0,0
SF204,20220218,20220218,112104000,11:21:04,9462,27319,21642,1278802390,0,0,0
SF204,20220218,20220218,112104500,11:21:05,9462,27319,21642,1278802390,0,0,0
SF204,20220218,20220218,112105000,11:21:05,9462,27319,21642,1278802390,0,0,0
SF204,20220218,20220218,112105500,11:21:07,9464,27322,21640,1278942820,3,-2,140430
SF204,20220218,20220218,112106000,11:21:07,9464,27326,21644,1279130060,4,4,187240
SF204,20220218,20220218,112106500,11:21:07,9466,27327,21643,1279176870,1,-1,46810
SF204,20220218,20220218,112107000,11:21:10,9466,27327,21643,1279176870,0,0,0
SF204,20220218,20220218,112107500,11:21:10,9466,27328,21643,1279223680,1,0,46810
SF204,20220218,20220218,112108000,11:21:10,9466,27328,21643,1279223680,0,0,0
SF204,20220218,20220218,112110000,11:21:10,9466,27328,21643,1279223680,0,0,0
SF204,20220218,20220218,112110500,11:21:11,9468,27330,21641,1279317300,2,-2,93620
SF204,20220218,20220218,112111000,11:21:11,9468,27330,21641,1279317300,0,0,0
SF204,20220218,20220218,112111500,11:21:12,9468,27330,21641,1279317300,0,0,0
SF204,20220218,20220218,112112000,11:21:12,9468,27330,21641,1279317300,0,0,0
SF204,20220218,20220218,112112500,11:21:13,9468,27330,21641,1279317300,0,0,0
SF204,20220218,20220218,112113000,11:21:13,9468,27330,21641,1279317300,0,0,0
SF204,20220218,20220218,112113500,11:21:13,9468,27330,21641,1279317300,0,0,0
SF204,20220218,20220218,112114000,11:21:14,9468,27330,21641,1279317300,0,0,0
SF204,20220218,20220218,112114500,11:21:14,9468,27330,21641,1279317300,0,0,0
SF204,20220218,20220218,112115000,11:21:15,9468,27330,21641,1279317300,0,0,0
SF204,20220218,20220218,112115500,11:21:15,9468,27330,21641,1279317300,0,0,0
SF204,20220218,20220218,112116000,11:21:16,9468,27330,21641,1279317300,0,0,0
SF204,20220218,20220218,112116500,11:21:17,9468,27330,21641,1279317300,0,0,0
SF204,20220218,20220218,112117000,11:21:17,9468,27330,21641,1279317300,0,0,0
SF204,20220218,20220218,112117500,11:21:18,9468,27330,21641,1279317300,0,0,0
SF204,20220218,20220218,112118000,11:21:18,9474,27336,21647,1279598160,6,6,280860
SF204,20220218,20220218,112118500,11:21:18,9470,27337,21648,1279644970,1,1,46810
SF204,20220218,20220218,112119000,11:21:19,9470,27337,21648,1279644970,0,0,0
SF204,20220218,20220218,112119500,11:21:19,9470,27337,21648,1279644970,0,0,0
SF204,20220218,20220218,112120000,11:21:20,9470,27337,21648,1279644970,0,0,0
SF204,20220218,20220218,112120500,11:21:22,9470,27337,21648,1279644970,0,0,0
SF204,20220218,20220218,112121000,11:21:22,9470,27337,21648,1279644970,0,0,0
SF204,20220218,20220218,112121500,11:21:22,9470,27337,21648,1279644970,0,0,0
SF204,20220218,20220218,112122000,11:21:22,9470,27337,21648,1279644970,0,0,0
SF204,20220218,20220218,112123000,11:21:23,9470,27337,21648,1279644970,0,0,0
SF204,20220218,20220218,112123500,11:21:23,9470,27337,21648,1279644970,0,0,0
SF204,20220218,20220218,112124000,11:21:24,9470,27337,21648,1279644970,0,0,0
SF204,20220218,20220218,112124500,11:21:25,9470,27337,21648,1279644970,0,0,0
SF204,20220218,20220218,112125000,11:22:29,9470,27337,21648,1279644970,0,0,0
SF204,20220218,20220218,112125500,11:23:32,9470,27337,21648,1279644970,0,0,0
SF204,20220218,20220218,112126000,11:23:33,9470,27337,21648,1279644970,0,0,0
SF204,20220218,20220218,112126500,11:23:33,9470,27337,21648,1279644970,0,0,0
SF204,20220218,20220218,112332500,11:23:33,9452,27549,21738,1289844180,212,90,10199210
SF204,20220218,20220218,112333000,11:23:33,9452,27549,21738,1289844180,0,0,0
SF204,20220218,20220218,112334000,11:23:34,9452,27549,21738,1289844180,0,0,0
SF204,20220218,20220218,112334500,11:23:34,9452,27549,21738,1289844180,0,0,0
SF204,20220218,20220218,112335500,11:23:35,9452,27549,21738,1289844180,0,0,0
SF204,20220218,20220218,112336000,11:23:36,9452,27549,21738,1289844180,0,0,0
SF204,20220218,20220218,112337000,11:23:38,9452,27549,21738,1289844180,0,0,0
SF204,20220218,20220218,112337500,11:23:38,9452,27549,21738,1289844180,0,0,0
SF204,20220218,20220218,112338000,11:23:38,9452,27549,21738,1289844180,0,0,0
SF204,20220218,20220218,112338500,11:23:38,9452,27549,21738,1289844180,0,0,0
SF204,20220218,20220218,112339000,11:23:39,9452,27549,21738,1289844180,0,0,0
SF204,20220218,20220218,112339500,11:23:39,9452,27549,21738,1289844180,0,0,0
SF204,20220218,20220218,112340000,11:23:40,9452,27549,21738,1289844180,0,0,0
SF204,20220218,20220218,112341000,11:23:41,9452,27549,21738,1289844180,0,0,0
SF204,20220218,20220218,112341500,11:23:42,9452,27549,21738,1289844180,0,0,0
SF204,20220218,20220218,112342000,11:23:42,9452,27549,21738,1289844180,0,0,0
SF204,20220218,20220218,112343000,11:23:43,9452,27549,21738,1289844180,0,0,0
SF204,20220218,20220218,112343500,11:23:43,9452,27549,21738,1289844180,0,0,0
SF204,20220218,20220218,112344000,11:23:48,9452,27549,21738,1289844180,0,0,0
SF204,20220218,20220218,112345000,11:23:48,9452,27549,21738,1289844180,0,0,0
SF204,20220218,20220218,112345500,11:23:48,9452,27549,21738,1289844180,0,0,0
SF204,20220218,20220218,112347000,11:23:48,9452,27549,21738,1289844180,0,0,0
SF204,20220218,20220218,112348500,11:23:49,9452,27549,21738,1289844180,0,0,0
SF204,20220218,20220218,112349000,11:23:49,9452,27549,21738,1289844180,0,0,0
SF204,20220218,20220218,112350500,11:23:50,9456,27626,21760,1293449320,77,22,3605140
SF204,20220218,20220218,112351500,11:23:51,9458,27630,21760,1293636600,4,0,187280
SF204,20220218,20220218,112352000,11:23:52,9458,27630,21760,1293636600,0,0,0
SF204,20220218,20220218,112352500,11:23:52,9458,27634,21760,1293823880,4,0,187280
SF204,20220218,20220218,112353000,11:23:53,9458,27642,21760,1294198440,8,0,374560
SF204,20220218,20220218,112353500,11:23:53,9458,27642,21760,1294198440,0,0,0
SF204,20220218,20220218,112354000,11:23:54,9458,27642,21760,1294198440,0,0,0
SF204,20220218,20220218,112355000,11:23:55,9458,27642,21760,1294198440,0,0,0
SF204,20220218,20220218,112355500,11:23:55,9458,27642,21760,1294198440,0,0,0
SF204,20220218,20220218,112356000,11:23:56,9458,27642,21760,1294198440,0,0,0
SF204,20220218,20220218,112356500,11:23:56,9458,27642,21760,1294198440,0,0,0
SF204,20220218,20220218,112357000,11:23:57,9458,27642,21760,1294198440,0,0,0
SF204,20220218,20220218,112357500,11:23:57,9458,27642,21760,1294198440,0,0,0
SF204,20220218,20220218,112358000,11:23:58,9458,27642,21760,1294198440,0,0,0
SF204,20220218,20220218,112358500,11:23:58,9458,27644,21762,1294292080,2,2,93640
SF204,20220218,20220218,112359000,11:23:59,9458,27645,21762,1294338900,1,0,46820
SF204,20220218,20220218,112400000,11:24:00,9458,27645,21762,1294338900,0,0,0
SF204,20220218,20220218,112400500,11:24:00,9458,27645,21762,1294338900,0,0,0
SF204,20220218,20220218,112401000,11:24:01,9458,27645,21762,1294338900,0,0,0
SF204,20220218,20220218,112401500,11:24:01,9458,27645,21762,1294338900,0,0,0
SF204,20220218,20220218,112402000,11:24:02,9458,27645,21762,1294338900,0,0,0
SF204,20220218,20220218,112402500,11:24:02,9458,27645,21762,1294338900,0,0,0
SF204,20220218,20220218,112403000,11:24:03,9458,27645,21762,1294338900,0,0,0
SF204,20220218,20220218,112403500,11:24:04,9458,27645,21762,1294338900,0,0,0
SF204,20220218,20220218,112404000,11:24:04,9458,27645,21762,1294338900,0,0,0
SF204,20220218,20220218,112404500,11:24:04,9458,27645,21762,1294338900,0,0,0
SF204,20220218,20220218,112405000,11:24:05,9458,27645,21762,1294338900,0,0,0
SF204,20220218,20220218,112405500,11:24:05,9458,27645,21762,1294338900,0,0,0
SF204,20220218,20220218,112406500,11:24:06,9458,27645,21762,1294338900,0,0,0
SF204,20220218,20220218,112407000,11:24:07,9458,27645,21762,1294338900,0,0,0
SF204,20220218,20220218,112407500,11:24:08,9458,27645,21762,1294338900,0,0,0
SF204,20220218,20220218,112408000,11:24:08,9458,27645,21762,1294338900,0,0,0
SF204,20220218,20220218,112408500,11:24:08,9458,27645,21762,1294338900,0,0,0
SF204,20220218,20220218,112409000,11:24:11,9458,27645,21762,1294338900,0,0,0
SF204,20220218,20220218,112409500,11:24:12,9458,27645,21762,1294338900,0,0,0
SF204,20220218,20220218,112410500,11:24:12,9458,27645,21762,1294338900,0,0,0
SF204,20220218,20220218,112411500,11:24:12,9458,27645,21762,1294338900,0,0,0
SF204,20220218,20220218,112412500,11:24:13,9458,27645,21762,1294338900,0,0,0
SF204,20220218,20220218,112413000,11:24:13,9456,27646,21761,1294385720,1,-1,46820
SF204,20220218,20220218,112413500,11:24:14,9456,27646,21761,1294385720,0,0,0
SF204,20220218,20220218,112414500,11:24:15,9456,27646,21761,1294385720,0,0,0
SF204,20220218,20220218,112415000,11:24:15,9456,27646,21761,1294385720,0,0,0
SF204,20220218,20220218,112415500,11:24:15,9456,27646,21761,1294385720,0,0,0
SF204,20220218,20220218,112416000,11:24:16,9456,27646,21761,1294385720,0,0,0
SF204,20220218,20220218,112416500,11:24:17,9456,27646,21761,1294385720,0,0,0
SF204,20220218,20220218,112417000,11:24:17,9456,27646,21761,1294385720,0,0,0
SF204,20220218,20220218,112417500,11:24:18,9456,27646,21761,1294385720,0,0,0
SF204,20220218,20220218,112418000,11:24:18,9454,27648,21761,1294479360,2,0,93640
SF204,20220218,20220218,112418500,11:24:19,9454,27649,21760,1294526180,1,-1,46820
SF204,20220218,20220218,112419000,11:24:19,9454,27649,21760,1294526180,0,0,0
SF204,20220218,20220218,112419500,11:24:20,9454,27649,21760,1294526180,0,0,0
SF204,20220218,20220218,112420000,11:24:20,9454,27649,21760,1294526180,0,0,0
SF204,20220218,20220218,112420500,11:24:20,9454,27649,21760,1294526180,0,0,0
SF204,20220218,20220218,112421000,11:24:21,9454,27649,21760,1294526180,0,0,0
SF204,20220218,20220218,112421500,11:24:22,9454,27649,21760,1294526180,0,0,0
SF204,20220218,20220218,112422000,11:24:22,9454,27649,21760,1294526180,0,0,0
SF204,20220218,20220218,112422500,11:24:23,9454,27649,21760,1294526180,0,0,0
SF204,20220218,20220218,112423000,11:24:23,9456,27664,21770,1295228480,15,10,702300
SF204,20220218,20220218,112423500,11:24:24,9456,27664,21770,1295228480,0,0,0
SF204,20220218,20220218,112424000,11:24:24,9456,27664,21770,1295228480,0,0,0
SF204,20220218,20220218,112424500,11:24:24,9456,27664,21770,1295228480,0,0,0
SF204,20220218,20220218,112425000,11:24:25,9456,27664,21770,1295228480,0,0,0
SF204,20220218,20220218,112425500,11:24:25,9456,27665,21769,1295275300,1,-1,46820
SF204,20220218,20220218,112426000,11:24:26,9456,27665,21769,1295275300,0,0,0
SF204,20220218,20220218,112427000,11:24:27,9456,27665,21769,1295275300,0,0,0
SF204,20220218,20220218,112427500,11:24:28,9456,27665,21769,1295275300,0,0,0
SF204,20220218,20220218,112428000,11:24:28,9456,27665,21769,1295275300,0,0,0
SF204,20220218,20220218,112428500,11:24:28,9456,27665,21769,1295275300,0,0,0
SF204,20220218,20220218,112429000,11:24:29,9456,27665,21769,1295275300,0,0,0
SF204,20220218,20220218,112429500,11:24:29,9456,27665,21769,1295275300,0,0,0
SF204,20220218,20220218,112430000,11:24:30,9460,27666,21770,1295322120,1,1,46820
SF204,20220218,20220218,112430500,11:24:30,9460,27666,21770,1295322120,0,0,0
SF204,20220218,20220218,112431000,11:24:31,9460,27666,21770,1295322120,0,0,0
SF204,20220218,20220218,112431500,11:24:31,9462,27667,21771,1295368940,1,1,46820
SF204,20220218,20220218,112432000,11:24:32,9460,27669,21771,1295462580,2,0,93640
SF204,20220218,20220218,112432500,11:24:32,9460,27669,21771,1295462580,0,0,0
SF204,20220218,20220218,112433000,11:24:33,9460,27669,21771,1295462580,0,0,0
SF204,20220218,20220218,112433500,11:24:33,9460,27669,21771,1295462580,0,0,0
SF204,20220218,20220218,112434000,11:24:34,9460,27669,21771,1295462580,0,0,0
SF204,20220218,20220218,112434500,11:24:34,9460,27669,21771,1295462580,0,0,0
SF204,20220218,20220218,112435000,11:24:35,9460,27669,21771,1295462580,0,0,0
SF204,20220218,20220218,112435500,11:24:35,9460,27669,21771,1295462580,0,0,0
SF204,20220218,20220218,112436000,11:24:36,9460,27669,21771,1295462580,0,0,0
SF204,20220218,20220218,112436500,11:24:36,9460,27669,21771,1295462580,0,0,0
SF204,20220218,20220218,112437000,11:24:37,9460,27669,21771,1295462580,0,0,0
SF204,20220218,20220218,112437500,11:24:37,9460,27669,21771,1295462580,0,0,0
SF204,20220218,20220218,112438000,11:24:39,9460,27670,21770,1295509400,1,-1,46820
SF204,20220218,20220218,112438500,11:24:39,9458,27698,21781,1296820360,28,11,1310960
SF204,20220218,20220218,112439000,11:24:40,9456,27703,21776,1297054460,5,-5,234100
SF204,20220218,20220218,112439500,11:24:40,9458,27704,21775,1297101280,1,-1,46820
SF204,20220218,20220218,112440000,11:24:40,9458,27705,21774,1297148100,1,-1,46820
SF204,20220218,20220218,112441000,11:24:41,9460,27717,21762,1297709940,12,-12,561840
SF204,20220218,20220218,112441500,11:24:41,9460,27717,21762,1297709940,0,0,0
SF204,20220218,20220218,112442000,11:24:42,9460,27717,21762,1297709940,0,0,0
SF204,20220218,20220218,112442500,11:24:42,9460,27717,21762,1297709940,0,0,0
SF204,20220218,20220218,112443000,11:24:43,9460,27717,21762,1297709940,0,0,0
SF204,20220218,20220218,112443500,11:24:43,9460,27717,21762,1297709940,0,0,0
SF204,20220218,20220218,112444000,11:24:44,9460,27717,21762,1297709940,0,0,0
SF204,20220218,20220218,112444500,11:24:44,9460,27717,21762,1297709940,0,0,0
SF204,20220218,20220218,112445000,11:24:45,9458,27718,21762,1297756760,1,0,46820
SF204,20220218,20220218,112445500,11:24:45,9458,27718,21762,1297756760,0,0,0
SF204,20220218,20220218,112446000,11:24:46,9458,27718,21762,1297756760,0,0,0
SF204,20220218,20220218,112446500,11:24:46,9458,27718,21762,1297756760,0,0,0
SF204,20220218,20220218,112447000,11:24:47,9458,27718,21762,1297756760,0,0,0
SF204,20220218,20220218,112447500,11:24:47,9458,27718,21762,1297756760,0,0,0
SF204,20220218,20220218,112448000,11:24:48,9458,27718,21762,1297756760,0,0,0
SF204,20220218,20220218,112448500,11:24:49,9458,27718,21762,1297756760,0,0,0
SF204,20220218,20220218,112449000,11:24:49,9458,27718,21762,1297756760,0,0,0
SF204,20220218,20220218,112449500,11:24:49,9458,27718,21762,1297756760,0,0,0
SF204,20220218,20220218,112450000,11:24:50,9458,27718,21762,1297756760,0,0,0
SF204,20220218,20220218,112450500,11:24:50,9458,27718,21762,1297756760,0,0,0
SF204,20220218,20220218,112451000,11:24:51,9458,27718,21762,1297756760,0,0,0
SF204,20220218,20220218,112451500,11:24:52,9458,27718,21762,1297756760,0,0,0
SF204,20220218,20220218,112452000,11:24:52,9458,27718,21762,1297756760,0,0,0
SF204,20220218,20220218,112452500,11:24:52,9458,27718,21762,1297756760,0,0,0
SF204,20220218,20220218,112453000,11:24:53,9458,27718,21762,1297756760,0,0,0
SF204,20220218,20220218,112453500,11:24:53,9458,27718,21762,1297756760,0,0,0
SF204,20220218,20220218,112454000,11:24:54,9458,27718,21762,1297756760,0,0,0
SF204,20220218,20220218,112454500,11:24:54,9458,27718,21762,1297756760,0,0,0
SF204,20220218,20220218,112455000,11:24:55,9458,27718,21762,1297756760,0,0,0
SF204,20220218,20220218,112455500,11:24:56,9458,27718,21762,1297756760,0,0,0
SF204,20220218,20220218,112456000,11:24:56,9458,27718,21762,1297756760,0,0,0
SF204,20220218,20220218,112456500,11:24:56,9458,27718,21762,1297756760,0,0,0
SF204,20220218,20220218,112457000,11:24:57,9458,27718,21762,1297756760,0,0,0
SF204,20220218,20220218,112457500,11:24:57,9458,27718,21762,1297756760,0,0,0
SF204,20220218,20220218,112458000,11:24:58,9458,27718,21762,1297756760,0,0,0
SF204,20220218,20220218,112459000,11:24:59,9458,27718,21762,1297756760,0,0,0
SF204,20220218,20220218,112500000,11:25:00,9458,27718,21762,1297756760,0,0,0
SF204,20220218,20220218,112500500,11:25:01,9458,27718,21762,1297756760,0,0,0
SF204,20220218,20220218,112501000,11:25:02,9462,27721,21760,1297897220,3,-2,140460
SF204,20220218,20220218,112501500,11:25:04,9462,27721,21760,1297897220,0,0,0
SF204,20220218,20220218,112502000,11:25:05,9464,27735,21758,1298552700,14,-2,655480
SF204,20220218,20220218,112502500,11:25:06,9464,27739,21754,1298739980,4,-4,187280
SF204,20220218,20220218,112504500,11:25:06,9466,27742,21755,1298880440,3,1,140460
SF204,20220218,20220218,112505500,11:25:06,9466,27742,21755,1298880440,0,0,0
SF204,20220218,20220218,112506000,11:25:07,9462,27769,21763,1300144580,27,8,1264140
SF204,20220218,20220218,112506500,11:25:07,9464,27771,21765,1300238220,2,2,93640
SF204,20220218,20220218,112507000,11:25:07,9464,27771,21765,1300238220,0,0,0
SF204,20220218,20220218,112507500,11:25:07,9464,27771,21765,1300238220,0,0,0
SF204,20220218,20220218,112508000,11:25:08,9464,27771,21765,1300238220,0,0,0
SF204,20220218,20220218,112508500,11:25:08,9464,27772,21765,1300285040,1,0,46820
SF204,20220218,20220218,112509000,11:25:09,9464,27772,21765,1300285040,0,0,0
SF204,20220218,20220218,112509500,11:25:09,9464,27772,21765,1300285040,0,0,0
SF204,20220218,20220218,112510000,11:25:10,9464,27772,21765,1300285040,0,0,0
SF204,20220218,20220218,112510500,11:25:10,9464,27772,21765,1300285040,0,0,0
SF204,20220218,20220218,112511000,11:25:11,9464,27772,21765,1300285040,0,0,0
SF204,20220218,20220218,112511500,11:25:11,9464,27772,21765,1300285040,0,0,0
SF204,20220218,20220218,112512000,11:25:12,9464,27772,21765,1300285040,0,0,0
SF204,20220218,20220218,112512500,11:25:12,9464,27772,21765,1300285040,0,0,0
SF204,20220218,20220218,112513000,11:25:13,9464,27772,21765,1300285040,0,0,0
SF204,20220218,20220218,112513500,11:25:15,9462,27773,21764,1300331860,1,-1,46820
SF204,20220218,20220218,112514000,11:25:15,9462,27773,21764,1300331860,0,0,0
SF204,20220218,20220218,112514500,11:25:16,9462,27773,21764,1300331860,0,0,0
SF204,20220218,20220218,112515000,11:25:16,9462,27773,21764,1300331860,0,0,0
SF204,20220218,20220218,112515500,11:25:16,9462,27773,21764,1300331860,0,0,0
SF204,20220218,20220218,112516000,11:25:16,9462,27773,21764,1300331860,0,0,0
SF204,20220218,20220218,112516500,11:25:16,9462,27773,21764,1300331860,0,0,0
SF204,20220218,20220218,112517000,11:25:18,9462,27773,21764,1300331860,0,0,0
SF204,20220218,20220218,112517500,11:25:18,9462,27773,21764,1300331860,0,0,0
SF204,20220218,20220218,112518000,11:25:19,9462,27773,21764,1300331860,0,0,0
SF204,20220218,20220218,112518500,11:25:19,9462,27773,21764,1300331860,0,0,0
SF204,20220218,20220218,112519500,11:25:19,9462,27773,21764,1300331860,0,0,0
SF204,20220218,20220218,112520000,11:25:21,9462,27773,21764,1300331860,0,0,0
SF204,20220218,20220218,112520500,11:25:21,9462,27773,21764,1300331860,0,0,0
SF204,20220218,20220218,112521000,11:25:21,9462,27773,21764,1300331860,0,0,0
SF204,20220218,20220218,112521500,11:25:22,9462,27773,21764,1300331860,0,0,0
SF204,20220218,20220218,112522000,11:25:22,9462,27774,21764,1300378680,1,0,46820
SF204,20220218,20220218,112522500,11:25:22,9464,27775,21764,1300425500,1,0,46820
SF204,20220218,20220218,112523000,11:25:23,9464,27775,21764,1300425500,0,0,0
SF204,20220218,20220218,112523500,11:25:24,9464,27775,21764,1300425500,0,0,0
SF204,20220218,20220218,112524000,11:25:25,9464,27775,21764,1300425500,0,0,0
SF204,20220218,20220218,112524500,11:25:25,9464,27775,21764,1300425500,0,0,0
SF204,20220218,20220218,112525000,11:25:25,9464,27775,21764,1300425500,0,0,0
SF204,20220218,20220218,112525500,11:25:26,9464,27775,21764,1300425500,0,0,0
SF204,20220218,20220218,112526000,11:25:26,9464,27775,21764,1300425500,0,0,0
SF204,20220218,20220218,112526500,11:25:27,9462,27776,21764,1300472320,1,0,46820
SF204,20220218,20220218,112527000,11:25:27,9460,27782,21763,1300753240,6,-1,280920
SF204,20220218,20220218,112527500,11:25:28,9460,27782,21763,1300753240,0,0,0
SF204,20220218,20220218,112528000,11:25:28,9460,27782,21763,1300753240,0,0,0
SF204,20220218,20220218,112528500,11:25:28,9460,27782,21763,1300753240,0,0,0
SF204,20220218,20220218,112529000,11:25:29,9456,27792,21769,1301221440,10,6,468200
SF204,20220218,20220218,112529500,11:25:30,9456,27792,21769,1301221440,0,0,0
SF204,20220218,20220218,112530000,11:25:30,9456,27792,21769,1301221440,0,0,0
SF204,20220218,20220218,112530500,11:25:31,9456,27792,21769,1301221440,0,0,0
SF204,20220218,20220218,112531000,11:25:31,9456,27792,21769,1301221440,0,0,0
SF204,20220218,20220218,112531500,11:25:32,9456,27792,21769,1301221440,0,0,0
SF204,20220218,20220218,112532000,11:25:32,9450,27795,21771,1301361900,3,2,140460
SF204,20220218,20220218,112532500,11:25:33,9452,27797,21771,1301455540,2,0,93640
SF204,20220218,20220218,112533000,11:25:33,9452,27798,21770,1301502360,1,-1,46820
SF204,20220218,20220218,112533500,11:25:33,9452,27798,21770,1301502360,0,0,0
SF204,20220218,20220218,112534000,11:25:34,9452,27798,21770,1301502360,0,0,0
SF204,20220218,20220218,112534500,11:25:35,9452,27798,21770,1301502360,0,0,0
SF204,20220218,20220218,112535000,11:25:37,9452,27798,21770,1301502360,0,0,0
SF204,20220218,20220218,112535500,11:25:37,9454,27799,21770,1301549180,1,0,46820
SF204,20220218,20220218,112536000,11:25:37,9454,27799,21770,1301549180,0,0,0
SF204,20220218,20220218,112536500,11:25:37,9454,27799,21770,1301549180,0,0,0
SF204,20220218,20220218,112537000,11:25:38,9454,27799,21770,1301549180,0,0,0
SF204,20220218,20220218,112537500,11:25:38,9454,27799,21770,1301549180,0,0,0
SF204,20220218,20220218,112538000,11:25:38,9454,27799,21770,1301549180,0,0,0
SF204,20220218,20220218,112538500,11:25:39,9454,27799,21770,1301549180,0,0,0
SF204,20220218,20220218,112539000,11:25:39,9454,27799,21770,1301549180,0,0,0
SF204,20220218,20220218,112539500,11:25:40,9454,27799,21770,1301549180,0,0,0
SF204,20220218,20220218,112540500,11:25:41,9454,27799,21770,1301549180,0,0,0
SF204,20220218,20220218,112541000,11:25:41,9454,27799,21770,1301549180,0,0,0
SF204,20220218,20220218,112541500,11:25:41,9454,27799,21770,1301549180,0,0,0
SF204,20220218,20220218,112542000,11:25:42,9454,27799,21770,1301549180,0,0,0
SF204,20220218,20220218,112542500,11:25:43,9454,27799,21770,1301549180,0,0,0
SF204,20220218,20220218,112543000,11:25:43,9454,27799,21770,1301549180,0,0,0
SF204,20220218,20220218,112543500,11:25:43,9454,27799,21770,1301549180,0,0,0
SF204,20220218,20220218,112544000,11:25:44,9454,27799,21770,1301549180,0,0,0
SF204,20220218,20220218,112544500,11:25:44,9454,27799,21770,1301549180,0,0,0
SF204,20220218,20220218,112545000,11:25:45,9454,27799,21770,1301549180,0,0,0
SF204,20220218,20220218,112545500,11:25:46,9454,27799,21770,1301549180,0,0,0
SF204,20220218,20220218,112546000,11:25:47,9454,27799,21770,1301549180,0,0,0
SF204,20220218,20220218,112546500,11:25:48,9454,27799,21770,1301549180,0,0,0
SF204,20220218,20220218,112547500,11:25:48,9454,27799,21770,1301549180,0,0,0
SF204,20220218,20220218,112548000,11:25:48,9454,27799,21770,1301549180,0,0,0
SF204,20220218,20220218,112548500,11:25:48,9454,27799,21770,1301549180,0,0,0
SF204,20220218,20220218,112549000,11:25:49,9454,27799,21770,1301549180,0,0,0
SF204,20220218,20220218,112549500,11:25:49,9454,27799,21770,1301549180,0,0,0
SF204,20220218,20220218,112550000,11:25:50,9454,27799,21770,1301549180,0,0,0
SF204,20220218,20220218,112550500,11:25:51,9454,27799,21770,1301549180,0,0,0
SF204,20220218,20220218,112551000,11:25:51,9454,27799,21770,1301549180,0,0,0
SF204,20220218,20220218,112551500,11:25:51,9452,27800,21770,1301596000,1,0,46820
SF204,20220218,20220218,112552000,11:25:52,9452,27803,21770,1301736460,3,0,140460
SF204,20220218,20220218,112552500,11:25:52,9452,27803,21770,1301736460,0,0,0
SF204,20220218,20220218,112553000,11:25:53,9452,27803,21770,1301736460,0,0,0
SF204,20220218,20220218,112553500,11:25:54,9452,27803,21770,1301736460,0,0,0
SF204,20220218,20220218,112554000,11:25:54,9452,27803,21770,1301736460,0,0,0
SF204,20220218,20220218,112554500,11:25:55,9452,27803,21770,1301736460,0,0,0
SF204,20220218,20220218,112555000,11:25:55,9452,27803,21770,1301736460,0,0,0
SF204,20220218,20220218,112555500,11:25:56,9452,27803,21770,1301736460,0,0,0
SF204,20220218,20220218,112556000,11:25:57,9452,27803,21770,1301736460,0,0,0
SF204,20220218,20220218,112556500,11:25:57,9452,27803,21770,1301736460,0,0,0
SF204,20220218,20220218,112557000,11:25:57,9450,27804,21771,1301783280,1,1,46820
SF204,20220218,20220218,112558000,11:25:59,9450,27805,21771,1301830100,1,0,46820
SF204,20220218,20220218,112558500,11:25:59,9450,27805,21771,1301830100,0,0,0
SF204,20220218,20220218,112559000,11:26:00,9452,27806,21771,1301876920,1,0,46820
SF204,20220218,20220218,112559500,11:26:00,9452,27806,21771,1301876920,0,0,0
SF204,20220218,20220218,112600000,11:26:00,9452,27806,21771,1301876920,0,0,0
SF204,20220218,20220218,112600500,11:26:01,9452,27806,21771,1301876920,0,0,0
SF204,20220218,20220218,112601000,11:26:01,9452,27806,21771,1301876920,0,0,0
SF204,20220218,20220218,112601500,11:26:01,9452,27806,21771,1301876920,0,0,0
SF204,20220218,20220218,112602000,11:26:03,9452,27806,21771,1301876920,0,0,0
SF204,20220218,20220218,112602500,11:26:03,9452,27806,21771,1301876920,0,0,0
SF204,20220218,20220218,112603000,11:26:03,9452,27806,21771,1301876920,0,0,0
SF204,20220218,20220218,112603500,11:26:04,9456,27809,21770,1302017380,3,-1,140460
SF204,20220218,20220218,112604000,11:26:05,9456,27809,21770,1302017380,0,0,0
SF204,20220218,20220218,112604500,11:26:05,9458,27810,21769,1302064200,1,-1,46820
SF204,20220218,20220218,112605000,11:26:05,9458,27810,21769,1302064200,0,0,0
SF204,20220218,20220218,112605500,11:26:06,9458,27810,21769,1302064200,0,0,0
SF204,20220218,20220218,112606000,11:26:06,9458,27810,21769,1302064200,0,0,0
SF204,20220218,20220218,112606500,11:26:09,9458,27810,21769,1302064200,0,0,0
SF204,20220218,20220218,112607000,11:26:09,9458,27810,21769,1302064200,0,0,0
SF204,20220218,20220218,112607500,11:26:09,9458,27810,21769,1302064200,0,0,0
SF204,20220218,20220218,112609000,11:26:09,9458,27810,21769,1302064200,0,0,0
SF204,20220218,20220218,112609500,11:26:10,9458,27810,21769,1302064200,0,0,0
SF204,20220218,20220218,112610000,11:26:10,9458,27810,21769,1302064200,0,0,0
SF204,20220218,20220218,112610500,11:26:11,9456,27811,21769,1302111020,1,0,46820
SF204,20220218,20220218,112611000,11:26:11,9456,27811,21769,1302111020,0,0,0
SF204,20220218,20220218,112611500,11:26:13,9456,27811,21769,1302111020,0,0,0
SF204,20220218,20220218,112612000,11:26:14,9456,27811,21769,1302111020,0,0,0
SF204,20220218,20220218,112612500,11:26:14,9456,27811,21769,1302111020,0,0,0
SF204,20220218,20220218,112613000,11:26:15,9456,27811,21769,1302111020,0,0,0
SF204,20220218,20220218,112614000,11:26:15,9456,27811,21769,1302111020,0,0,0
SF204,20220218,20220218,112614500,11:26:15,9456,27811,21769,1302111020,0,0,0
SF204,20220218,20220218,112615000,11:26:16,9456,27811,21769,1302111020,0,0,0
SF204,20220218,20220218,112615500,11:26:16,9456,27811,21769,1302111020,0,0,0
SF204,20220218,20220218,112616000,11:26:16,9456,27811,21769,1302111020,0,0,0
SF204,20220218,20220218,112616500,11:26:17,9456,27811,21769,1302111020,0,0,0
SF204,20220218,20220218,112617000,11:26:17,9456,27811,21769,1302111020,0,0,0
SF204,20220218,20220218,112617500,11:26:17,9456,27811,21769,1302111020,0,0,0
SF204,20220218,20220218,112618000,11:26:18,9456,27811,21769,1302111020,0,0,0
SF204,20220218,20220218,112618500,11:26:18,9456,27811,21769,1302111020,0,0,0
SF204,20220218,20220218,112619500,11:26:20,9456,27811,21769,1302111020,0,0,0
SF204,20220218,20220218,112620000,11:26:20,9456,27811,21769,1302111020,0,0,0
SF204,20220218,20220218,112620500,11:26:20,9456,27811,21769,1302111020,0,0,0
SF204,20220218,20220218,112621000,11:26:21,9456,27811,21769,1302111020,0,0,0
SF204,20220218,20220218,112622500,11:26:23,9456,27811,21769,1302111020,0,0,0
SF204,20220218,20220218,112623000,11:26:23,9456,27811,21769,1302111020,0,0,0
SF204,20220218,20220218,112623500,11:26:23,9456,27811,21769,1302111020,0,0,0
SF204,20220218,20220218,112624000,11:26:24,9456,27811,21769,1302111020,0,0,0
SF204,20220218,20220218,112624500,11:26:24,9456,27811,21769,1302111020,0,0,0
SF204,20220218,20220218,112625000,11:26:25,9456,27811,21769,1302111020,0,0,0
SF204,20220218,20220218,112625500,11:26:25,9456,27811,21769,1302111020,0,0,0
SF204,20220218,20220218,112626000,11:26:26,9456,27811,21769,1302111020,0,0,0
SF204,20220218,20220218,112627000,11:26:27,9456,27811,21769,1302111020,0,0,0
SF204,20220218,20220218,112627500,11:26:27,9456,27811,21769,1302111020,0,0,0
SF204,20220218,20220218,112628000,11:26:28,9456,27811,21769,1302111020,0,0,0
SF204,20220218,20220218,112628500,11:26:28,9456,27811,21769,1302111020,0,0,0
SF204,20220218,20220218,112630000,11:26:31,9456,27811,21769,1302111020,0,0,0
SF204,20220218,20220218,112630500,11:26:31,9456,27811,21769,1302111020,0,0,0
SF204,20220218,20220218,112631000,11:26:31,9456,27811,21769,1302111020,0,0,0
SF204,20220218,20220218,112631500,11:26:32,9456,27811,21769,1302111020,0,0,0
SF204,20220218,20220218,112632000,11:26:32,9456,27811,21769,1302111020,0,0,0
SF204,20220218,20220218,112632500,11:26:32,9456,27811,21769,1302111020,0,0,0
SF204,20220218,20220218,112633000,11:26:33,9456,27811,21769,1302111020,0,0,0
SF204,20220218,20220218,112634000,11:26:35,9456,27811,21769,1302111020,0,0,0
SF204,20220218,20220218,112634500,11:26:37,9456,27811,21769,1302111020,0,0,0
SF204,20220218,20220218,112635000,11:26:37,9456,27811,21769,1302111020,0,0,0
SF204,20220218,20220218,112637000,11:26:38,9456,27811,21769,1302111020,0,0,0
SF204,20220218,20220218,112637500,11:27:10,9456,27811,21769,1302111020,0,0,0
SF204,20220218,20220218,112653500,11:27:10,9456,27811,21769,1302111020,0,0,0
SF204,20220218,20220218,112710000,11:27:12,9456,27811,21769,1302111020,0,0,0
SF204,20220218,20220218,112710500,11:27:12,9456,27811,21769,1302111020,0,0,0
SF204,20220218,20220218,112712000,11:27:12,9456,27811,21769,1302111020,0,0,0
SF204,20220218,20220218,112712500,11:27:13,9456,27811,21769,1302111020,0,0,0
SF204,20220218,20220218,112713000,11:27:13,9456,27811,21769,1302111020,0,0,0
SF204,20220218,20220218,112713500,11:27:14,9456,27811,21769,1302111020,0,0,0
SF204,20220218,20220218,112714000,11:27:15,9456,27811,21769,1302111020,0,0,0
SF204,20220218,20220218,112714500,11:27:15,9456,27811,21769,1302111020,0,0,0
SF204,20220218,20220218,112716500,11:27:17,9456,27811,21769,1302111020,0,0,0
SF204,20220218,20220218,112717000,11:27:17,9456,27811,21769,1302111020,0,0,0
SF204,20220218,20220218,112717500,11:27:17,9456,27811,21769,1302111020,0,0,0
SF204,20220218,20220218,112718000,11:27:18,9456,27811,21769,1302111020,0,0,0
SF204,20220218,20220218,112718500,11:27:19,9456,27811,21769,1302111020,0,0,0
SF204,20220218,20220218,112719000,11:27:19,9456,27811,21769,1302111020,0,0,0
SF204,20220218,20220218,112719500,11:27:20,9456,27811,21769,1302111020,0,0,0
SF204,20220218,20220218,112720000,11:27:20,9456,27811,21769,1302111020,0,0,0
SF204,20220218,20220218,112720500,11:27:21,9456,27811,21769,1302111020,0,0,0
SF204,20220218,20220218,112721000,11:27:21,9456,27811,21769,1302111020,0,0,0
SF204,20220218,20220218,112721500,11:27:22,9456,27811,21769,1302111020,0,0,0
SF204,20220218,20220218,112722000,11:27:22,9456,27811,21769,1302111020,0,0,0
SF204,20220218,20220218,112722500,11:27:26,9456,27811,21769,1302111020,0,0,0
SF204,20220218,20220218,112723000,11:27:27,9456,27811,21769,1302111020,0,0,0
SF204,20220218,20220218,112723500,11:27:27,9456,27811,21769,1302111020,0,0,0
SF204,20220218,20220218,112724000,11:27:27,9456,27811,21769,1302111020,0,0,0
SF204,20220218,20220218,112726500,11:27:27,9456,27811,21769,1302111020,0,0,0
SF204,20220218,20220218,112727000,11:27:27,9456,27811,21769,1302111020,0,0,0
SF204,20220218,20220218,112727500,11:27:27,9456,27811,21769,1302111020,0,0,0
SF204,20220218,20220218,112728000,11:27:28,9456,27811,21769,1302111020,0,0,0
SF204,20220218,20220218,112728500,11:27:28,9456,27811,21769,1302111020,0,0,0
SF204,20220218,20220218,112729000,11:27:29,9456,27811,21769,1302111020,0,0,0
SF204,20220218,20220218,112729500,11:27:30,9456,27811,21769,1302111020,0,0,0
SF204,20220218,20220218,112730000,11:27:30,9456,27811,21769,1302111020,0,0,0
SF204,20220218,20220218,112730500,11:27:31,9456,27834,21776,1303187880,23,7,1076860
SF204,20220218,20220218,112731000,11:27:32,9456,27838,21772,1303375160,4,-4,187280
SF204,20220218,20220218,112731500,11:27:35,9456,27838,21772,1303375160,0,0,0
SF204,20220218,20220218,112732000,11:27:36,9456,27838,21772,1303375160,0,0,0
SF204,20220218,20220218,112735500,11:27:36,9456,27838,21772,1303375160,0,0,0
SF204,20220218,20220218,112736000,11:27:37,9456,27838,21772,1303375160,0,0,0
SF204,20220218,20220218,112736500,11:27:38,9456,27838,21772,1303375160,0,0,0
SF204,20220218,20220218,112737000,11:27:38,9456,27838,21772,1303375160,0,0,0
SF204,20220218,20220218,112737500,11:27:38,9456,27838,21772,1303375160,0,0,0
SF204,20220218,20220218,112738000,11:27:38,9456,27838,21772,1303375160,0,0,0
SF204,20220218,20220218,112738500,11:27:39,9456,27838,21772,1303375160,0,0,0
SF204,20220218,20220218,112739000,11:27:39,9456,27838,21772,1303375160,0,0,0
SF204,20220218,20220218,112739500,11:27:39,9456,27838,21772,1303375160,0,0,0
SF204,20220218,20220218,112740000,11:27:40,9456,27838,21772,1303375160,0,0,0
SF204,20220218,20220218,112740500,11:27:40,9456,27838,21772,1303375160,0,0,0
SF204,20220218,20220218,112741000,11:27:41,9456,27838,21772,1303375160,0,0,0
SF204,20220218,20220218,112741500,11:27:42,9456,27838,21772,1303375160,0,0,0
SF204,20220218,20220218,112742000,11:27:42,9456,27838,21772,1303375160,0,0,0
SF204,20220218,20220218,112742500,11:27:43,9456,27838,21772,1303375160,0,0,0
SF204,20220218,20220218,112743000,11:27:43,9456,27838,21772,1303375160,0,0,0
SF204,20220218,20220218,112743500,11:27:43,9456,27838,21772,1303375160,0,0,0
SF204,20220218,20220218,112744000,11:27:44,9456,27838,21772,1303375160,0,0,0
SF204,20220218,20220218,112744500,11:27:45,9456,27838,21772,1303375160,0,0,0
SF204,20220218,20220218,112745000,11:27:46,9456,27838,21772,1303375160,0,0,0
SF204,20220218,20220218,112745500,11:27:46,9456,27838,21772,1303375160,0,0,0
SF204,20220218,20220218,112746000,11:27:46,9456,27838,21772,1303375160,0,0,0
SF204,20220218,20220218,112746500,11:27:47,9456,27838,21772,1303375160,0,0,0
SF204,20220218,20220218,112747000,11:27:47,9456,27838,21772,1303375160,0,0,0
SF204,20220218,20220218,112747500,11:27:47,9456,27838,21772,1303375160,0,0,0
SF204,20220218,20220218,112748000,11:27:53,9456,27838,21772,1303375160,0,0,0
SF204,20220218,20220218,112748500,11:27:54,9456,27838,21772,1303375160,0,0,0
SF204,20220218,20220218,112749000,11:27:54,9456,27838,21772,1303375160,0,0,0
SF204,20220218,20220218,112749500,11:27:54,9456,27838,21772,1303375160,0,0,0
SF204,20220218,20220218,112754000,11:27:54,9456,27838,21772,1303375160,0,0,0
SF204,20220218,20220218,112754500,11:27:55,9456,27838,21772,1303375160,0,0,0
SF204,20220218,20220218,112755000,11:27:55,9456,27838,21772,1303375160,0,0,0
SF204,20220218,20220218,112755500,11:27:55,9456,27838,21772,1303375160,0,0,0
SF204,20220218,20220218,112756000,11:27:56,9456,27838,21772,1303375160,0,0,0
SF204,20220218,20220218,112756500,11:27:56,9458,27842,21770,1303562440,4,-2,187280
SF204,20220218,20220218,112757000,11:27:57,9458,27842,21770,1303562440,0,0,0
SF204,20220218,20220218,112757500,11:27:57,9458,27842,21770,1303562440,0,0,0
SF204,20220218,20220218,112758000,11:27:58,9458,27842,21770,1303562440,0,0,0
SF204,20220218,20220218,112758500,11:27:59,9458,27842,21770,1303562440,0,0,0
SF204,20220218,20220218,112759000,11:27:59,9458,27842,21770,1303562440,0,0,0
SF204,20220218,20220218,112759500,11:27:59,9458,27842,21770,1303562440,0,0,0
SF204,20220218,20220218,112800000,11:28:01,9458,27842,21770,1303562440,0,0,0
SF204,20220218,20220218,112800500,11:28:01,9458,27842,21770,1303562440,0,0,0
SF204,20220218,20220218,112801000,11:28:01,9458,27842,21770,1303562440,0,0,0
SF204,20220218,20220218,112801500,11:28:02,9458,27842,21770,1303562440,0,0,0
SF204,20220218,20220218,112802000,11:28:03,9458,27842,21770,1303562440,0,0,0
SF204,20220218,20220218,112802500,11:28:03,9464,27843,21770,1303609260,1,0,46820
SF204,20220218,20220218,112803000,11:28:04,9464,27845,21769,1303702900,2,-1,93640
SF204,20220218,20220218,112803500,11:28:04,9464,27845,21769,1303702900,0,0,0
SF204,20220218,20220218,112804000,11:28:05,9466,27846,21769,1303749720,1,0,46820
SF204,20220218,20220218,112804500,11:28:05,9466,27846,21769,1303749720,0,0,0
SF204,20220218,20220218,112805000,11:28:06,9466,27846,21769,1303749720,0,0,0
SF204,20220218,20220218,112805500,11:28:06,9466,27846,21769,1303749720,0,0,0
SF204,20220218,20220218,112806000,11:28:10,9466,27846,21769,1303749720,0,0,0
SF204,20220218,20220218,112806500,11:28:10,9466,27846,21769,1303749720,0,0,0
SF204,20220218,20220218,112807000,11:28:10,9466,27846,21769,1303749720,0,0,0
SF204,20220218,20220218,112810000,11:28:11,9470,27851,21768,1303983820,5,-1,234100
SF204,20220218,20220218,112810500,11:28:12,9470,27851,21768,1303983820,0,0,0
SF204,20220218,20220218,112811000,11:28:12,9470,27851,21768,1303983820,0,0,0
SF204,20220218,20220218,112811500,11:28:12,9470,27851,21768,1303983820,0,0,0
SF204,20220218,20220218,112812000,11:28:13,9470,27851,21768,1303983820,0,0,0
SF204,20220218,20220218,112812500,11:28:13,9470,27851,21768,1303983820,0,0,0
SF204,20220218,20220218,112813000,11:28:13,9470,27851,21768,1303983820,0,0,0
SF204,20220218,20220218,112813500,11:28:14,9470,27851,21768,1303983820,0,0,0
SF204,20220218,20220218,112814000,11:28:14,9470,27851,21768,1303983820,0,0,0
SF204,20220218,20220218,112814500,11:28:14,9470,27851,21768,1303983820,0,0,0
SF204,20220218,20220218,112815000,11:28:15,9470,27851,21768,1303983820,0,0,0
SF204,20220218,20220218,112815500,11:28:15,9470,27851,21768,1303983820,0,0,0
SF204,20220218,20220218,112816000,11:28:16,9470,27851,21768,1303983820,0,0,0
SF204,20220218,20220218,112816500,11:28:16,9470,27851,21768,1303983820,0,0,0
SF204,20220218,20220218,112817000,11:28:17,9472,27854,21768,1304124280,3,0,140460
SF204,20220218,20220218,112817500,11:28:17,9472,27854,21768,1304124280,0,0,0
SF204,20220218,20220218,112818000,11:28:18,9472,27854,21768,1304124280,0,0,0
SF204,20220218,20220218,112818500,11:28:18,9472,27854,21768,1304124280,0,0,0
SF204,20220218,20220218,112819000,11:28:19,9472,27854,21768,1304124280,0,0,0
SF204,20220218,20220218,112819500,11:28:19,9472,27854,21768,1304124280,0,0,0
SF204,20220218,20220218,112820000,11:28:20,9470,27870,21776,1304873400,16,8,749120
SF204,20220218,20220218,112820500,11:28:20,9470,27878,21768,1305247960,8,-8,374560
SF204,20220218,20220218,112821000,11:28:21,9470,27878,21768,1305247960,0,0,0
SF204,20220218,20220218,112821500,11:28:22,9470,27878,21768,1305247960,0,0,0
SF204,20220218,20220218,112822000,11:28:22,9470,27878,21768,1305247960,0,0,0
SF204,20220218,20220218,112822500,11:28:22,9470,27878,21768,1305247960,0,0,0
SF204,20220218,20220218,112823000,11:28:23,9470,27878,21768,1305247960,0,0,0
SF204,20220218,20220218,112823500,11:28:23,9470,27878,21768,1305247960,0,0,0
SF204,20220218,20220218,112824000,11:28:24,9470,27878,21768,1305247960,0,0,0
SF204,20220218,20220218,112824500,11:28:24,9470,27878,21768,1305247960,0,0,0
SF204,20220218,20220218,112825000,11:28:25,9470,27878,21768,1305247960,0,0,0
SF204,20220218,20220218,112825500,11:28:25,9470,27878,21768,1305247960,0,0,0
SF204,20220218,20220218,112826000,11:28:26,9470,27878,21768,1305247960,0,0,0
SF204,20220218,20220218,112826500,11:28:27,9470,27878,21768,1305247960,0,0,0
SF204,20220218,20220218,112827000,11:28:27,9470,27878,21768,1305247960,0,0,0
SF204,20220218,20220218,112827500,11:28:27,9466,27905,21772,1306512100,27,4,1264140
SF204,20220218,20220218,112828000,11:28:28,9464,27908,21769,1306652560,3,-3,140460
SF204,20220218,20220218,112828500,11:28:28,9466,27909,21768,1306699380,1,-1,46820
SF204,20220218,20220218,112829000,11:28:29,9464,27910,21767,1306746200,1,-1,46820
SF204,20220218,20220218,112829500,11:28:29,9462,27913,21765,1306886660,3,-2,140460
SF204,20220218,20220218,112830000,11:28:30,9464,27915,21764,1306980300,2,-1,93640
SF204,20220218,20220218,112830500,11:28:31,9464,27915,21764,1306980300,0,0,0
SF204,20220218,20220218,112831000,11:28:31,9464,27920,21760,1307214400,5,-4,234100
SF204,20220218,20220218,112831500,11:28:32,9464,27920,21760,1307214400,0,0,0
SF204,20220218,20220218,112832000,11:28:32,9464,27920,21760,1307214400,0,0,0
SF204,20220218,20220218,112832500,11:28:33,9464,27920,21760,1307214400,0,0,0
SF204,20220218,20220218,112833000,11:28:33,9464,27920,21760,1307214400,0,0,0
SF204,20220218,20220218,112833500,11:28:34,9460,27930,21752,1307682600,10,-8,468200
SF204,20220218,20220218,112834000,11:28:34,9466,27962,21733,1309180840,32,-19,1498240
SF204,20220218,20220218,112834500,11:28:34,9466,27962,21733,1309180840,0,0,0
SF204,20220218,20220218,112835000,11:28:35,9466,27962,21733,1309180840,0,0,0
SF204,20220218,20220218,112835500,11:28:37,9466,27962,21733,1309180840,0,0,0
SF204,20220218,20220218,112836000,11:28:37,9466,27962,21733,1309180840,0,0,0
SF204,20220218,20220218,112836500,11:28:37,9466,27962,21733,1309180840,0,0,0
SF204,20220218,20220218,112837000,11:28:37,9466,27962,21733,1309180840,0,0,0
SF204,20220218,20220218,112837500,11:28:38,9466,27962,21733,1309180840,0,0,0
SF204,20220218,20220218,112838000,11:28:38,9466,27971,21724,1309602220,9,-9,421380
SF204,20220218,20220218,112838500,11:28:38,9466,27971,21724,1309602220,0,0,0
SF204,20220218,20220218,112839000,11:28:40,9466,27971,21724,1309602220,0,0,0
SF204,20220218,20220218,112839500,11:28:40,9466,27971,21724,1309602220,0,0,0
SF204,20220218,20220218,112840000,11:28:40,9466,27971,21724,1309602220,0,0,0
SF204,20220218,20220218,112840500,11:28:40,9466,27971,21724,1309602220,0,0,0
SF204,20220218,20220218,112841000,11:28:41,9466,27971,21724,1309602220,0,0,0
SF204,20220218,20220218,112841500,11:28:41,9466,27972,21724,1309649040,1,0,46820
SF204,20220218,20220218,112842000,11:28:42,9466,27972,21724,1309649040,0,0,0
SF204,20220218,20220218,112842500,11:28:42,9466,27972,21724,1309649040,0,0,0
SF204,20220218,20220218,112843000,11:28:43,9466,27972,21724,1309649040,0,0,0
SF204,20220218,20220218,112843500,11:28:44,9466,27972,21724,1309649040,0,0,0
SF204,20220218,20220218,112844000,11:28:44,9466,27972,21724,1309649040,0,0,0
SF204,20220218,20220218,112844500,11:28:45,9466,27972,21724,1309649040,0,0,0
SF204,20220218,20220218,112845000,11:28:45,9466,27972,21724,1309649040,0,0,0
SF204,20220218,20220218,112845500,11:28:45,9466,27972,21724,1309649040,0,0,0
SF204,20220218,20220218,112846000,11:28:46,9466,27972,21724,1309649040,0,0,0
SF204,20220218,20220218,112846500,11:28:46,9466,27972,21724,1309649040,0,0,0
SF204,20220218,20220218,112847000,11:28:47,9466,27972,21724,1309649040,0,0,0
SF204,20220218,20220218,112847500,11:28:48,9466,27972,21724,1309649040,0,0,0
SF204,20220218,20220218,112848000,11:28:48,9468,27974,21722,1309742680,2,-2,93640
SF204,20220218,20220218,112848500,11:28:48,9468,27974,21722,1309742680,0,0,0
SF204,20220218,20220218,112849000,11:28:49,9468,27974,21722,1309742680,0,0,0
SF204,20220218,20220218,112849500,11:28:50,9468,27974,21722,1309742680,0,0,0
SF204,20220218,20220218,112850000,11:28:50,9468,27974,21722,1309742680,0,0,0
SF204,20220218,20220218,112850500,11:28:51,9468,27974,21722,1309742680,0,0,0
SF204,20220218,20220218,112851000,11:28:51,9468,27974,21722,1309742680,0,0,0
SF204,20220218,20220218,112851500,11:28:51,9468,27974,21722,1309742680,0,0,0
SF204,20220218,20220218,112852000,11:28:53,9468,27974,21722,1309742680,0,0,0
SF204,20220218,20220218,112852500,11:28:54,9468,27974,21722,1309742680,0,0,0
SF204,20220218,20220218,112853000,11:28:54,9468,27974,21722,1309742680,0,0,0
SF204,20220218,20220218,112853500,11:28:54,9468,27974,21722,1309742680,0,0,0
SF204,20220218,20220218,112854000,11:28:54,9468,27974,21722,1309742680,0,0,0
SF204,20220218,20220218,112854500,11:28:54,9468,27974,21722,1309742680,0,0,0
SF204,20220218,20220218,112855000,11:28:55,9468,27974,21722,1309742680,0,0,0
SF204,20220218,20220218,112855500,11:28:56,9468,27974,21722,1309742680,0,0,0
SF204,20220218,20220218,112856000,11:28:56,9468,27974,21722,1309742680,0,0,0
SF204,20220218,20220218,112856500,11:28:56,9468,27974,21722,1309742680,0,0,0
SF204,20220218,20220218,112857000,11:28:57,9468,27974,21722,1309742680,0,0,0
SF204,20220218,20220218,112857500,11:28:58,9468,27974,21722,1309742680,0,0,0
SF204,20220218,20220218,112858000,11:28:58,9468,27974,21722,1309742680,0,0,0
SF204,20220218,20220218,112858500,11:28:59,9468,27974,21722,1309742680,0,0,0
SF204,20220218,20220218,112859000,11:28:59,9468,27974,21722,1309742680,0,0,0
SF204,20220218,20220218,112859500,11:29:00,9462,27975,21722,1309789500,1,0,46820
SF204,20220218,20220218,112900000,11:29:00,9462,27975,21722,1309789500,0,0,0
SF204,20220218,20220218,112900500,11:29:01,9462,27975,21722,1309789500,0,0,0
SF204,20220218,20220218,112901000,11:29:01,9462,27975,21722,1309789500,0,0,0
SF204,20220218,20220218,112901500,11:29:02,9462,27975,21722,1309789500,0,0,0
SF204,20220218,20220218,112902000,11:29:02,9460,27976,21722,1309836320,1,0,46820
SF204,20220218,20220218,112902500,11:29:03,9460,27977,21722,1309883140,1,0,46820
SF204,20220218,20220218,112903000,11:29:03,9460,27977,21722,1309883140,0,0,0
SF204,20220218,20220218,112903500,11:29:04,9460,27977,21722,1309883140,0,0,0
SF204,20220218,20220218,112904000,11:29:04,9460,27977,21722,1309883140,0,0,0
SF204,20220218,20220218,112904500,11:29:04,9460,27977,21722,1309883140,0,0,0
SF204,20220218,20220218,112905000,11:29:05,9460,27977,21722,1309883140,0,0,0
SF204,20220218,20220218,112905500,11:29:06,9460,27977,21722,1309883140,0,0,0
SF204,20220218,20220218,112906000,11:29:06,9460,27977,21722,1309883140,0,0,0
SF204,20220218,20220218,112906500,11:29:06,9460,27977,21722,1309883140,0,0,0
SF204,20220218,20220218,112907000,11:29:07,9460,27977,21722,1309883140,0,0,0
SF204,20220218,20220218,112907500,11:29:08,9460,27977,21722,1309883140,0,0,0
SF204,20220218,20220218,112908000,11:29:08,9460,27977,21722,1309883140,0,0,0
SF204,20220218,20220218,112908500,11:29:08,9460,27979,21722,1309976780,2,0,93640
SF204,20220218,20220218,112909000,11:29:09,9458,27980,21721,1310023600,1,-1,46820
SF204,20220218,20220218,112909500,11:29:09,9458,27980,21721,1310023600,0,0,0
SF204,20220218,20220218,112910000,11:29:10,9458,27982,21721,1310117240,2,0,93640
SF204,20220218,20220218,112910500,11:29:10,9458,27982,21721,1310117240,0,0,0
SF204,20220218,20220218,112911000,11:29:11,9458,27982,21721,1310117240,0,0,0
SF204,20220218,20220218,112911500,11:29:12,9456,27983,21720,1310164060,1,-1,46820
SF204,20220218,20220218,112912000,11:29:12,9456,27985,21720,1310257700,2,0,93640
SF204,20220218,20220218,112912500,11:29:12,9456,27985,21720,1310257700,0,0,0
SF204,20220218,20220218,112913000,11:29:13,9454,27986,21719,1310304520,1,-1,46820
SF204,20220218,20220218,112913500,11:29:14,9454,27986,21719,1310304520,0,0,0
SF204,20220218,20220218,112914000,11:29:14,9452,27988,21717,1310398160,2,-2,93640
SF204,20220218,20220218,112914500,11:29:15,9452,27988,21717,1310398160,0,0,0
SF204,20220218,20220218,112915000,11:29:15,9452,27988,21717,1310398160,0,0,0
SF204,20220218,20220218,112915500,11:29:16,9452,27988,21717,1310398160,0,0,0
SF204,20220218,20220218,112916000,11:29:16,9452,27988,21717,1310398160,0,0,0
SF204,20220218,20220218,112916500,11:29:20,9452,27988,21717,1310398160,0,0,0
SF204,20220218,20220218,112917000,11:29:20,9452,27988,21717,1310398160,0,0,0
SF204,20220218,20220218,112917500,11:29:21,9452,27988,21717,1310398160,0,0,0
SF204,20220218,20220218,112918000,11:29:21,9452,27988,21717,1310398160,0,0,0
SF204,20220218,20220218,112920500,11:29:21,9444,28013,21709,1311568660,25,-8,1170500
SF204,20220218,20220218,112921000,11:29:22,9444,28016,21706,1311709120,3,-3,140460
SF204,20220218,20220218,112921500,11:29:24,9444,28016,21706,1311709120,0,0,0
SF204,20220218,20220218,112922000,11:29:24,9446,28018,21706,1311802760,2,0,93640
SF204,20220218,20220218,112922500,11:29:24,9446,28018,21706,1311802760,0,0,0
SF204,20220218,20220218,112923000,11:29:24,9446,28018,21706,1311802760,0,0,0
SF204,20220218,20220218,112924000,11:29:24,9442,28023,21703,1312036860,5,-3,234100
SF204,20220218,20220218,112924500,11:29:24,9442,28023,21703,1312036860,0,0,0
SF204,20220218,20220218,112925000,11:29:25,9442,28024,21702,1312083680,1,-1,46820
SF204,20220218,20220218,112925500,11:29:25,9440,28038,21698,1312739160,14,-4,655480
SF204,20220218,20220218,112926000,11:29:26,9438,28041,21695,1312879620,3,-3,140460
SF204,20220218,20220218,112926500,11:29:26,9438,28044,21692,1313020080,3,-3,140460
SF204,20220218,20220218,112927000,11:29:27,9440,28052,21684,1313394640,8,-8,374560
SF204,20220218,20220218,112927500,11:29:27,9440,28052,21684,1313394640,0,0,0
SF204,20220218,20220218,112928000,11:29:28,9440,28052,21684,1313394640,0,0,0
SF204,20220218,20220218,112928500,11:29:29,9440,28052,21684,1313394640,0,0,0
SF204,20220218,20220218,112929000,11:29:29,9440,28052,21684,1313394640,0,0,0
SF204,20220218,20220218,112929500,11:29:30,9444,28053,21683,1313441460,1,-1,46820
SF204,20220218,20220218,112930000,11:29:30,9442,28054,21682,1313488280,1,-1,46820
SF204,20220218,20220218,112930500,11:29:31,9442,28055,21682,1313535100,1,0,46820
SF204,20220218,20220218,112931000,11:29:32,9442,28055,21682,1313535100,0,0,0
SF204,20220218,20220218,112931500,11:29:32,9442,28055,21682,1313535100,0,0,0
SF204,20220218,20220218,112932000,11:29:36,9442,28055,21682,1313535100,0,0,0
SF204,20220218,20220218,112932500,11:29:36,9442,28059,21682,1314002970,4,0,467870
SF204,20220218,20220218,112933000,11:29:37,9442,28059,21682,1314002970,0,0,0
SF204,20220218,20220218,112933500,11:29:38,9442,28059,21682,1314002970,0,0,0
SF204,20220218,20220218,112936500,11:29:38,9442,28059,21682,1314002970,0,0,0
SF204,20220218,20220218,112937500,11:29:38,9442,28059,21682,1314002970,0,0,0
SF204,20220218,20220218,112938000,11:29:38,9442,28059,21682,1314002970,0,0,0
SF204,20220218,20220218,112938500,11:29:39,9444,28081,21675,1315033230,22,-7,1030260
SF204,20220218,20220218,112939000,11:29:39,9444,28083,21673,1315126890,2,-2,93660
SF204,20220218,20220218,112939500,11:29:40,9444,28084,21672,1315173720,1,-1,46830
SF204,20220218,20220218,112940000,11:29:40,9444,28084,21672,1315173720,0,0,0
SF204,20220218,20220218,112940500,11:29:40,9444,28084,21672,1315173720,0,0,0
SF204,20220218,20220218,112941000,11:29:41,9444,28084,21672,1315173720,0,0,0
SF204,20220218,20220218,112941500,11:29:42,9444,28084,21672,1315173720,0,0,0
SF204,20220218,20220218,112942000,11:29:43,9444,28084,21672,1315173720,0,0,0
SF204,20220218,20220218,112942500,11:29:44,9444,28084,21672,1315173720,0,0,0
SF204,20220218,20220218,112943000,11:29:45,9444,28084,21672,1315173720,0,0,0
SF204,20220218,20220218,112943500,11:29:45,9444,28086,21672,1315267380,2,0,93660
SF204,20220218,20220218,112944000,11:29:45,9444,28086,21672,1315267380,0,0,0
SF204,20220218,20220218,112944500,11:29:45,9444,28088,21672,1315361040,2,0,93660
SF204,20220218,20220218,112945000,11:29:46,9444,28088,21672,1315361040,0,0,0
SF204,20220218,20220218,112945500,11:29:46,9444,28088,21672,1315361040,0,0,0
SF204,20220218,20220218,112946000,11:29:46,9444,28088,21672,1315361040,0,0,0
SF204,20220218,20220218,112946500,11:29:47,9444,28088,21672,1315361040,0,0,0
SF204,20220218,20220218,112947000,11:29:47,9444,28088,21672,1315361040,0,0,0
SF204,20220218,20220218,112947500,11:29:48,9444,28088,21672,1315361040,0,0,0
SF204,20220218,20220218,112948000,11:29:49,9442,28089,21672,1315407870,1,0,46830
SF204,20220218,20220218,112948500,11:29:49,9442,28089,21672,1315407870,0,0,0
SF204,20220218,20220218,112949000,11:29:50,9442,28089,21672,1315407870,0,0,0
SF204,20220218,20220218,112949500,11:29:50,9442,28089,21672,1315407870,0,0,0
SF204,20220218,20220218,112950000,11:29:51,9442,28089,21672,1315407870,0,0,0
SF204,20220218,20220218,112950500,11:29:51,9442,28089,21672,1315407870,0,0,0
SF204,20220218,20220218,112951500,11:29:52,9442,28089,21672,1315407870,0,0,0
SF204,20220218,20220218,112952000,11:29:52,9442,28089,21672,1315407870,0,0,0
SF204,20220218,20220218,112952500,11:29:53,9442,28089,21672,1315407870,0,0,0
SF204,20220218,20220218,112953000,11:29:54,9442,28089,21672,1315407870,0,0,0
SF204,20220218,20220218,112953500,11:29:54,9442,28089,21672,1315407870,0,0,0
SF204,20220218,20220218,112954000,11:29:54,9442,28089,21672,1315407870,0,0,0
SF204,20220218,20220218,112954500,11:29:54,9442,28089,21672,1315407870,0,0,0
SF204,20220218,20220218,112955000,11:29:55,9442,28089,21672,1315407870,0,0,0
SF204,20220218,20220218,112955500,11:29:56,9442,28089,21672,1315407870,0,0,0
SF204,20220218,20220218,112956000,11:29:56,9442,28089,21672,1315407870,0,0,0
SF204,20220218,20220218,112956500,11:30:00,9442,28089,21672,1315407870,0,0,0
SF204,20220218,20220218,112957000,11:30:00,9444,28090,21671,1315454700,1,-1,46830
SF204,20220218,20220218,112957500,11:30:02,9444,28091,21670,1315501530,1,-1,46830
SF204,20220218,20220218,112959500,11:30:02,9440,28093,21670,1315595190,2,0,93660
SF204,20220218,20220218,113000000,11:30:03,9440,28093,21670,1315595190,0,0,0
SF204,20220218,20220218,113000500,11:30:03,9440,28093,21670,1315595190,0,0,0
SF204,20220218,20220218,133000500,13:30:00,9440,28093,21670,1315595190,0,0,0
SF204,20220218,20220218,133001000,13:30:01,9442,28095,21668,1315688850,2,-2,93660
SF204,20220218,20220218,133001500,13:30:02,9442,28095,21668,1315688850,0,0,0
SF204,20220218,20220218,133002000,13:30:08,9442,28100,21668,1315923000,5,0,234150
SF204,20220218,20220218,133002500,13:30:10,9442,28100,21668,1315923000,0,0,0
SF204,20220218,20220218,133008000,13:30:10,9442,28100,21668,1315923000,0,0,0
SF204,20220218,20220218,133009500,13:30:10,9442,28100,21668,1315923000,0,0,0
SF204,20220218,20220218,133010000,13:30:11,9442,28100,21668,1315923000,0,0,0
SF204,20220218,20220218,133010500,13:30:12,9460,28122,21663,1316953260,22,-5,1030260
SF204,20220218,20220218,133011000,13:30:13,9456,28125,21663,1317093750,3,0,140490
SF204,20220218,20220218,133012500,13:30:13,9456,28132,21661,1317421560,7,-2,327810
SF204,20220218,20220218,133013000,13:30:13,9456,28132,21661,1317421560,0,0,0
SF204,20220218,20220218,133013500,13:30:14,9456,28132,21661,1317421560,0,0,0
SF204,20220218,20220218,133014000,13:30:15,9454,28136,21661,1317608880,4,0,187320
SF204,20220218,20220218,133014500,13:30:16,9454,28136,21661,1317608880,0,0,0
SF204,20220218,20220218,133015000,13:30:17,9454,28136,21661,1317608880,0,0,0
SF204,20220218,20220218,133016500,13:30:18,9454,28136,21661,1317608880,0,0,0
SF204,20220218,20220218,133017000,13:30:18,9454,28136,21661,1317608880,0,0,0
SF204,20220218,20220218,133017500,13:30:18,9454,28136,21661,1317608880,0,0,0
SF204,20220218,20220218,133018000,13:30:19,9462,28138,21661,1317702540,2,0,93660
SF204,20220218,20220218,133018500,13:30:20,9460,28143,21656,1317936690,5,-5,234150
SF204,20220218,20220218,133019000,13:30:20,9460,28143,21656,1317936690,0,0,0
SF204,20220218,20220218,133019500,13:30:20,9460,28143,21656,1317936690,0,0,0
SF204,20220218,20220218,133020000,13:30:21,9460,28143,21656,1317936690,0,0,0
SF204,20220218,20220218,133020500,13:30:21,9462,28144,21655,1317983520,1,-1,46830
SF204,20220218,20220218,133021000,13:30:21,9460,28152,21650,1318358160,8,-5,374640
SF204,20220218,20220218,133021500,13:30:22,9460,28152,21650,1318358160,0,0,0
SF204,20220218,20220218,133022000,13:30:38,9460,28153,21650,1318404990,1,0,46830
SF204,20220218,20220218,133022500,13:30:38,9460,28154,21650,1318451820,1,0,46830
SF204,20220218,20220218,133023000,13:30:40,9460,28154,21650,1318451820,0,0,0
SF204,20220218,20220218,133038000,13:30:40,9460,28154,21650,1318451820,0,0,0
SF204,20220218,20220218,133038500,13:30:42,9460,28154,21650,1318451820,0,0,0
SF204,20220218,20220218,133040500,13:30:42,9460,28154,21650,1318451820,0,0,0
SF204,20220218,20220218,133041000,13:30:43,9460,28154,21650,1318451820,0,0,0
SF204,20220218,20220218,133042500,13:30:44,9460,28154,21650,1318451820,0,0,0
SF204,20220218,20220218,133043000,13:30:44,9460,28154,21650,1318451820,0,0,0
SF204,20220218,20220218,133043500,13:30:45,9460,28154,21650,1318451820,0,0,0
SF204,20220218,20220218,133044000,13:30:46,9460,28154,21650,1318451820,0,0,0
SF204,20220218,20220218,133044500,13:30:46,9460,28154,21650,1318451820,0,0,0
SF204,20220218,20220218,133045000,13:30:46,9460,28154,21650,1318451820,0,0,0
SF204,20220218,20220218,133045500,13:30:47,9446,28161,21650,1318779630,7,0,327810
SF204,20220218,20220218,133046000,13:30:47,9446,28164,21650,1318920120,3,0,140490
SF204,20220218,20220218,133046500,13:30:47,9446,28164,21650,1318920120,0,0,0
SF204,20220218,20220218,133047000,13:30:48,9446,28164,21650,1318920120,0,0,0
SF204,20220218,20220218,133047500,13:30:48,9446,28164,21650,1318920120,0,0,0
SF204,20220218,20220218,133048000,13:30:49,9446,28164,21650,1318920120,0,0,0
SF204,20220218,20220218,133048500,13:30:49,9446,28164,21650,1318920120,0,0,0
SF204,20220218,20220218,133049000,13:30:50,9446,28164,21650,1318920120,0,0,0
SF204,20220218,20220218,133050000,13:30:51,9446,28164,21650,1318920120,0,0,0
SF204,20220218,20220218,133050500,13:30:51,9446,28164,21650,1318920120,0,0,0
SF204,20220218,20220218,133051000,13:30:52,9446,28164,21650,1318920120,0,0,0
SF204,20220218,20220218,133051500,13:30:52,9446,28164,21650,1318920120,0,0,0
SF204,20220218,20220218,133052000,13:30:53,9446,28164,21650,1318920120,0,0,0
SF204,20220218,20220218,133052500,13:30:53,9446,28164,21650,1318920120,0,0,0
SF204,20220218,20220218,133053000,13:30:54,9446,28164,21650,1318920120,0,0,0
SF204,20220218,20220218,133053500,13:30:54,9446,28164,21650,1318920120,0,0,0
SF204,20220218,20220218,133054000,13:30:54,9446,28164,21650,1318920120,0,0,0
SF204,20220218,20220218,133054500,13:30:55,9446,28164,21650,1318920120,0,0,0
SF204,20220218,20220218,133055000,13:30:56,9446,28164,21650,1318920120,0,0,0
SF204,20220218,20220218,133055500,13:30:56,9446,28164,21650,1318920120,0,0,0
SF204,20220218,20220218,133056500,13:30:57,9446,28164,21650,1318920120,0,0,0
SF204,20220218,20220218,133057000,13:30:58,9446,28164,21650,1318920120,0,0,0
SF204,20220218,20220218,133057500,13:30:58,9446,28164,21650,1318920120,0,0,0
SF204,20220218,20220218,133058000,13:30:58,9446,28164,21650,1318920120,0,0,0
SF204,20220218,20220218,133058500,13:30:59,9446,28164,21650,1318920120,0,0,0
SF204,20220218,20220218,133059000,13:30:59,9446,28164,21650,1318920120,0,0,0
SF204,20220218,20220218,133059500,13:30:59,9446,28164,21650,1318920120,0,0,0
SF204,20220218,20220218,133100000,13:31:00,9446,28164,21650,1318920120,0,0,0
SF204,20220218,20220218,133100500,13:31:01,9446,28164,21650,1318920120,0,0,0
SF204,20220218,20220218,133101000,13:31:01,9446,28164,21650,1318920120,0,0,0
SF204,20220218,20220218,133101500,13:31:01,9446,28164,21650,1318920120,0,0,0
SF204,20220218,20220218,133102000,13:31:02,9446,28164,21650,1318920120,0,0,0
SF204,20220218,20220218,133102500,13:31:02,9446,28164,21650,1318920120,0,0,0
SF204,20220218,20220218,133103000,13:31:03,9446,28164,21650,1318920120,0,0,0
SF204,20220218,20220218,133103500,13:31:05,9446,28164,21650,1318920120,0,0,0
SF204,20220218,20220218,133104000,13:31:06,9446,28164,21650,1318920120,0,0,0
SF204,20220218,20220218,133104500,13:31:06,9446,28164,21650,1318920120,0,0,0
SF204,20220218,20220218,133105500,13:31:07,9446,28164,21650,1318920120,0,0,0
SF204,20220218,20220218,133106000,13:31:08,9446,28164,21650,1318920120,0,0,0
SF204,20220218,20220218,133107000,13:31:08,9446,28164,21650,1318920120,0,0,0
SF204,20220218,20220218,133107500,13:31:09,9446,28164,21650,1318920120,0,0,0
SF204,20220218,20220218,133108500,13:31:09,9446,28164,21650,1318920120,0,0,0
SF204,20220218,20220218,133109000,13:31:09,9446,28164,21650,1318920120,0,0,0
SF204,20220218,20220218,133109500,13:31:10,9446,28164,21650,1318920120,0,0,0
SF204,20220218,20220218,133110000,13:31:11,9446,28164,21650,1318920120,0,0,0
SF204,20220218,20220218,133110500,13:31:11,9446,28164,21650,1318920120,0,0,0
SF204,20220218,20220218,133111000,13:31:11,9452,28172,21644,1319294760,8,-6,374640
SF204,20220218,20220218,133111500,13:31:12,9452,28172,21644,1319294760,0,0,0
SF204,20220218,20220218,133112000,13:31:13,9448,28182,21644,1319763060,10,0,468300
SF204,20220218,20220218,133112500,13:31:13,9448,28182,21644,1319763060,0,0,0
SF204,20220218,20220218,133113000,13:31:14,9448,28182,21644,1319763060,0,0,0
SF204,20220218,20220218,133113500,13:31:15,9448,28182,21644,1319763060,0,0,0
SF204,20220218,20220218,133114000,13:31:15,9448,28182,21644,1319763060,0,0,0
SF204,20220218,20220218,133114500,13:31:15,9448,28182,21644,1319763060,0,0,0
SF204,20220218,20220218,133115000,13:31:15,9448,28182,21644,1319763060,0,0,0
SF204,20220218,20220218,133115500,13:31:15,9448,28182,21644,1319763060,0,0,0
SF204,20220218,20220218,133116000,13:31:16,9448,28182,21644,1319763060,0,0,0
SF204,20220218,20220218,133116500,13:31:17,9448,28182,21644,1319763060,0,0,0
SF204,20220218,20220218,133117000,13:31:18,9448,28182,21644,1319763060,0,0,0
SF204,20220218,20220218,133117500,13:31:18,9448,28182,21644,1319763060,0,0,0
SF204,20220218,20220218,133118000,13:31:19,9448,28182,21644,1319763060,0,0,0
SF204,20220218,20220218,133118500,13:31:19,9448,28182,21644,1319763060,0,0,0
SF204,20220218,20220218,133119000,13:31:19,9448,28182,21644,1319763060,0,0,0
SF204,20220218,20220218,133119500,13:31:20,9448,28182,21644,1319763060,0,0,0
SF204,20220218,20220218,133120000,13:31:20,9448,28182,21644,1319763060,0,0,0
SF204,20220218,20220218,133120500,13:31:21,9442,28183,21644,1319809890,1,0,46830
SF204,20220218,20220218,133121000,13:31:21,9442,28183,21644,1319809890,0,0,0
SF204,20220218,20220218,133121500,13:31:22,9442,28189,21647,1320090870,6,3,280980
SF204,20220218,20220218,133122000,13:31:23,9442,28189,21647,1320090870,0,0,0
SF204,20220218,20220218,133122500,13:31:25,9442,28189,21647,1320090870,0,0,0
SF204,20220218,20220218,133123000,13:31:25,9440,28190,21646,1320137700,1,-1,46830
SF204,20220218,20220218,133123500,13:31:25,9436,28200,21642,1320606000,10,-4,468300
SF204,20220218,20220218,133124000,13:31:25,9436,28201,21641,1320652830,1,-1,46830
SF204,20220218,20220218,133124500,13:31:25,9436,28201,21641,1320652830,0,0,0
SF204,20220218,20220218,133156000,13:31:56,9436,28201,21641,1320652830,0,0,0
SF204,20220218,20220218,133158500,13:31:58,9436,28201,21641,1320652830,0,0,0
SF204,20220218,20220218,133159500,13:32:00,9436,28201,21641,1320652830,0,0,0
SF204,20220218,20220218,133200000,13:32:01,9430,28337,21583,1327021710,136,-58,6368880
SF204,20220218,20220218,133200500,13:32:01,9434,28346,21574,1327443180,9,-9,421470
SF204,20220218,20220218,133201000,13:32:01,9434,28346,21574,1327443180,0,0,0
SF204,20220218,20220218,133201500,13:32:01,9434,28346,21574,1327443180,0,0,0
SF204,20220218,20220218,133202000,13:32:03,9434,28346,21574,1327443180,0,0,0
SF204,20220218,20220218,133202500,13:32:04,9436,28353,21568,1327770990,7,-6,327810
SF204,20220218,20220218,133203000,13:32:05,9436,28353,21568,1327770990,0,0,0
SF204,20220218,20220218,133203500,13:32:05,9436,28353,21568,1327770990,0,0,0
SF204,20220218,20220218,133204000,13:32:05,9436,28366,21555,1328379780,13,-13,608790
SF204,20220218,20220218,133205000,13:32:05,9436,28366,21555,1328379780,0,0,0
SF204,20220218,20220218,133205500,13:32:06,9436,28366,21555,1328379780,0,0,0
SF204,20220218,20220218,133206000,13:32:07,9436,28366,21555,1328379780,0,0,0
SF204,20220218,20220218,133206500,13:32:07,9436,28366,21555,1328379780,0,0,0
SF204,20220218,20220218,133207000,13:32:07,9436,28366,21555,1328379780,0,0,0
SF204,20220218,20220218,133207500,13:32:07,9436,28366,21555,1328379780,0,0,0
SF204,20220218,20220218,133208000,13:32:09,9436,28366,21555,1328379780,0,0,0
SF204,20220218,20220218,133208500,13:32:10,9436,28366,21555,1328379780,0,0,0
SF204,20220218,20220218,133209000,13:32:10,9436,28366,21555,1328379780,0,0,0
SF204,20220218,20220218,133209500,13:32:10,9436,28366,21555,1328379780,0,0,0
SF204,20220218,20220218,133210000,13:32:11,9430,28401,21534,1330018830,35,-21,1639050
SF204,20220218,20220218,133210500,13:32:14,9428,28419,21534,1330861770,18,0,842940
SF204,20220218,20220218,133211000,13:32:14,9426,28420,21535,1330908600,1,1,46830
SF204,20220218,20220218,133213000,13:32:15,9426,28420,21535,1330908600,0,0,0
SF204,20220218,20220218,133214000,13:32:15,9426,28420,21535,1330908600,0,0,0
SF204,20220218,20220218,133214500,13:32:16,9426,28420,21535,1330908600,0,0,0
SF204,20220218,20220218,133215000,13:32:16,9426,28420,21535,1330908600,0,0,0
SF204,20220218,20220218,133215500,13:32:16,9426,28420,21535,1330908600,0,0,0
SF204,20220218,20220218,133216000,13:32:17,9426,28420,21535,1330908600,0,0,0
SF204,20220218,20220218,133216500,13:32:17,9426,28420,21535,1330908600,0,0,0
SF204,20220218,20220218,133217000,13:32:18,9428,28423,21533,1331049090,3,-2,140490
SF204,20220218,20220218,133217500,13:32:18,9428,28423,21533,1331049090,0,0,0
SF204,20220218,20220218,133218000,13:32:18,9428,28423,21533,1331049090,0,0,0
SF204,20220218,20220218,133218500,13:32:19,9428,28423,21533,1331049090,0,0,0
SF204,20220218,20220218,133219000,13:32:20,9426,28434,21538,1331564220,11,5,515130
SF204,20220218,20220218,133219500,13:32:20,9426,28434,21538,1331564220,0,0,0
SF204,20220218,20220218,133220000,13:32:20,9426,28434,21538,1331564220,0,0,0
SF204,20220218,20220218,133220500,13:32:21,9426,28434,21538,1331564220,0,0,0
SF204,20220218,20220218,133221000,13:32:21,9426,28434,21538,1331564220,0,0,0
SF204,20220218,20220218,133221500,13:32:22,9428,28449,21523,1332266670,15,-15,702450
SF204,20220218,20220218,133222000,13:32:22,9430,28455,21518,1332547650,6,-5,280980
SF204,20220218,20220218,133223000,13:32:24,9430,28455,21518,1332547650,0,0,0
SF204,20220218,20220218,133223500,13:32:24,9430,28455,21518,1332547650,0,0,0
SF204,20220218,20220218,133224000,13:32:24,9430,28455,21518,1332547650,0,0,0
SF204,20220218,20220218,133224500,13:32:25,9430,28455,21518,1332547650,0,0,0
SF204,20220218,20220218,133225000,13:32:25,9430,28455,21518,1332547650,0,0,0
SF204,20220218,20220218,133225500,13:32:26,9430,28455,21518,1332547650,0,0,0
SF204,20220218,20220218,133226000,13:32:27,9430,28455,21518,1332547650,0,0,0
SF204,20220218,20220218,133226500,13:32:27,9430,28455,21518,1332547650,0,0,0
SF204,20220218,20220218,133227000,13:32:27,9430,28455,21518,1332547650,0,0,0
SF204,20220218,20220218,133227500,13:32:32,9430,28455,21518,1332547650,0,0,0
SF204,20220218,20220218,133228000,13:32:32,9430,28455,21518,1332547650,0,0,0
SF204,20220218,20220218,133228500,13:32:32,9430,28455,21518,1332547650,0,0,0
SF204,20220218,20220218,133229000,13:32:33,9428,28457,21519,1332641310,2,1,93660
SF204,20220218,20220218,133232000,13:32:34,9428,28457,21519,1332641310,0,0,0
SF204,20220218,20220218,133232500,13:32:35,9432,28499,21515,1334608170,42,-4,1966860
SF204,20220218,20220218,133234500,13:32:35,9432,28499,21515,1334608170,0,0,0
SF204,20220218,20220218,133235000,13:32:36,9432,28499,21515,1334608170,0,0,0
SF204,20220218,20220218,133235500,13:32:36,9432,28499,21515,1334608170,0,0,0
SF204,20220218,20220218,133236000,13:32:37,9432,28499,21515,1334608170,0,0,0
SF204,20220218,20220218,133236500,13:32:37,9432,28499,21515,1334608170,0,0,0
SF204,20220218,20220218,133237500,13:32:38,9432,28499,21515,1334608170,0,0,0
SF204,20220218,20220218,133238000,13:32:38,9432,28499,21515,1334608170,0,0,0
SF204,20220218,20220218,133238500,13:32:39,9432,28499,21515,1334608170,0,0,0
SF204,20220218,20220218,133239000,13:32:39,9432,28499,21515,1334608170,0,0,0
SF204,20220218,20220218,133239500,13:32:40,9432,28499,21515,1334608170,0,0,0
SF204,20220218,20220218,133240000,13:32:40,9432,28499,21515,1334608170,0,0,0
SF204,20220218,20220218,133240500,13:32:40,9432,28499,21515,1334608170,0,0,0
SF204,20220218,20220218,133241000,13:32:41,9432,28499,21515,1334608170,0,0,0
SF204,20220218,20220218,133241500,13:32:42,9432,28499,21515,1334608170,0,0,0
SF204,20220218,20220218,133242000,13:32:42,9432,28499,21515,1334608170,0,0,0
SF204,20220218,20220218,133242500,13:32:42,9432,28499,21515,1334608170,0,0,0
SF204,20220218,20220218,133243000,13:32:43,9432,28499,21515,1334608170,0,0,0
SF204,20220218,20220218,133243500,13:32:43,9432,28499,21515,1334608170,0,0,0
SF204,20220218,20220218,133244000,13:32:44,9432,28499,21515,1334608170,0,0,0
SF204,20220218,20220218,133244500,13:32:45,9432,28499,21515,1334608170,0,0,0
SF204,20220218,20220218,133246000,13:32:47,9430,28500,21514,1334655000,1,-1,46830
SF204,20220218,20220218,133246500,13:32:47,9428,28510,21513,1335123300,10,-1,468300
SF204,20220218,20220218,133247000,13:32:47,9428,28516,21518,1335404280,6,5,280980
SF204,20220218,20220218,133247500,13:32:48,9428,28516,21518,1335404280,0,0,0
SF204,20220218,20220218,133248000,13:32:48,9428,28516,21518,1335404280,0,0,0
SF204,20220218,20220218,133248500,13:32:49,9428,28516,21518,1335404280,0,0,0
SF204,20220218,20220218,133249000,13:32:49,9424,28536,21519,1336340880,20,1,936600
SF204,20220218,20220218,133249500,13:32:50,9426,28546,21516,1336809180,10,-3,468300
SF204,20220218,20220218,133250000,13:32:52,9426,28546,21516,1336809180,0,0,0
SF204,20220218,20220218,133250500,13:32:52,9426,28546,21516,1336809180,0,0,0
SF204,20220218,20220218,133251000,13:32:52,9428,28557,21515,1337324310,11,-1,515130
SF204,20220218,20220218,133251500,13:32:53,9428,28557,21515,1337324310,0,0,0
SF204,20220218,20220218,133252500,13:32:53,9428,28557,21515,1337324310,0,0,0
SF204,20220218,20220218,133253000,13:32:53,9428,28557,21515,1337324310,0,0,0
SF204,20220218,20220218,133253500,13:32:54,9428,28557,21515,1337324310,0,0,0
SF204,20220218,20220218,133254000,13:32:54,9428,28557,21515,1337324310,0,0,0
SF204,20220218,20220218,133254500,13:32:55,9428,28557,21515,1337324310,0,0,0
SF204,20220218,20220218,133255000,13:32:55,9428,28557,21515,1337324310,0,0,0
SF204,20220218,20220218,133255500,13:32:55,9428,28557,21515,1337324310,0,0,0
SF204,20220218,20220218,133256000,13:32:56,9428,28557,21515,1337324310,0,0,0
SF204,20220218,20220218,133256500,13:32:58,9428,28557,21515,1337324310,0,0,0
SF204,20220218,20220218,133257000,13:32:59,9428,28557,21515,1337324310,0,0,0
SF204,20220218,20220218,133257500,13:33:00,9428,28558,21514,1337371140,1,-1,46830
SF204,20220218,20220218,133258000,13:33:00,9428,28558,21514,1337371140,0,0,0
SF204,20220218,20220218,133259500,13:33:00,9428,28558,21514,1337371140,0,0,0
SF204,20220218,20220218,133300000,13:33:01,9428,28558,21514,1337371140,0,0,0
SF204,20220218,20220218,133300500,13:33:02,9428,28565,21509,1337698950,7,-5,327810
SF204,20220218,20220218,133301000,13:33:02,9430,28569,21505,1337886270,4,-4,187320
SF204,20220218,20220218,133301500,13:33:02,9430,28569,21505,1337886270,0,0,0
SF204,20220218,20220218,133302000,13:33:03,9430,28569,21505,1337886270,0,0,0
SF204,20220218,20220218,133302500,13:33:03,9432,28571,21503,1337979930,2,-2,93660
SF204,20220218,20220218,133303000,13:33:04,9432,28579,21499,1338354570,8,-4,374640
SF204,20220218,20220218,133303500,13:33:04,9432,28579,21499,1338354570,0,0,0
SF204,20220218,20220218,133304000,13:33:04,9432,28579,21499,1338354570,0,0,0
SF204,20220218,20220218,133304500,13:33:05,9432,28579,21499,1338354570,0,0,0
SF204,20220218,20220218,133305000,13:33:05,9432,28579,21499,1338354570,0,0,0
SF204,20220218,20220218,133305500,13:33:05,9432,28579,21499,1338354570,0,0,0
SF204,20220218,20220218,133306000,13:33:06,9432,28579,21499,1338354570,0,0,0
SF204,20220218,20220218,133306500,13:33:06,9434,28580,21499,1338401400,1,0,46830
SF204,20220218,20220218,133307000,13:33:07,9434,28580,21499,1338401400,0,0,0
SF204,20220218,20220218,133307500,13:33:08,9434,28580,21499,1338401400,0,0,0
SF204,20220218,20220218,133308000,13:33:08,9434,28580,21499,1338401400,0,0,0
SF204,20220218,20220218,133308500,13:33:09,9434,28580,21499,1338401400,0,0,0
SF204,20220218,20220218,133309000,13:33:09,9434,28582,21497,1338495060,2,-2,93660
SF204,20220218,20220218,133309500,13:33:11,9434,28584,21497,1338588720,2,0,93660
SF204,20220218,20220218,133310000,13:33:11,9434,28584,21497,1338588720,0,0,0
SF204,20220218,20220218,133310500,13:33:12,9434,28584,21497,1338588720,0,0,0
SF204,20220218,20220218,133311000,13:33:13,9434,28584,21497,1338588720,0,0,0
SF204,20220218,20220218,133311500,13:33:14,9434,28584,21497,1338588720,0,0,0
SF204,20220218,20220218,133312000,13:33:14,9434,28584,21497,1338588720,0,0,0
SF204,20220218,20220218,133313500,13:33:14,9434,28584,21497,1338588720,0,0,0
SF204,20220218,20220218,133314000,13:33:17,9434,28584,21497,1338588720,0,0,0
SF204,20220218,20220218,133314500,13:33:17,9434,28584,21497,1338588720,0,0,0
SF204,20220218,20220218,133315000,13:33:18,9434,28584,21497,1338588720,0,0,0
SF204,20220218,20220218,133315500,13:33:18,9434,28584,21497,1338588720,0,0,0
SF204,20220218,20220218,133317000,13:33:18,9434,28584,21497,1338588720,0,0,0
SF204,20220218,20220218,133318000,13:33:19,9440,28602,21481,1339431660,18,-16,842940
SF204,20220218,20220218,133318500,13:33:19,9442,28605,21481,1339572150,3,0,140490
SF204,20220218,20220218,133319000,13:33:20,9438,28611,21477,1339853130,6,-4,280980
SF204,20220218,20220218,133319500,13:33:21,9438,28614,21474,1339993620,3,-3,140490
SF204,20220218,20220218,133320000,13:33:21,9438,28614,21474,1339993620,0,0,0
SF204,20220218,20220218,133320500,13:33:21,9438,28614,21474,1339993620,0,0,0
SF204,20220218,20220218,133321000,13:33:22,9438,28614,21474,1339993620,0,0,0
SF204,20220218,20220218,133321500,13:33:22,9438,28614,21474,1339993620,0,0,0
SF204,20220218,20220218,133322000,13:33:22,9438,28614,21474,1339993620,0,0,0
SF204,20220218,20220218,133322500,13:33:22,9438,28614,21474,1339993620,0,0,0
SF204,20220218,20220218,133323000,13:33:23,9438,28614,21474,1339993620,0,0,0
SF204,20220218,20220218,133323500,13:33:24,9438,28614,21474,1339993620,0,0,0
SF204,20220218,20220218,133324000,13:33:24,9438,28614,21474,1339993620,0,0,0
SF204,20220218,20220218,133324500,13:33:25,9438,28614,21474,1339993620,0,0,0
SF204,20220218,20220218,133325000,13:33:26,9438,28614,21474,1339993620,0,0,0
SF204,20220218,20220218,133325500,13:33:27,9438,28614,21474,1339993620,0,0,0
SF204,20220218,20220218,133326000,13:33:28,9438,28614,21474,1339993620,0,0,0
SF204,20220218,20220218,133327000,13:33:29,9440,28615,21474,1340040450,1,0,46830
SF204,20220218,20220218,133328500,13:33:30,9440,28615,21474,1340040450,0,0,0
SF204,20220218,20220218,133329500,13:33:30,9440,28615,21474,1340040450,0,0,0
SF204,20220218,20220218,133330000,13:33:30,9440,28615,21474,1340040450,0,0,0
SF204,20220218,20220218,133330500,13:33:32,9440,28615,21474,1340040450,0,0,0
SF204,20220218,20220218,133331000,13:33:32,9440,28615,21474,1340040450,0,0,0
SF204,20220218,20220218,133332000,13:33:32,9438,28626,21464,1340555580,11,-10,515130
SF204,20220218,20220218,133332500,13:33:33,9438,28626,21464,1340555580,0,0,0
SF204,20220218,20220218,133333000,13:33:33,9438,28626,21464,1340555580,0,0,0
SF204,20220218,20220218,133333500,13:33:33,9438,28626,21464,1340555580,0,0,0
SF204,20220218,20220218,133334000,13:33:34,9438,28636,21459,1341023880,10,-5,468300
SF204,20220218,20220218,133334500,13:33:35,9438,28636,21459,1341023880,0,0,0
SF204,20220218,20220218,133335000,13:33:35,9438,28636,21459,1341023880,0,0,0
SF204,20220218,20220218,133335500,13:33:35,9438,28636,21459,1341023880,0,0,0
SF204,20220218,20220218,133336000,13:33:36,9438,28636,21459,1341023880,0,0,0
SF204,20220218,20220218,133336500,13:33:36,9438,28636,21459,1341023880,0,0,0
SF204,20220218,20220218,133337000,13:33:37,9438,28636,21459,1341023880,0,0,0
SF204,20220218,20220218,133337500,13:33:37,9438,28638,21459,1341117540,2,0,93660
SF204,20220218,20220218,133338000,13:33:38,9438,28638,21459,1341117540,0,0,0
SF204,20220218,20220218,133338500,13:33:39,9438,28638,21459,1341117540,0,0,0
SF204,20220218,20220218,133339000,13:33:39,9438,28638,21459,1341117540,0,0,0
SF204,20220218,20220218,133339500,13:33:40,9438,28638,21459,1341117540,0,0,0
SF204,20220218,20220218,133340000,13:33:40,9438,28638,21459,1341117540,0,0,0
SF204,20220218,20220218,133340500,13:33:41,9438,28638,21459,1341117540,0,0,0
SF204,20220218,20220218,133341000,13:33:41,9438,28638,21459,1341117540,0,0,0
SF204,20220218,20220218,133341500,13:33:42,9438,28638,21459,1341117540,0,0,0
SF204,20220218,20220218,133342000,13:33:42,9438,28638,21459,1341117540,0,0,0
SF204,20220218,20220218,133342500,13:33:42,9440,28639,21459,1341164370,1,0,46830
SF204,20220218,20220218,133343000,13:33:43,9440,28639,21459,1341164370,0,0,0
SF204,20220218,20220218,133343500,13:33:44,9440,28639,21459,1341164370,0,0,0
SF204,20220218,20220218,133344000,13:33:45,9438,28644,21459,1341398520,5,0,234150
SF204,20220218,20220218,133344500,13:33:45,9438,28644,21459,1341398520,0,0,0
SF204,20220218,20220218,133345500,13:33:47,9438,28644,21459,1341398520,0,0,0
SF204,20220218,20220218,133346000,13:33:48,9438,28644,21459,1341398520,0,0,0
SF204,20220218,20220218,133346500,13:33:48,9438,28644,21459,1341398520,0,0,0
SF204,20220218,20220218,133347000,13:33:48,9438,28644,21459,1341398520,0,0,0
SF204,20220218,20220218,133347500,13:33:49,9440,28647,21456,1341539010,3,-3,140490
SF204,20220218,20220218,133348000,13:33:49,9440,28649,21455,1341632670,2,-1,93660
SF204,20220218,20220218,133349000,13:33:50,9440,28649,21455,1341632670,0,0,0
SF204,20220218,20220218,133349500,13:33:50,9440,28649,21455,1341632670,0,0,0
SF204,20220218,20220218,133350000,13:33:50,9440,28649,21455,1341632670,0,0,0
SF204,20220218,20220218,133350500,13:33:50,9440,28649,21455,1341632670,0,0,0
SF204,20220218,20220218,133351000,13:33:51,9440,28649,21455,1341632670,0,0,0
SF204,20220218,20220218,133351500,13:33:52,9440,28649,21455,1341632670,0,0,0
SF204,20220218,20220218,133352000,13:33:52,9440,28649,21455,1341632670,0,0,0
SF204,20220218,20220218,133352500,13:33:52,9440,28649,21455,1341632670,0,0,0
SF204,20220218,20220218,133354000,13:33:54,9440,28649,21455,1341632670,0,0,0
SF204,20220218,20220218,133354500,13:33:55,9440,28649,21455,1341632670,0,0,0
SF204,20220218,20220218,133355000,13:33:56,9440,28649,21455,1341632670,0,0,0
SF204,20220218,20220218,133355500,13:33:56,9440,28649,21455,1341632670,0,0,0
SF204,20220218,20220218,133356000,13:33:56,9440,28649,21455,1341632670,0,0,0
SF204,20220218,20220218,133356500,13:33:57,9440,28649,21455,1341632670,0,0,0
SF204,20220218,20220218,133357000,13:33:58,9440,28649,21455,1341632670,0,0,0
SF204,20220218,20220218,133357500,13:33:58,9440,28649,21455,1341632670,0,0,0
SF204,20220218,20220218,133358000,13:33:58,9440,28649,21455,1341632670,0,0,0
SF204,20220218,20220218,133358500,13:33:59,9440,28649,21455,1341632670,0,0,0
SF204,20220218,20220218,133359000,13:33:59,9436,28665,21439,1342381950,16,-16,749280
SF204,20220218,20220218,133359500,13:34:00,9436,28665,21439,1342381950,0,0,0
SF204,20220218,20220218,133400000,13:34:00,9436,28665,21439,1342381950,0,0,0
SF204,20220218,20220218,133400500,13:34:01,9436,28665,21439,1342381950,0,0,0
SF204,20220218,20220218,133401000,13:34:01,9436,28665,21439,1342381950,0,0,0
SF204,20220218,20220218,133401500,13:34:02,9436,28665,21439,1342381950,0,0,0
SF204,20220218,20220218,133402000,13:34:10,9436,28667,21437,1342475610,2,-2,93660
SF204,20220218,20220218,133402500,13:34:10,9436,28667,21437,1342475610,0,0,0
SF204,20220218,20220218,133403000,13:34:10,9436,28667,21437,1342475610,0,0,0
SF204,20220218,20220218,133410000,13:34:11,9436,28667,21437,1342475610,0,0,0
SF204,20220218,20220218,133410500,13:34:12,9440,28751,21378,1346409330,84,-59,3933720
SF204,20220218,20220218,133411000,13:34:12,9440,28753,21376,1346502990,2,-2,93660
SF204,20220218,20220218,133411500,13:34:12,9442,28754,21376,1346549820,1,0,46830
SF204,20220218,20220218,133412000,13:34:12,9442,28754,21376,1346549820,0,0,0
SF204,20220218,20220218,133412500,13:34:13,9442,28754,21376,1346549820,0,0,0
SF204,20220218,20220218,133413000,13:34:13,9442,28765,21365,1347064950,11,-11,515130
SF204,20220218,20220218,133413500,13:34:14,9442,28767,21363,1347158610,2,-2,93660
SF204,20220218,20220218,133414000,13:34:14,9442,28767,21363,1347158610,0,0,0
SF204,20220218,20220218,133414500,13:34:15,9442,28767,21363,1347158610,0,0,0
SF204,20220218,20220218,133415000,13:34:15,9442,28767,21363,1347158610,0,0,0
SF204,20220218,20220218,133415500,13:34:16,9442,28767,21363,1347158610,0,0,0
SF204,20220218,20220218,133416000,13:34:16,9440,28777,21353,1347626910,10,-10,468300
SF204,20220218,20220218,133416500,13:34:17,9440,28777,21353,1347626910,0,0,0
SF204,20220218,20220218,133417000,13:34:17,9442,28778,21352,1347673740,1,-1,46830
SF204,20220218,20220218,133417500,13:34:17,9442,28781,21349,1347814230,3,-3,140490
SF204,20220218,20220218,133418000,13:34:18,9442,28781,21349,1347814230,0,0,0
SF204,20220218,20220218,133418500,13:34:19,9442,28781,21349,1347814230,0,0,0
SF204,20220218,20220218,133419000,13:34:19,9442,28781,21349,1347814230,0,0,0
SF204,20220218,20220218,133420000,13:34:20,9442,28781,21349,1347814230,0,0,0
SF204,20220218,20220218,133420500,13:34:21,9442,28790,21340,1348235700,9,-9,421470
SF204,20220218,20220218,133421000,13:34:23,9442,28790,21340,1348235700,0,0,0
SF204,20220218,20220218,133421500,13:34:24,9442,28792,21340,1348329360,2,0,93660
SF204,20220218,20220218,133423500,13:34:24,9442,28794,21338,1348423020,2,-2,93660
SF204,20220218,20220218,133424000,13:34:24,9442,28794,21338,1348423020,0,0,0
SF204,20220218,20220218,133424500,13:34:24,9442,28794,21338,1348423020,0,0,0
SF204,20220218,20220218,133425000,13:34:25,9442,28794,21338,1348423020,0,0,0
SF204,20220218,20220218,133425500,13:34:26,9442,28794,21338,1348423020,0,0,0
SF204,20220218,20220218,133426000,13:34:26,9442,28794,21338,1348423020,0,0,0
SF204,20220218,20220218,133426500,13:34:26,9442,28794,21338,1348423020,0,0,0
SF204,20220218,20220218,133427000,13:34:27,9442,28794,21338,1348423020,0,0,0
SF204,20220218,20220218,133428000,13:34:28,9444,28795,21338,1348469850,1,0,46830
SF204,20220218,20220218,133428500,13:34:29,9444,28797,21337,1348563510,2,-1,93660
SF204,20220218,20220218,133429000,13:34:29,9444,28799,21335,1348657170,2,-2,93660
SF204,20220218,20220218,133429500,13:34:29,9444,28799,21335,1348657170,0,0,0
SF204,20220218,20220218,133430000,13:34:30,9444,28799,21335,1348657170,0,0,0
SF204,20220218,20220218,133430500,13:34:30,9444,28847,21297,1350905010,48,-38,2247840
SF204,20220218,20220218,133431000,13:34:31,9444,28853,21291,1351185990,6,-6,280980
SF204,20220218,20220218,133431500,13:34:31,9444,28853,21291,1351185990,0,0,0
SF204,20220218,20220218,133432000,13:34:32,9444,28855,21289,1351279650,2,-2,93660
SF204,20220218,20220218,133432500,13:34:32,9444,28858,21286,1351420140,3,-3,140490
SF204,20220218,20220218,133433000,13:34:33,9442,28861,21283,1351560630,3,-3,140490
SF204,20220218,20220218,133433500,13:34:34,9442,28861,21283,1351560630,0,0,0
SF204,20220218,20220218,133434000,13:34:34,9442,28861,21283,1351560630,0,0,0
SF204,20220218,20220218,133434500,13:34:35,9442,28861,21283,1351560630,0,0,0
SF204,20220218,20220218,133435000,13:34:35,9442,28861,21283,1351560630,0,0,0
SF204,20220218,20220218,133435500,13:34:36,9442,28861,21283,1351560630,0,0,0
SF204,20220218,20220218,133436000,13:34:36,9442,28861,21283,1351560630,0,0,0
SF204,20220218,20220218,133436500,13:34:36,9442,28861,21283,1351560630,0,0,0
SF204,20220218,20220218,133437000,13:34:37,9442,28861,21283,1351560630,0,0,0
SF204,20220218,20220218,133437500,13:34:38,9442,28861,21283,1351560630,0,0,0
SF204,20220218,20220218,133438000,13:34:38,9442,28861,21283,1351560630,0,0,0
SF204,20220218,20220218,133438500,13:34:39,9442,28861,21283,1351560630,0,0,0
SF204,20220218,20220218,133439000,13:34:39,9442,28861,21283,1351560630,0,0,0
SF204,20220218,20220218,133439500,13:34:40,9442,28861,21283,1351560630,0,0,0
SF204,20220218,20220218,133440500,13:34:41,9442,28861,21283,1351560630,0,0,0
SF204,20220218,20220218,133441500,13:34:43,9442,28861,21283,1351560630,0,0,0
SF204,20220218,20220218,133442000,13:34:44,9442,28861,21283,1351560630,0,0,0
SF204,20220218,20220218,133442500,13:34:44,9442,28861,21283,1351560630,0,0,0
SF204,20220218,20220218,133443000,13:34:45,9442,28861,21283,1351560630,0,0,0
SF204,20220218,20220218,133443500,13:34:45,9438,28871,21273,1352317640,10,-10,757010
SF204,20220218,20220218,133444000,13:34:45,9438,28871,21273,1352317640,0,0,0
SF204,20220218,20220218,133445000,13:34:46,9438,28871,21273,1352317640,0,0,0
SF204,20220218,20220218,133446000,13:34:46,9438,28871,21273,1352317640,0,0,0
SF204,20220218,20220218,133446500,13:34:47,9438,28871,21273,1352317640,0,0,0
SF204,20220218,20220218,133447000,13:34:47,9438,28871,21273,1352317640,0,0,0
SF204,20220218,20220218,133447500,13:34:47,9438,28871,21273,1352317640,0,0,0
SF204,20220218,20220218,133448000,13:34:48,9438,28871,21273,1352317640,0,0,0
SF204,20220218,20220218,133448500,13:34:49,9438,28871,21273,1352317640,0,0,0
SF204,20220218,20220218,133449000,13:34:49,9438,28871,21273,1352317640,0,0,0
SF204,20220218,20220218,133449500,13:34:49,9438,28871,21273,1352317640,0,0,0
SF204,20220218,20220218,133450000,13:34:51,9436,28879,21265,1352692360,8,-8,374720
SF204,20220218,20220218,133450500,13:34:51,9436,28880,21265,1352739200,1,0,46840
SF204,20220218,20220218,133451000,13:34:51,9436,28880,21265,1352739200,0,0,0
SF204,20220218,20220218,133451500,13:34:52,9436,28880,21265,1352739200,0,0,0
SF204,20220218,20220218,133452500,13:34:53,9436,28880,21265,1352739200,0,0,0
SF204,20220218,20220218,133453000,13:34:53,9436,28880,21265,1352739200,0,0,0
SF204,20220218,20220218,133453500,13:34:55,9436,28880,21265,1352739200,0,0,0
SF204,20220218,20220218,133454000,13:34:56,9436,28880,21265,1352739200,0,0,0
SF204,20220218,20220218,133454500,13:34:56,9436,28880,21265,1352739200,0,0,0
SF204,20220218,20220218,133455500,13:34:56,9436,28880,21265,1352739200,0,0,0
SF204,20220218,20220218,133456000,13:34:56,9436,28880,21265,1352739200,0,0,0
SF204,20220218,20220218,133456500,13:34:57,9434,28883,21262,1352879720,3,-3,140520
SF204,20220218,20220218,133457000,13:34:57,9434,28883,21262,1352879720,0,0,0
SF204,20220218,20220218,133458000,13:34:58,9438,28884,21261,1352926560,1,-1,46840
SF204,20220218,20220218,133458500,13:34:59,9438,28884,21261,1352926560,0,0,0
SF204,20220218,20220218,133459000,13:34:59,9438,28884,21261,1352926560,0,0,0
SF204,20220218,20220218,133501000,13:35:04,9438,28884,21261,1352926560,0,0,0
SF204,20220218,20220218,133501500,13:35:05,9438,28884,21261,1352926560,0,0,0
SF204,20220218,20220218,133502000,13:35:10,9438,28884,21261,1352926560,0,0,0
SF204,20220218,20220218,133504500,13:35:10,9438,28884,21261,1352926560,0,0,0
SF204,20220218,20220218,133510000,13:35:10,9438,28884,21261,1352926560,0,0,0
SF204,20220218,20220218,133510500,13:35:11,9438,28884,21261,1352926560,0,0,0
SF204,20220218,20220218,133511500,13:35:12,9436,28902,21254,1353769680,18,-7,843120
SF204,20220218,20220218,133512000,13:35:13,9436,28902,21254,1353769680,0,0,0
SF204,20220218,20220218,133512500,13:35:13,9436,28902,21254,1353769680,0,0,0
SF204,20220218,20220218,133513000,13:35:13,9436,28902,21254,1353769680,0,0,0
SF204,20220218,20220218,133513500,13:35:14,9436,28902,21254,1353769680,0,0,0
SF204,20220218,20220218,133514000,13:35:14,9436,28902,21254,1353769680,0,0,0
SF204,20220218,20220218,133514500,13:35:15,9436,28902,21254,1353769680,0,0,0
SF204,20220218,20220218,133515000,13:35:15,9436,28902,21254,1353769680,0,0,0
SF204,20220218,20220218,133515500,13:35:16,9436,28902,21254,1353769680,0,0,0
SF204,20220218,20220218,133516000,13:35:16,9442,28904,21252,1353863360,2,-2,93680
SF204,20220218,20220218,133516500,13:35:17,9442,28912,21245,1354238080,8,-7,374720
SF204,20220218,20220218,133517000,13:35:17,9442,28915,21242,1354378600,3,-3,140520
SF204,20220218,20220218,133517500,13:35:18,9442,28915,21242,1354378600,0,0,0
SF204,20220218,20220218,133518000,13:35:19,9442,28917,21240,1354472280,2,-2,93680
SF204,20220218,20220218,133518500,13:35:19,9442,28917,21240,1354472280,0,0,0
SF204,20220218,20220218,133519000,13:35:19,9442,28917,21240,1354472280,0,0,0
SF204,20220218,20220218,133519500,13:35:20,9442,28917,21240,1354472280,0,0,0
SF204,20220218,20220218,133520000,13:35:20,9442,28917,21240,1354472280,0,0,0
SF204,20220218,20220218,133520500,13:35:21,9442,28917,21240,1354472280,0,0,0
SF204,20220218,20220218,133521000,13:35:22,9442,28917,21240,1354472280,0,0,0
SF204,20220218,20220218,133521500,13:35:22,9442,28917,21240,1354472280,0,0,0
SF204,20220218,20220218,133522000,13:35:22,9442,28917,21240,1354472280,0,0,0
SF204,20220218,20220218,133522500,13:35:23,9442,28917,21240,1354472280,0,0,0
SF204,20220218,20220218,133523500,13:35:23,9442,28917,21240,1354472280,0,0,0
SF204,20220218,20220218,133524000,13:35:25,9442,28917,21240,1354472280,0,0,0
SF204,20220218,20220218,133524500,13:35:25,9442,28917,21240,1354472280,0,0,0
SF204,20220218,20220218,133525000,13:35:25,9442,28917,21240,1354472280,0,0,0
SF204,20220218,20220218,133525500,13:35:26,9444,28922,21239,1354706480,5,-1,234200
SF204,20220218,20220218,133526000,13:35:26,9444,28923,21238,1354753320,1,-1,46840
SF204,20220218,20220218,133526500,13:35:27,9444,28923,21238,1354753320,0,0,0
SF204,20220218,20220218,133527500,13:35:31,9444,28923,21238,1354753320,0,0,0
SF204,20220218,20220218,133528000,13:35:32,9444,28923,21238,1354753320,0,0,0
SF204,20220218,20220218,133531000,13:35:32,9446,28924,21237,1354800160,1,-1,46840
SF204,20220218,20220218,133531500,13:35:41,9446,28927,21234,1354940680,3,-3,140520
SF204,20220218,20220218,133540500,13:35:43,9446,28927,21234,1354940680,0,0,0
SF204,20220218,20220218,133542000,13:35:43,9446,28951,21213,1356064840,24,-21,1124160
SF204,20220218,20220218,133542500,13:35:44,9446,28951,21213,1356064840,0,0,0
SF204,20220218,20220218,133543000,13:35:44,9446,28952,21213,1356111680,1,0,46840
SF204,20220218,20220218,133544000,13:35:45,9446,28953,21213,1356158520,1,0,46840
SF204,20220218,20220218,133544500,13:35:45,9446,28953,21213,1356158520,0,0,0
SF204,20220218,20220218,133545000,13:35:46,9446,28953,21213,1356158520,0,0,0
SF204,20220218,20220218,133545500,13:35:46,9446,28953,21213,1356158520,0,0,0
SF204,20220218,20220218,133546000,13:35:46,9446,28953,21213,1356158520,0,0,0
SF204,20220218,20220218,133546500,13:35:46,9442,28954,21213,1356205360,1,0,46840
SF204,20220218,20220218,133547000,13:35:47,9442,28954,21213,1356205360,0,0,0
SF204,20220218,20220218,133547500,13:35:48,9442,28954,21213,1356205360,0,0,0
SF204,20220218,20220218,133548000,13:35:48,9440,28955,21213,1356252200,1,0,46840
SF204,20220218,20220218,133548500,13:35:48,9440,28955,21213,1356252200,0,0,0
SF204,20220218,20220218,133549000,13:35:49,9440,28956,21214,1356299040,1,1,46840
SF204,20220218,20220218,133549500,13:35:49,9440,28957,21215,1356345880,1,1,46840
SF204,20220218,20220218,133550000,13:35:50,9440,28957,21215,1356345880,0,0,0
SF204,20220218,20220218,133550500,13:35:51,9440,28958,21216,1356392720,1,1,46840
SF204,20220218,20220218,133551000,13:35:51,9440,28958,21216,1356392720,0,0,0
SF204,20220218,20220218,133551500,13:35:52,9440,28958,21216,1356392720,0,0,0
SF204,20220218,20220218,133552000,13:35:52,9440,28958,21216,1356392720,0,0,0
SF204,20220218,20220218,133552500,13:35:52,9442,28959,21216,1356439560,1,0,46840
SF204,20220218,20220218,133553000,13:35:53,9442,28959,21216,1356439560,0,0,0
SF204,20220218,20220218,133554000,13:35:55,9442,28959,21216,1356439560,0,0,0
SF204,20220218,20220218,133554500,13:35:55,9442,28959,21216,1356439560,0,0,0
SF204,20220218,20220218,133555000,13:35:56,9442,28959,21216,1356439560,0,0,0
SF204,20220218,20220218,133555500,13:35:56,9442,28959,21216,1356439560,0,0,0
SF204,20220218,20220218,133556000,13:35:56,9442,28959,21216,1356439560,0,0,0
SF204,20220218,20220218,133556500,13:35:57,9436,28960,21216,1356486400,1,0,46840
SF204,20220218,20220218,133557000,13:35:59,9436,28960,21216,1356486400,0,0,0
SF204,20220218,20220218,133558000,13:36:01,9436,28960,21216,1356486400,0,0,0
SF204,20220218,20220218,133559500,13:36:03,9436,28960,21216,1356486400,0,0,0
SF204,20220218,20220218,133601500,13:36:03,9436,28960,21216,1356486400,0,0,0
SF204,20220218,20220218,133602500,13:36:03,9436,28960,21216,1356486400,0,0,0
SF204,20220218,20220218,133603000,13:36:05,9436,28960,21216,1356486400,0,0,0
SF204,20220218,20220218,133603500,13:36:05,9436,28960,21216,1356486400,0,0,0
SF204,20220218,20220218,133604000,13:36:06,9436,28960,21216,1356486400,0,0,0
SF204,20220218,20220218,133605000,13:36:06,9436,28960,21216,1356486400,0,0,0
SF204,20220218,20220218,133605500,13:36:07,9436,28960,21216,1356486400,0,0,0
SF204,20220218,20220218,133606000,13:36:07,9436,28960,21216,1356486400,0,0,0
SF204,20220218,20220218,133606500,13:36:07,9436,28960,21216,1356486400,0,0,0
SF204,20220218,20220218,133607000,13:36:08,9436,28960,21216,1356486400,0,0,0
SF204,20220218,20220218,133607500,13:36:08,9436,28960,21216,1356486400,0,0,0
SF204,20220218,20220218,133608000,13:36:08,9436,28960,21216,1356486400,0,0,0
SF204,20220218,20220218,133608500,13:36:08,9436,28960,21216,1356486400,0,0,0
SF204,20220218,20220218,133609000,13:36:09,9436,28960,21216,1356486400,0,0,0
SF204,20220218,20220218,133610000,13:36:11,9436,28960,21216,1356486400,0,0,0
