SF203,20220218,20220218,112003000,11:20:04,9464,1646,7200,76901120,1646,-8,76901120
SF203,20220218,20220218,112004500,11:20:09,9462,1647,7200,76947840,1,0,46720
SF203,20220218,20220218,112005000,11:20:10,9462,1647,7200,76947840,0,0,0
SF203,20220218,20220218,112006000,11:20:10,9462,1647,7200,76947840,0,0,0
SF203,20220218,20220218,112006500,11:20:10,9462,1647,7200,76947840,0,0,0
SF203,20220218,20220218,112007000,11:20:10,9462,1647,7200,76947840,0,0,0
SF203,20220218,20220218,112007500,11:20:10,9462,1647,7200,76947840,0,0,0
SF203,20220218,20220218,112008000,11:20:10,9462,1647,7200,76947840,0,0,0
SF203,20220218,20220218,112009000,11:20:10,9462,1647,7200,76947840,0,0,0
SF203,20220218,20220218,112010000,11:20:10,9462,1647,7200,76947840,0,0,0
SF203,20220218,20220218,112010500,11:20:10,9462,1647,7200,76947840,0,0,0
SF203,20220218,20220218,112011000,11:20:11,9462,1647,7200,76947840,0,0,0
SF203,20220218,20220218,112011500,11:20:12,9462,1647,7200,76947840,0,0,0
SF203,20220218,20220218,112012000,11:20:12,9462,1647,7200,76947840,0,0,0
SF203,20220218,20220218,112012500,11:20:12,9462,1647,7200,76947840,0,0,0
SF203,20220218,20220218,112013000,11:20:13,9462,1647,7200,76947840,0,0,0
SF203,20220218,20220218,112013500,11:20:13,9462,1647,7200,76947840,0,0,0
SF203,20220218,20220218,112014000,11:20:14,9462,1647,7200,76947840,0,0,0
SF203,20220218,20220218,112014500,11:20:14,9462,1647,7200,76947840,0,0,0
SF203,20220218,20220218,112015000,11:20:15,9462,1647,7200,76947840,0,0,0
SF203,20220218,20220218,112015500,11:20:16,9462,1647,7200,76947840,0,0,0
SF203,20220218,20220218,112018000,11:20:18,9462,1647,7200,76947840,0,0,0
SF203,20220218,20220218,112018500,11:20:18,9462,1647,7200,76947840,0,0,0
SF203,20220218,20220218,112019000,11:20:19,9462,1647,7200,76947840,0,0,0
SF203,20220218,20220218,112019500,11:20:20,9462,1647,7200,76947840,0,0,0
SF203,20220218,20220218,112020000,11:20:20,9462,1647,7200,76947840,0,0,0
SF203,20220218,20220218,112021000,11:20:21,9462,1647,7200,76947840,0,0,0
SF203,20220218,20220218,112021500,11:20:21,9462,1647,7200,76947840,0,0,0
SF203,20220218,20220218,112022000,11:20:22,9462,1647,7200,76947840,0,0,0
SF203,20220218,20220218,112022500,11:20:23,9462,1647,7200,76947840,0,0,0
SF203,20220218,20220218,112023000,11:20:23,9462,1647,7200,76947840,0,0,0
SF203,20220218,20220218,112023500,11:20:23,9462,1647,7200,76947840,0,0,0
SF203,20220218,20220218,112024000,11:20:24,9462,1647,7200,76947840,0,0,0
SF203,20220218,20220218,112024500,11:20:24,9462,1647,7200,76947840,0,0,0
SF203,20220218,20220218,112025000,11:20:25,9462,1647,7200,76947840,0,0,0
SF203,20220218,20220218,112025500,11:20:26,9462,1647,7200,76947840,0,0,0
SF203,20220218,20220218,112026000,11:20:26,9462,1647,7200,76947840,0,0,0
SF203,20220218,20220218,112026500,11:20:26,9462,1647,7200,76947840,0,0,0
SF203,20220218,20220218,112027500,11:20:27,9462,1647,7200,76947840,0,0,0
SF203,20220218,20220218,112028000,11:20:28,9462,1647,7200,76947840,0,0,0
SF203,20220218,20220218,112028500,11:20:28,9462,1647,7200,76947840,0,0,0
SF203,20220218,20220218,112029000,11:20:29,9462,1647,7200,76947840,0,0,0
SF203,20220218,20220218,112029500,11:20:30,9462,1647,7200,76947840,0,0,0
SF203,20220218,20220218,112030000,11:20:31,9462,1647,7200,76947840,0,0,0
SF203,20220218,20220218,112030500,11:20:31,9462,1647,7200,76947840,0,0,0
SF203,20220218,20220218,112031000,11:20:31,9462,1647,7200,76947840,0,0,0
SF203,20220218,20220218,112031500,11:20:32,9462,1647,7200,76947840,0,0,0
SF203,20220218,20220218,112032000,11:20:32,9462,1647,7200,76947840,0,0,0
SF203,20220218,20220218,112032500,11:20:32,9462,1647,7200,76947840,0,0,0
SF203,20220218,20220218,112033000,11:20:33,9462,1647,7200,76947840,0,0,0
SF203,20220218,20220218,112034000,11:20:34,9462,1647,7200,76947840,0,0,0
SF203,20220218,20220218,112034500,11:20:34,9462,1649,7198,77041280,2,-2,93440
SF203,20220218,20220218,112035500,11:20:35,9462,1649,7198,77041280,0,0,0
SF203,20220218,20220218,112036000,11:20:36,9462,1649,7198,77041280,0,0,0
SF203,20220218,20220218,112037500,11:20:38,9462,1649,7198,77041280,0,0,0
SF203,20220218,20220218,112038000,11:20:38,9462,1649,7198,77041280,0,0,0
SF203,20220218,20220218,112038500,11:20:38,9462,1649,7198,77041280,0,0,0
SF203,20220218,20220218,112039000,11:20:39,9462,1649,7198,77041280,0,0,0
SF203,20220218,20220218,112039500,11:20:39,9462,1649,7198,77041280,0,0,0
SF203,20220218,20220218,112043000,11:20:43,9462,1649,7198,77041280,0,0,0
SF203,20220218,20220218,112043500,11:20:44,9462,1649,7198,77041280,0,0,0
SF203,20220218,20220218,112045000,11:20:45,9462,1649,7198,77041280,0,0,0
SF203,20220218,20220218,112046000,11:20:46,9462,1649,7198,77041280,0,0,0
SF203,20220218,20220218,112046500,11:20:46,9462,1649,7198,77041280,0,0,0
SF203,20220218,20220218,112047000,11:20:47,9462,1649,7198,77041280,0,0,0
SF203,20220218,20220218,112047500,11:20:48,9462,1649,7198,77041280,0,0,0
SF203,20220218,20220218,112048000,11:20:48,9462,1649,7198,77041280,0,0,0
SF203,20220218,20220218,112048500,11:20:50,9462,1649,7198,77041280,0,0,0
SF203,20220218,20220218,112049000,11:20:50,9462,1649,7198,77041280,0,0,0
SF203,20220218,20220218,112049500,11:20:50,9462,1649,7198,77041280,0,0,0
SF203,20220218,20220218,112050000,11:20:50,9462,1649,7198,77041280,0,0,0
SF203,20220218,20220218,112051000,11:20:51,9462,1649,7198,77041280,0,0,0
SF203,20220218,20220218,112051500,11:20:51,9462,1649,7198,77041280,0,0,0
SF203,20220218,20220218,112052000,11:20:53,9462,1649,7198,77041280,0,0,0
SF203,20220218,20220218,112052500,11:20:53,9462,1649,7198,77041280,0,0,0
SF203,20220218,20220218,112053000,11:20:53,9462,1649,7198,77041280,0,0,0
SF203,20220218,20220218,112053500,11:20:53,9462,1649,7198,77041280,0,0,0
SF203,20220218,20220218,112055500,11:20:56,9462,1649,7198,77041280,0,0,0
SF203,20220218,20220218,112056000,11:20:56,9462,1649,7198,77041280,0,0,0
SF203,20220218,20220218,112056500,11:20:56,9462,1649,7198,77041280,0,0,0
SF203,20220218,20220218,112057000,11:20:58,9462,1652,7195,77197960,3,-3,156680
SF203,20220218,20220218,112057500,11:20:58,9462,1652,7195,77197960,0,0,0
SF203,20220218,20220218,112058000,11:20:58,9462,1652,7195,77197960,0,0,0
SF203,20220218,20220218,112058500,11:20:59,9462,1652,7195,77197960,0,0,0
SF203,20220218,20220218,112059000,11:20:59,9462,1652,7195,77197960,0,0,0
SF203,20220218,20220218,112059500,11:21:00,9462,1652,7195,77197960,0,0,0
SF203,20220218,20220218,112100500,11:21:00,9462,1652,7195,77197960,0,0,0
SF203,20220218,20220218,112101000,11:21:01,9462,1652,7195,77197960,0,0,0
SF203,20220218,20220218,112101500,11:21:02,9462,1652,7195,77197960,0,0,0
SF203,20220218,20220218,112102000,11:21:02,9462,1652,7195,77197960,0,0,0
SF203,20220218,20220218,112102500,11:21:03,9462,1652,7195,77197960,0,0,0
SF203,20220218,20220218,112103000,11:21:03,9462,1652,7195,77197960,0,0,0
SF203,20220218,20220218,112103500,11:21:04,9462,1652,7195,77197960,0,0,0
SF203,20220218,20220218,112104000,11:21:04,9462,1652,7195,77197960,0,0,0
SF203,20220218,20220218,112104500,11:21:05,9462,1652,7195,77197960,0,0,0
SF203,20220218,20220218,112105000,11:21:05,9462,1652,7195,77197960,0,0,0
SF203,20220218,20220218,112105500,11:21:06,9464,1655,7192,77338150,3,-3,140190
SF203,20220218,20220218,112106000,11:21:07,9464,1655,7192,77338150,0,0,0
SF203,20220218,20220218,112106500,11:21:07,9464,1655,7192,77338150,0,0,0
SF203,20220218,20220218,112107000,11:21:10,9464,1655,7192,77338150,0,0,0
SF203,20220218,20220218,112107500,11:21:10,9464,1655,7192,77338150,0,0,0
SF203,20220218,20220218,112108000,11:21:10,9464,1655,7192,77338150,0,0,0
SF203,20220218,20220218,112108500,11:21:10,9464,1655,7192,77338150,0,0,0
SF203,20220218,20220218,112109500,11:21:10,9464,1655,7192,77338150,0,0,0
SF203,20220218,20220218,112110500,11:21:11,9464,1660,7197,77571800,5,5,233650
SF203,20220218,20220218,112111000,11:21:11,9464,1660,7197,77571800,0,0,0
SF203,20220218,20220218,112112500,11:21:13,9464,1660,7197,77571800,0,0,0
SF203,20220218,20220218,112113000,11:21:13,9464,1660,7197,77571800,0,0,0
SF203,20220218,20220218,112113500,11:21:13,9464,1660,7197,77571800,0,0,0
SF203,20220218,20220218,112114000,11:21:14,9464,1660,7197,77571800,0,0,0
SF203,20220218,20220218,112114500,11:21:14,9464,1660,7197,77571800,0,0,0
SF203,20220218,20220218,112115000,11:21:15,9464,1660,7197,77571800,0,0,0
SF203,20220218,20220218,112116500,11:21:16,9464,1660,7197,77571800,0,0,0
SF203,20220218,20220218,112117000,11:21:17,9464,1660,7197,77571800,0,0,0
SF203,20220218,20220218,112117500,11:21:18,9464,1660,7197,77571800,0,0,0
SF203,20220218,20220218,112118000,11:21:18,9464,1660,7197,77571800,0,0,0
SF203,20220218,20220218,112118500,11:21:18,9464,1660,7197,77571800,0,0,0
SF203,20220218,20220218,112121500,11:21:22,9464,1660,7197,77571800,0,0,0
SF203,20220218,20220218,112122000,11:21:22,9464,1660,7197,77571800,0,0,0
SF203,20220218,20220218,112123500,11:21:23,9464,1660,7197,77571800,0,0,0
SF203,20220218,20220218,112332500,11:23:33,9452,1671,7198,78085830,11,1,514030
SF203,20220218,20220218,112334500,11:23:34,9452,1671,7198,78085830,0,0,0
SF203,20220218,20220218,112335500,11:23:35,9452,1671,7198,78085830,0,0,0
SF203,20220218,20220218,112336000,11:23:36,9452,1671,7198,78085830,0,0,0
SF203,20220218,20220218,112337000,11:23:38,9452,1671,7198,78085830,0,0,0
SF203,20220218,20220218,112338500,11:23:38,9452,1671,7198,78085830,0,0,0
SF203,20220218,20220218,112339000,11:23:39,9452,1671,7198,78085830,0,0,0
SF203,20220218,20220218,112339500,11:23:39,9452,1671,7198,78085830,0,0,0
SF203,20220218,20220218,112340000,11:23:40,9452,1671,7198,78085830,0,0,0
SF203,20220218,20220218,112341000,11:23:41,9454,1672,7197,78132560,1,-1,46730
SF203,20220218,20220218,112341500,11:23:41,9454,1672,7197,78132560,0,0,0
SF203,20220218,20220218,112342000,11:23:42,9454,1672,7197,78132560,0,0,0
SF203,20220218,20220218,112343000,11:23:43,9454,1672,7197,78132560,0,0,0
SF203,20220218,20220218,112343500,11:23:43,9454,1672,7197,78132560,0,0,0
SF203,20220218,20220218,112344000,11:23:45,9454,1672,7197,78132560,0,0,0
SF203,20220218,20220218,112345000,11:23:48,9454,1672,7197,78132560,0,0,0
SF203,20220218,20220218,112345500,11:23:48,9454,1672,7197,78132560,0,0,0
SF203,20220218,20220218,112347000,11:23:48,9454,1672,7197,78132560,0,0,0
SF203,20220218,20220218,112348500,11:23:49,9454,1672,7197,78132560,0,0,0
SF203,20220218,20220218,112349000,11:23:49,9454,1672,7197,78132560,0,0,0
SF203,20220218,20220218,112350500,11:23:50,9456,1676,7201,78319480,4,4,186920
SF203,20220218,20220218,112351500,11:23:51,9456,1676,7201,78319480,0,0,0
SF203,20220218,20220218,112353000,11:23:53,9456,1676,7201,78319480,0,0,0
SF203,20220218,20220218,112353500,11:23:53,9456,1676,7201,78319480,0,0,0
SF203,20220218,20220218,112354000,11:23:54,9456,1676,7201,78319480,0,0,0
SF203,20220218,20220218,112355000,11:23:55,9456,1676,7201,78319480,0,0,0
SF203,20220218,20220218,112355500,11:23:55,9456,1676,7201,78319480,0,0,0
SF203,20220218,20220218,112356000,11:23:56,9456,1676,7201,78319480,0,0,0
SF203,20220218,20220218,112356500,11:23:56,9456,1676,7201,78319480,0,0,0
SF203,20220218,20220218,112357000,11:23:57,9456,1676,7201,78319480,0,0,0
SF203,20220218,20220218,112357500,11:23:57,9456,1676,7201,78319480,0,0,0
SF203,20220218,20220218,112358000,11:23:58,9456,1676,7201,78319480,0,0,0
SF203,20220218,20220218,112358500,11:23:58,9456,1676,7201,78319480,0,0,0
SF203,20220218,20220218,112359000,11:23:59,9456,1676,7201,78319480,0,0,0
SF203,20220218,20220218,112400000,11:24:00,9456,1676,7201,78319480,0,0,0
SF203,20220218,20220218,112400500,11:24:00,9456,1676,7201,78319480,0,0,0
SF203,20220218,20220218,112401500,11:24:01,9456,1676,7201,78319480,0,0,0
SF203,20220218,20220218,112402000,11:24:02,9456,1676,7201,78319480,0,0,0
SF203,20220218,20220218,112402500,11:24:02,9456,1676,7201,78319480,0,0,0
SF203,20220218,20220218,112403000,11:24:03,9456,1676,7201,78319480,0,0,0
SF203,20220218,20220218,112404000,11:24:04,9456,1676,7201,78319480,0,0,0
SF203,20220218,20220218,112405000,11:24:05,9456,1676,7201,78319480,0,0,0
SF203,20220218,20220218,112405500,11:24:05,9456,1676,7201,78319480,0,0,0
SF203,20220218,20220218,112406500,11:24:06,9456,1676,7201,78319480,0,0,0
SF203,20220218,20220218,112407000,11:24:07,9456,1676,7201,78319480,0,0,0
SF203,20220218,20220218,112407500,11:24:07,9456,1676,7201,78319480,0,0,0
SF203,20220218,20220218,112408000,11:24:08,9456,1676,7201,78319480,0,0,0
SF203,20220218,20220218,112408500,11:24:08,9456,1676,7201,78319480,0,0,0
SF203,20220218,20220218,112409000,11:24:09,9456,1676,7201,78319480,0,0,0
SF203,20220218,20220218,112409500,11:24:11,9456,1676,7201,78319480,0,0,0
SF203,20220218,20220218,112410500,11:24:12,9456,1676,7201,78319480,0,0,0
SF203,20220218,20220218,112411500,11:24:12,9456,1676,7201,78319480,0,0,0
SF203,20220218,20220218,112413000,11:24:13,9456,1677,7200,78366210,1,-1,46730
SF203,20220218,20220218,112415000,11:24:15,9456,1677,7200,78366210,0,0,0
SF203,20220218,20220218,112415500,11:24:15,9456,1677,7200,78366210,0,0,0
SF203,20220218,20220218,112416500,11:24:16,9456,1677,7200,78366210,0,0,0
SF203,20220218,20220218,112417000,11:24:17,9456,1677,7200,78366210,0,0,0
SF203,20220218,20220218,112417500,11:24:18,9456,1677,7200,78366210,0,0,0
SF203,20220218,20220218,112418000,11:24:18,9454,1678,7199,78412940,1,-1,46730
SF203,20220218,20220218,112418500,11:24:19,9454,1678,7199,78412940,0,0,0
SF203,20220218,20220218,112422000,11:24:22,9454,1678,7199,78412940,0,0,0
SF203,20220218,20220218,112422500,11:24:23,9454,1678,7199,78412940,0,0,0
SF203,20220218,20220218,112423000,11:24:23,9454,1678,7199,78412940,0,0,0
SF203,20220218,20220218,112423500,11:24:23,9454,1678,7199,78412940,0,0,0
SF203,20220218,20220218,112424000,11:24:24,9454,1678,7199,78412940,0,0,0
SF203,20220218,20220218,112424500,11:24:24,9454,1678,7199,78412940,0,0,0
SF203,20220218,20220218,112425000,11:24:25,9454,1678,7199,78412940,0,0,0
SF203,20220218,20220218,112425500,11:24:25,9456,1679,7198,78459670,1,-1,46730
SF203,20220218,20220218,112428000,11:24:28,9456,1679,7198,78459670,0,0,0
SF203,20220218,20220218,112428500,11:24:28,9456,1679,7198,78459670,0,0,0
SF203,20220218,20220218,112429000,11:24:29,9456,1679,7198,78459670,0,0,0
SF203,20220218,20220218,112429500,11:24:29,9456,1679,7198,78459670,0,0,0
SF203,20220218,20220218,112430000,11:24:30,9456,1679,7198,78459670,0,0,0
SF203,20220218,20220218,112430500,11:24:30,9456,1679,7198,78459670,0,0,0
SF203,20220218,20220218,112431500,11:24:31,9456,1679,7198,78459670,0,0,0
SF203,20220218,20220218,112432000,11:24:32,9456,1679,7198,78459670,0,0,0
SF203,20220218,20220218,112432500,11:24:32,9456,1679,7198,78459670,0,0,0
SF203,20220218,20220218,112433000,11:24:33,9456,1679,7198,78459670,0,0,0
SF203,20220218,20220218,112433500,11:24:33,9456,1679,7198,78459670,0,0,0
SF203,20220218,20220218,112434000,11:24:34,9456,1679,7198,78459670,0,0,0
SF203,20220218,20220218,112436500,11:24:36,9456,1679,7198,78459670,0,0,0
SF203,20220218,20220218,112437000,11:24:37,9456,1679,7198,78459670,0,0,0
SF203,20220218,20220218,112437500,11:24:37,9456,1679,7198,78459670,0,0,0
SF203,20220218,20220218,112438000,11:24:39,9460,1680,7197,78506400,1,-1,46730
SF203,20220218,20220218,112438500,11:24:39,9460,1680,7197,78506400,0,0,0
SF203,20220218,20220218,112439000,11:24:40,9460,1680,7197,78506400,0,0,0
SF203,20220218,20220218,112439500,11:24:40,9460,1680,7197,78506400,0,0,0
SF203,20220218,20220218,112440000,11:24:40,9460,1680,7197,78506400,0,0,0
SF203,20220218,20220218,112440500,11:24:40,9460,1680,7197,78506400,0,0,0
SF203,20220218,20220218,112441000,11:24:41,9460,1680,7197,78506400,0,0,0
SF203,20220218,20220218,112442000,11:24:42,9460,1680,7197,78506400,0,0,0
SF203,20220218,20220218,112442500,11:24:42,9460,1680,7197,78506400,0,0,0
SF203,20220218,20220218,112443000,11:24:43,9460,1680,7197,78506400,0,0,0
SF203,20220218,20220218,112443500,11:24:43,9460,1680,7197,78506400,0,0,0
SF203,20220218,20220218,112444000,11:24:44,9460,1680,7197,78506400,0,0,0
SF203,20220218,20220218,112444500,11:24:44,9460,1680,7197,78506400,0,0,0
SF203,20220218,20220218,112445000,11:24:45,9460,1680,7197,78506400,0,0,0
SF203,20220218,20220218,112445500,11:24:45,9460,1680,7197,78506400,0,0,0
SF203,20220218,20220218,112446000,11:24:46,9460,1680,7197,78506400,0,0,0
SF203,20220218,20220218,112446500,11:24:46,9460,1680,7197,78506400,0,0,0
SF203,20220218,20220218,112447000,11:24:47,9460,1680,7197,78506400,0,0,0
SF203,20220218,20220218,112447500,11:24:47,9460,1680,7197,78506400,0,0,0
SF203,20220218,20220218,112448000,11:24:48,9460,1680,7197,78506400,0,0,0
SF203,20220218,20220218,112448500,11:24:48,9460,1680,7197,78506400,0,0,0
SF203,20220218,20220218,112449000,11:24:49,9460,1680,7197,78506400,0,0,0
SF203,20220218,20220218,112449500,11:24:49,9460,1680,7197,78506400,0,0,0
SF203,20220218,20220218,112452000,11:24:52,9460,1680,7197,78506400,0,0,0
SF203,20220218,20220218,112452500,11:24:52,9460,1680,7197,78506400,0,0,0
SF203,20220218,20220218,112453000,11:24:53,9460,1680,7197,78506400,0,0,0
SF203,20220218,20220218,112453500,11:24:53,9460,1680,7197,78506400,0,0,0
SF203,20220218,20220218,112454000,11:24:54,9460,1680,7197,78506400,0,0,0
SF203,20220218,20220218,112454500,11:24:54,9460,1680,7197,78506400,0,0,0
SF203,20220218,20220218,112455000,11:24:55,9460,1680,7197,78506400,0,0,0
SF203,20220218,20220218,112455500,11:24:56,9460,1680,7197,78506400,0,0,0
SF203,20220218,20220218,112456000,11:24:56,9460,1680,7197,78506400,0,0,0
SF203,20220218,20220218,112457000,11:24:57,9460,1680,7197,78506400,0,0,0
SF203,20220218,20220218,112457500,11:24:57,9460,1680,7197,78506400,0,0,0
SF203,20220218,20220218,112458000,11:24:58,9460,1680,7197,78506400,0,0,0
SF203,20220218,20220218,112459000,11:24:59,9460,1680,7197,78506400,0,0,0
SF203,20220218,20220218,112500000,11:25:00,9460,1680,7197,78506400,0,0,0
SF203,20220218,20220218,112500500,11:25:01,9460,1680,7197,78506400,0,0,0
SF203,20220218,20220218,112501000,11:25:01,9460,1680,7197,78506400,0,0,0
SF203,20220218,20220218,112501500,11:25:03,9460,1680,7197,78506400,0,0,0
SF203,20220218,20220218,112502000,11:25:05,9460,1680,7197,78506400,0,0,0
SF203,20220218,20220218,112502500,11:25:06,9462,1684,7193,78710160,4,-4,203760
SF203,20220218,20220218,112503000,11:25:06,9462,1684,7193,78710160,0,0,0
SF203,20220218,20220218,112505000,11:25:06,9462,1684,7193,78710160,0,0,0
SF203,20220218,20220218,112505500,11:25:06,9462,1684,7193,78710160,0,0,0
SF203,20220218,20220218,112506000,11:25:07,9462,1684,7193,78710160,0,0,0
SF203,20220218,20220218,112506500,11:25:07,9462,1684,7193,78710160,0,0,0
SF203,20220218,20220218,112507000,11:25:07,9462,1684,7193,78710160,0,0,0
SF203,20220218,20220218,112507500,11:25:07,9462,1684,7193,78710160,0,0,0
SF203,20220218,20220218,112508000,11:25:08,9462,1684,7193,78710160,0,0,0
SF203,20220218,20220218,112508500,11:25:08,9462,1684,7193,78710160,0,0,0
SF203,20220218,20220218,112509000,11:25:09,9462,1684,7193,78710160,0,0,0
SF203,20220218,20220218,112509500,11:25:09,9462,1684,7193,78710160,0,0,0
SF203,20220218,20220218,112510500,11:25:10,9462,1684,7193,78710160,0,0,0
SF203,20220218,20220218,112511000,11:25:11,9462,1684,7193,78710160,0,0,0
SF203,20220218,20220218,112511500,11:25:11,9462,1684,7193,78710160,0,0,0
SF203,20220218,20220218,112512000,11:25:12,9462,1684,7193,78710160,0,0,0
SF203,20220218,20220218,112512500,11:25:12,9462,1684,7193,78710160,0,0,0
SF203,20220218,20220218,112513000,11:25:13,9462,1684,7193,78710160,0,0,0
SF203,20220218,20220218,112513500,11:25:15,9462,1684,7193,78710160,0,0,0
SF203,20220218,20220218,112515000,11:25:16,9462,1684,7193,78710160,0,0,0
SF203,20220218,20220218,112515500,11:25:16,9462,1684,7193,78710160,0,0,0
SF203,20220218,20220218,112516000,11:25:16,9462,1684,7193,78710160,0,0,0
SF203,20220218,20220218,112516500,11:25:16,9462,1684,7193,78710160,0,0,0
SF203,20220218,20220218,112517500,11:25:18,9462,1684,7193,78710160,0,0,0
SF203,20220218,20220218,112518000,11:25:18,9462,1684,7193,78710160,0,0,0
SF203,20220218,20220218,112521500,11:25:22,9462,1684,7193,78710160,0,0,0
SF203,20220218,20220218,112522000,11:25:22,9462,1684,7193,78710160,0,0,0
SF203,20220218,20220218,112522500,11:25:22,9462,1684,7193,78710160,0,0,0
SF203,20220218,20220218,112523000,11:25:23,9462,1684,7193,78710160,0,0,0
SF203,20220218,20220218,112523500,11:25:24,9462,1684,7193,78710160,0,0,0
SF203,20220218,20220218,112524000,11:25:25,9462,1684,7193,78710160,0,0,0
SF203,20220218,20220218,112524500,11:25:25,9462,1684,7193,78710160,0,0,0
SF203,20220218,20220218,112525500,11:25:26,9462,1684,7193,78710160,0,0,0
SF203,20220218,20220218,112526000,11:25:26,9462,1684,7193,78710160,0,0,0
SF203,20220218,20220218,112526500,11:25:27,9462,1684,7193,78710160,0,0,0
SF203,20220218,20220218,112527000,11:25:27,9458,1696,7204,79271040,12,11,560880
SF203,20220218,20220218,112527500,11:25:28,9458,1696,7204,79271040,0,0,0
SF203,20220218,20220218,112528500,11:25:28,9458,1696,7204,79271040,0,0,0
SF203,20220218,20220218,112529000,11:25:29,9458,1696,7204,79271040,0,0,0
SF203,20220218,20220218,112529500,11:25:30,9458,1696,7204,79271040,0,0,0
SF203,20220218,20220218,112530000,11:25:30,9458,1696,7204,79271040,0,0,0
SF203,20220218,20220218,112530500,11:25:31,9458,1696,7204,79271040,0,0,0
SF203,20220218,20220218,112531500,11:25:32,9458,1696,7204,79271040,0,0,0
SF203,20220218,20220218,112532000,11:25:32,9452,1700,7200,79458000,4,-4,186960
SF203,20220218,20220218,112532500,11:25:33,9452,1700,7200,79458000,0,0,0
SF203,20220218,20220218,112533000,11:25:33,9452,1700,7200,79458000,0,0,0
SF203,20220218,20220218,112533500,11:25:33,9452,1700,7200,79458000,0,0,0
SF203,20220218,20220218,112535000,11:25:36,9452,1700,7200,79458000,0,0,0
SF203,20220218,20220218,112535500,11:25:37,9452,1700,7200,79458000,0,0,0
SF203,20220218,20220218,112536000,11:25:37,9452,1700,7200,79458000,0,0,0
SF203,20220218,20220218,112536500,11:25:37,9452,1700,7200,79458000,0,0,0
SF203,20220218,20220218,112537000,11:25:37,9452,1700,7200,79458000,0,0,0
SF203,20220218,20220218,112537500,11:25:38,9452,1700,7200,79458000,0,0,0
SF203,20220218,20220218,112538000,11:25:38,9452,1700,7200,79458000,0,0,0
SF203,20220218,20220218,112538500,11:25:39,9452,1700,7200,79458000,0,0,0
SF203,20220218,20220218,112539500,11:25:40,9452,1700,7200,79458000,0,0,0
SF203,20220218,20220218,112540500,11:25:40,9452,1700,7200,79458000,0,0,0
SF203,20220218,20220218,112541000,11:25:41,9452,1700,7200,79458000,0,0,0
SF203,20220218,20220218,112542000,11:25:42,9452,1700,7200,79458000,0,0,0
SF203,20220218,20220218,112542500,11:25:42,9452,1700,7200,79458000,0,0,0
SF203,20220218,20220218,112543000,11:25:43,9452,1700,7200,79458000,0,0,0
SF203,20220218,20220218,112543500,11:25:43,9452,1710,7200,79925400,10,0,467400
SF203,20220218,20220218,112544000,11:25:44,9452,1710,7200,79925400,0,0,0
SF203,20220218,20220218,112544500,11:25:44,9452,1710,7200,79925400,0,0,0
SF203,20220218,20220218,112545000,11:25:45,9452,1710,7200,79925400,0,0,0
SF203,20220218,20220218,112545500,11:25:46,9452,1710,7200,79925400,0,0,0
SF203,20220218,20220218,112546000,11:25:47,9452,1710,7200,79925400,0,0,0
SF203,20220218,20220218,112546500,11:25:48,9452,1710,7200,79925400,0,0,0
SF203,20220218,20220218,112547500,11:25:48,9452,1710,7200,79925400,0,0,0
SF203,20220218,20220218,112549000,11:25:49,9452,1710,7200,79925400,0,0,0
SF203,20220218,20220218,112549500,11:25:49,9452,1710,7200,79925400,0,0,0
SF203,20220218,20220218,112550000,11:25:50,9452,1710,7200,79925400,0,0,0
SF203,20220218,20220218,112551500,11:25:51,9452,1710,7200,79925400,0,0,0
SF203,20220218,20220218,112552000,11:25:52,9450,1713,7200,80082750,3,0,157350
SF203,20220218,20220218,112552500,11:25:52,9450,1713,7200,80082750,0,0,0
SF203,20220218,20220218,112553000,11:25:53,9450,1713,7200,80082750,0,0,0
SF203,20220218,20220218,112553500,11:25:54,9450,1713,7200,80082750,0,0,0
SF203,20220218,20220218,112555500,11:25:56,9450,1713,7200,80082750,0,0,0
SF203,20220218,20220218,112556000,11:25:57,9450,1713,7200,80082750,0,0,0
SF203,20220218,20220218,112556500,11:25:57,9450,1713,7200,80082750,0,0,0
SF203,20220218,20220218,112557000,11:25:57,9450,1713,7200,80082750,0,0,0
SF203,20220218,20220218,112558000,11:25:59,9450,1713,7200,80082750,0,0,0
SF203,20220218,20220218,112559000,11:26:00,9450,1713,7200,80082750,0,0,0
SF203,20220218,20220218,112600000,11:26:00,9450,1713,7200,80082750,0,0,0
SF203,20220218,20220218,112601000,11:26:01,9450,1713,7200,80082750,0,0,0
SF203,20220218,20220218,112601500,11:26:01,9450,1713,7200,80082750,0,0,0
SF203,20220218,20220218,112602500,11:26:03,9450,1713,7200,80082750,0,0,0
SF203,20220218,20220218,112603000,11:26:03,9450,1713,7200,80082750,0,0,0
SF203,20220218,20220218,112603500,11:26:03,9450,1713,7200,80082750,0,0,0
SF203,20220218,20220218,112604000,11:26:04,9450,1713,7200,80082750,0,0,0
SF203,20220218,20220218,112604500,11:26:05,9450,1713,7200,80082750,0,0,0
SF203,20220218,20220218,112605500,11:26:05,9450,1713,7200,80082750,0,0,0
SF203,20220218,20220218,112606000,11:26:06,9450,1713,7200,80082750,0,0,0
SF203,20220218,20220218,112606500,11:26:06,9450,1713,7200,80082750,0,0,0
SF203,20220218,20220218,112607000,11:26:09,9450,1713,7200,80082750,0,0,0
SF203,20220218,20220218,112607500,11:26:09,9450,1713,7200,80082750,0,0,0
SF203,20220218,20220218,112608000,11:26:09,9450,1713,7200,80082750,0,0,0
SF203,20220218,20220218,112609000,11:26:09,9450,1713,7200,80082750,0,0,0
SF203,20220218,20220218,112609500,11:26:10,9450,1713,7200,80082750,0,0,0
SF203,20220218,20220218,112610000,11:26:10,9450,1713,7200,80082750,0,0,0
SF203,20220218,20220218,112610500,11:26:10,9450,1713,7200,80082750,0,0,0
SF203,20220218,20220218,112611000,11:26:11,9450,1713,7200,80082750,0,0,0
SF203,20220218,20220218,112611500,11:26:11,9450,1713,7200,80082750,0,0,0
SF203,20220218,20220218,112612000,11:26:14,9450,1713,7200,80082750,0,0,0
SF203,20220218,20220218,112614000,11:26:15,9450,1713,7200,80082750,0,0,0
SF203,20220218,20220218,112614500,11:26:15,9450,1713,7200,80082750,0,0,0
SF203,20220218,20220218,112616000,11:26:16,9450,1713,7200,80082750,0,0,0
SF203,20220218,20220218,112616500,11:26:16,9450,1713,7200,80082750,0,0,0
SF203,20220218,20220218,112617000,11:26:17,9450,1713,7200,80082750,0,0,0
SF203,20220218,20220218,112617500,11:26:17,9450,1713,7200,80082750,0,0,0
SF203,20220218,20220218,112618500,11:26:18,9450,1713,7200,80082750,0,0,0
SF203,20220218,20220218,112619500,11:26:20,9450,1713,7200,80082750,0,0,0
SF203,20220218,20220218,112620000,11:26:20,9450,1713,7200,80082750,0,0,0
SF203,20220218,20220218,112622500,11:26:22,9450,1713,7200,80082750,0,0,0
SF203,20220218,20220218,112623500,11:26:23,9450,1713,7200,80082750,0,0,0
SF203,20220218,20220218,112624000,11:26:24,9450,1713,7200,80082750,0,0,0
SF203,20220218,20220218,112624500,11:26:24,9450,1713,7200,80082750,0,0,0
SF203,20220218,20220218,112625000,11:26:25,9450,1713,7200,80082750,0,0,0
SF203,20220218,20220218,112625500,11:26:25,9450,1713,7200,80082750,0,0,0
SF203,20220218,20220218,112627000,11:26:27,9450,1713,7200,80082750,0,0,0
SF203,20220218,20220218,112627500,11:26:27,9450,1713,7200,80082750,0,0,0
SF203,20220218,20220218,112628500,11:26:28,9450,1713,7200,80082750,0,0,0
SF203,20220218,20220218,112630000,11:26:31,9450,1713,7200,80082750,0,0,0
SF203,20220218,20220218,112630500,11:26:31,9450,1713,7200,80082750,0,0,0
SF203,20220218,20220218,112631000,11:26:31,9450,1713,7200,80082750,0,0,0
SF203,20220218,20220218,112631500,11:26:31,9450,1713,7200,80082750,0,0,0
SF203,20220218,20220218,112632000,11:26:32,9450,1713,7200,80082750,0,0,0
SF203,20220218,20220218,112637000,11:26:38,9450,1713,7200,80082750,0,0,0
SF203,20220218,20220218,112637500,11:26:54,9450,1713,7200,80082750,0,0,0
SF203,20220218,20220218,112653500,11:27:10,9450,1713,7200,80082750,0,0,0
SF203,20220218,20220218,112654000,11:27:12,9450,1713,7200,80082750,0,0,0
SF203,20220218,20220218,112710000,11:27:12,9456,1714,7200,80129500,1,0,46750
SF203,20220218,20220218,112710500,11:27:12,9456,1714,7200,80129500,0,0,0
SF203,20220218,20220218,112712000,11:27:12,9456,1714,7200,80129500,0,0,0
SF203,20220218,20220218,112712500,11:27:13,9456,1714,7200,80129500,0,0,0
SF203,20220218,20220218,112713000,11:27:13,9456,1714,7200,80129500,0,0,0
SF203,20220218,20220218,112713500,11:27:14,9456,1714,7200,80129500,0,0,0
SF203,20220218,20220218,112714000,11:27:14,9456,1714,7200,80129500,0,0,0
SF203,20220218,20220218,112714500,11:27:15,9456,1714,7200,80129500,0,0,0
SF203,20220218,20220218,112717500,11:27:17,9456,1714,7200,80129500,0,0,0
SF203,20220218,20220218,112718000,11:27:18,9456,1714,7200,80129500,0,0,0
SF203,20220218,20220218,112718500,11:27:19,9456,1714,7200,80129500,0,0,0
SF203,20220218,20220218,112719000,11:27:19,9456,1714,7200,80129500,0,0,0
SF203,20220218,20220218,112719500,11:27:20,9456,1714,7200,80129500,0,0,0
SF203,20220218,20220218,112720000,11:27:20,9456,1714,7200,80129500,0,0,0
SF203,20220218,20220218,112720500,11:27:20,9456,1714,7200,80129500,0,0,0
SF203,20220218,20220218,112722000,11:27:22,9456,1714,7200,80129500,0,0,0
SF203,20220218,20220218,112722500,11:27:22,9456,1715,7201,80176250,1,1,46750
SF203,20220218,20220218,112726500,11:27:27,9456,1715,7201,80176250,0,0,0
SF203,20220218,20220218,112727000,11:27:27,9456,1715,7201,80176250,0,0,0
SF203,20220218,20220218,112727500,11:27:27,9456,1715,7201,80176250,0,0,0
SF203,20220218,20220218,112728500,11:27:28,9456,1715,7201,80176250,0,0,0
SF203,20220218,20220218,112729000,11:27:29,9456,1715,7201,80176250,0,0,0
SF203,20220218,20220218,112729500,11:27:29,9456,1715,7201,80176250,0,0,0
SF203,20220218,20220218,112730000,11:27:30,9456,1715,7201,80176250,0,0,0
SF203,20220218,20220218,112730500,11:27:31,9456,1715,7201,80176250,0,0,0
SF203,20220218,20220218,112731000,11:27:32,9456,1715,7201,80176250,0,0,0
SF203,20220218,20220218,112731500,11:27:35,9456,1715,7201,80176250,0,0,0
SF203,20220218,20220218,112732000,11:27:35,9456,1715,7201,80176250,0,0,0
SF203,20220218,20220218,112732500,11:27:36,9456,1715,7201,80176250,0,0,0
SF203,20220218,20220218,112735500,11:27:36,9456,1715,7201,80176250,0,0,0
SF203,20220218,20220218,112736000,11:27:36,9456,1715,7201,80176250,0,0,0
SF203,20220218,20220218,112736500,11:27:37,9456,1715,7201,80176250,0,0,0
SF203,20220218,20220218,112737000,11:27:38,9456,1715,7201,80176250,0,0,0
SF203,20220218,20220218,112737500,11:27:38,9456,1715,7201,80176250,0,0,0
SF203,20220218,20220218,112738000,11:27:38,9456,1715,7201,80176250,0,0,0
SF203,20220218,20220218,112739000,11:27:39,9456,1715,7201,80176250,0,0,0
SF203,20220218,20220218,112739500,11:27:39,9456,1715,7201,80176250,0,0,0
SF203,20220218,20220218,112740000,11:27:40,9456,1715,7201,80176250,0,0,0
SF203,20220218,20220218,112740500,11:27:40,9456,1715,7201,80176250,0,0,0
SF203,20220218,20220218,112741000,11:27:41,9456,1715,7201,80176250,0,0,0
SF203,20220218,20220218,112742000,11:27:42,9456,1715,7201,80176250,0,0,0
SF203,20220218,20220218,112742500,11:27:43,9456,1715,7201,80176250,0,0,0
SF203,20220218,20220218,112743000,11:27:43,9456,1715,7201,80176250,0,0,0
SF203,20220218,20220218,112743500,11:27:43,9456,1715,7201,80176250,0,0,0
SF203,20220218,20220218,112745000,11:27:45,9456,1715,7201,80176250,0,0,0
SF203,20220218,20220218,112746500,11:27:47,9456,1715,7201,80176250,0,0,0
SF203,20220218,20220218,112747000,11:27:47,9456,1715,7201,80176250,0,0,0
SF203,20220218,20220218,112747500,11:27:47,9456,1715,7201,80176250,0,0,0
SF203,20220218,20220218,112748000,11:27:48,9456,1715,7201,80176250,0,0,0
SF203,20220218,20220218,112748500,11:27:54,9456,1715,7201,80176250,0,0,0
SF203,20220218,20220218,112749500,11:27:54,9456,1715,7201,80176250,0,0,0
SF203,20220218,20220218,112752000,11:27:54,9456,1715,7201,80176250,0,0,0
SF203,20220218,20220218,112754500,11:27:55,9456,1715,7201,80176250,0,0,0
SF203,20220218,20220218,112756000,11:27:56,9456,1715,7201,80176250,0,0,0
SF203,20220218,20220218,112756500,11:27:56,9456,1715,7201,80176250,0,0,0
SF203,20220218,20220218,112757500,11:27:57,9456,1715,7201,80176250,0,0,0
SF203,20220218,20220218,112800000,11:28:00,9456,1715,7201,80176250,0,0,0
SF203,20220218,20220218,112802500,11:28:03,9462,1716,7200,80223000,1,-1,46750
SF203,20220218,20220218,112803000,11:28:03,9462,1716,7200,80223000,0,0,0
SF203,20220218,20220218,112804000,11:28:04,9462,1716,7200,80223000,0,0,0
SF203,20220218,20220218,112805000,11:28:06,9462,1717,7201,80269750,1,1,46750
SF203,20220218,20220218,112806500,11:28:10,9462,1717,7201,80269750,0,0,0
SF203,20220218,20220218,112807000,11:28:10,9462,1717,7201,80269750,0,0,0
SF203,20220218,20220218,112807500,11:28:11,9462,1717,7201,80269750,0,0,0
SF203,20220218,20220218,112809500,11:28:11,9462,1717,7201,80269750,0,0,0
SF203,20220218,20220218,112810500,11:28:11,9462,1717,7201,80269750,0,0,0
SF203,20220218,20220218,112811000,11:28:12,9462,1717,7201,80269750,0,0,0
SF203,20220218,20220218,112811500,11:28:12,9462,1717,7201,80269750,0,0,0
SF203,20220218,20220218,112812500,11:28:13,9462,1717,7201,80269750,0,0,0
SF203,20220218,20220218,112813000,11:28:13,9462,1717,7201,80269750,0,0,0
SF203,20220218,20220218,112813500,11:28:13,9462,1717,7201,80269750,0,0,0
SF203,20220218,20220218,112814000,11:28:14,9462,1717,7201,80269750,0,0,0
SF203,20220218,20220218,112815000,11:28:15,9462,1717,7201,80269750,0,0,0
SF203,20220218,20220218,112816000,11:28:16,9462,1717,7201,80269750,0,0,0
SF203,20220218,20220218,112817000,11:28:17,9462,1717,7201,80269750,0,0,0
SF203,20220218,20220218,112819500,11:28:19,9462,1717,7201,80269750,0,0,0
SF203,20220218,20220218,112820000,11:28:20,9468,1718,7201,80316500,1,0,46750
SF203,20220218,20220218,112820500,11:28:20,9468,1718,7201,80316500,0,0,0
SF203,20220218,20220218,112821000,11:28:21,9468,1718,7201,80316500,0,0,0
SF203,20220218,20220218,112822000,11:28:22,9468,1718,7201,80316500,0,0,0
SF203,20220218,20220218,112822500,11:28:22,9468,1718,7201,80316500,0,0,0
SF203,20220218,20220218,112823000,11:28:23,9468,1718,7201,80316500,0,0,0
SF203,20220218,20220218,112823500,11:28:23,9468,1718,7201,80316500,0,0,0
SF203,20220218,20220218,112824000,11:28:24,9468,1718,7201,80316500,0,0,0
SF203,20220218,20220218,112826000,11:28:26,9468,1718,7201,80316500,0,0,0
SF203,20220218,20220218,112826500,11:28:26,9468,1718,7201,80316500,0,0,0
SF203,20220218,20220218,112827000,11:28:27,9468,1718,7201,80316500,0,0,0
SF203,20220218,20220218,112827500,11:28:27,9468,1718,7201,80316500,0,0,0
SF203,20220218,20220218,112828000,11:28:28,9462,1719,7201,80363250,1,0,46750
SF203,20220218,20220218,112828500,11:28:28,9462,1719,7201,80363250,0,0,0
SF203,20220218,20220218,112829000,11:28:29,9462,1719,7201,80363250,0,0,0
SF203,20220218,20220218,112829500,11:28:29,9462,1719,7201,80363250,0,0,0
SF203,20220218,20220218,112830000,11:28:30,9462,1719,7201,80363250,0,0,0
SF203,20220218,20220218,112830500,11:28:31,9462,1719,7201,80363250,0,0,0
SF203,20220218,20220218,112831000,11:28:31,9462,1719,7201,80363250,0,0,0
SF203,20220218,20220218,112831500,11:28:31,9462,1719,7201,80363250,0,0,0
SF203,20220218,20220218,112832000,11:28:32,9462,1719,7201,80363250,0,0,0
SF203,20220218,20220218,112833000,11:28:33,9462,1719,7201,80363250,0,0,0
SF203,20220218,20220218,112833500,11:28:33,9462,1719,7201,80363250,0,0,0
SF203,20220218,20220218,112834000,11:28:34,9462,1719,7201,80363250,0,0,0
SF203,20220218,20220218,112834500,11:28:34,9462,1719,7201,80363250,0,0,0
SF203,20220218,20220218,112835000,11:28:35,9462,1719,7201,80363250,0,0,0
SF203,20220218,20220218,112835500,11:28:36,9462,1719,7201,80363250,0,0,0
SF203,20220218,20220218,112836000,11:28:37,9462,1719,7201,80363250,0,0,0
SF203,20220218,20220218,112836500,11:28:37,9462,1719,7201,80363250,0,0,0
SF203,20220218,20220218,112837000,11:28:37,9462,1719,7201,80363250,0,0,0
SF203,20220218,20220218,112837500,11:28:37,9462,1719,7201,80363250,0,0,0
SF203,20220218,20220218,112838000,11:28:38,9462,1719,7201,80363250,0,0,0
SF203,20220218,20220218,112838500,11:28:38,9462,1719,7201,80363250,0,0,0
SF203,20220218,20220218,112839000,11:28:39,9462,1719,7201,80363250,0,0,0
SF203,20220218,20220218,112839500,11:28:40,9462,1719,7201,80363250,0,0,0
SF203,20220218,20220218,112840000,11:28:40,9462,1719,7201,80363250,0,0,0
SF203,20220218,20220218,112840500,11:28:40,9462,1719,7201,80363250,0,0,0
SF203,20220218,20220218,112843500,11:28:44,9462,1719,7201,80363250,0,0,0
SF203,20220218,20220218,112844000,11:28:44,9462,1719,7201,80363250,0,0,0
SF203,20220218,20220218,112844500,11:28:44,9462,1719,7201,80363250,0,0,0
SF203,20220218,20220218,112845000,11:28:45,9462,1719,7201,80363250,0,0,0
SF203,20220218,20220218,112845500,11:28:45,9462,1719,7201,80363250,0,0,0
SF203,20220218,20220218,112846000,11:28:46,9462,1719,7201,80363250,0,0,0
SF203,20220218,20220218,112846500,11:28:46,9462,1719,7201,80363250,0,0,0
SF203,20220218,20220218,112847000,11:28:47,9462,1719,7201,80363250,0,0,0
SF203,20220218,20220218,112847500,11:28:47,9462,1719,7201,80363250,0,0,0
SF203,20220218,20220218,112848000,11:28:48,9462,1719,7201,80363250,0,0,0
SF203,20220218,20220218,112848500,11:28:48,9462,1719,7201,80363250,0,0,0
SF203,20220218,20220218,112849000,11:28:49,9462,1719,7201,80363250,0,0,0
SF203,20220218,20220218,112849500,11:28:50,9462,1719,7201,80363250,0,0,0
SF203,20220218,20220218,112850000,11:28:50,9462,1719,7201,80363250,0,0,0
SF203,20220218,20220218,112850500,11:28:50,9462,1719,7201,80363250,0,0,0
SF203,20220218,20220218,112851000,11:28:51,9462,1719,7201,80363250,0,0,0
SF203,20220218,20220218,112851500,11:28:51,9462,1719,7201,80363250,0,0,0
SF203,20220218,20220218,112852000,11:28:52,9462,1719,7201,80363250,0,0,0
SF203,20220218,20220218,112852500,11:28:53,9462,1719,7201,80363250,0,0,0
SF203,20220218,20220218,112853000,11:28:54,9462,1719,7201,80363250,0,0,0
SF203,20220218,20220218,112853500,11:28:54,9462,1719,7201,80363250,0,0,0
SF203,20220218,20220218,112854000,11:28:54,9462,1719,7201,80363250,0,0,0
SF203,20220218,20220218,112854500,11:28:54,9462,1719,7201,80363250,0,0,0
SF203,20220218,20220218,112855000,11:28:55,9462,1719,7201,80363250,0,0,0
SF203,20220218,20220218,112855500,11:28:56,9462,1719,7201,80363250,0,0,0
SF203,20220218,20220218,112856000,11:28:56,9462,1719,7201,80363250,0,0,0
SF203,20220218,20220218,112856500,11:28:56,9462,1719,7201,80363250,0,0,0
SF203,20220218,20220218,112857000,11:28:57,9462,1719,7201,80363250,0,0,0
SF203,20220218,20220218,112857500,11:28:58,9462,1719,7201,80363250,0,0,0
SF203,20220218,20220218,112858000,11:28:58,9462,1719,7201,80363250,0,0,0
SF203,20220218,20220218,112858500,11:28:59,9462,1719,7201,80363250,0,0,0
SF203,20220218,20220218,112859000,11:28:59,9462,1719,7201,80363250,0,0,0
SF203,20220218,20220218,112859500,11:29:00,9462,1719,7201,80363250,0,0,0
SF203,20220218,20220218,112901000,11:29:01,9462,1719,7201,80363250,0,0,0
SF203,20220218,20220218,112901500,11:29:01,9462,1719,7201,80363250,0,0,0
SF203,20220218,20220218,112902000,11:29:02,9462,1719,7201,80363250,0,0,0
SF203,20220218,20220218,112902500,11:29:03,9462,1720,7200,80410000,1,-1,46750
SF203,20220218,20220218,112903000,11:29:03,9462,1720,7200,80410000,0,0,0
SF203,20220218,20220218,112903500,11:29:03,9462,1720,7200,80410000,0,0,0
SF203,20220218,20220218,112904000,11:29:04,9462,1720,7200,80410000,0,0,0
SF203,20220218,20220218,112904500,11:29:04,9462,1720,7200,80410000,0,0,0
SF203,20220218,20220218,112905000,11:29:05,9462,1720,7200,80410000,0,0,0
SF203,20220218,20220218,112905500,11:29:05,9462,1720,7200,80410000,0,0,0
SF203,20220218,20220218,112906000,11:29:06,9462,1720,7200,80410000,0,0,0
SF203,20220218,20220218,112906500,11:29:06,9462,1720,7200,80410000,0,0,0
SF203,20220218,20220218,112907000,11:29:07,9462,1720,7200,80410000,0,0,0
SF203,20220218,20220218,112908000,11:29:08,9462,1720,7200,80410000,0,0,0
SF203,20220218,20220218,112908500,11:29:08,9462,1720,7200,80410000,0,0,0
SF203,20220218,20220218,112909000,11:29:09,9462,1720,7200,80410000,0,0,0
SF203,20220218,20220218,112909500,11:29:09,9462,1720,7200,80410000,0,0,0
SF203,20220218,20220218,112910000,11:29:10,9462,1720,7200,80410000,0,0,0
SF203,20220218,20220218,112910500,11:29:10,9462,1720,7200,80410000,0,0,0
SF203,20220218,20220218,112911000,11:29:11,9462,1720,7200,80410000,0,0,0
SF203,20220218,20220218,112911500,11:29:12,9462,1720,7200,80410000,0,0,0
SF203,20220218,20220218,112912000,11:29:12,9462,1720,7200,80410000,0,0,0
SF203,20220218,20220218,112912500,11:29:12,9462,1720,7200,80410000,0,0,0
SF203,20220218,20220218,112913000,11:29:13,9462,1720,7200,80410000,0,0,0
SF203,20220218,20220218,112913500,11:29:14,9462,1720,7200,80410000,0,0,0
SF203,20220218,20220218,112914000,11:29:14,9462,1720,7200,80410000,0,0,0
SF203,20220218,20220218,112914500,11:29:14,9462,1720,7200,80410000,0,0,0
SF203,20220218,20220218,112915000,11:29:15,9462,1720,7200,80410000,0,0,0
SF203,20220218,20220218,112915500,11:29:16,9462,1720,7200,80410000,0,0,0
SF203,20220218,20220218,112916000,11:29:16,9462,1720,7200,80410000,0,0,0
SF203,20220218,20220218,112916500,11:29:16,9462,1720,7200,80410000,0,0,0
SF203,20220218,20220218,112917000,11:29:20,9462,1720,7200,80410000,0,0,0
SF203,20220218,20220218,112920500,11:29:21,9462,1720,7200,80410000,0,0,0
SF203,20220218,20220218,112921000,11:29:22,9462,1720,7200,80410000,0,0,0
SF203,20220218,20220218,112921500,11:29:24,9462,1720,7200,80410000,0,0,0
SF203,20220218,20220218,112922000,11:29:24,9462,1720,7200,80410000,0,0,0
SF203,20220218,20220218,112922500,11:29:24,9462,1720,7200,80410000,0,0,0
SF203,20220218,20220218,112923000,11:29:24,9462,1720,7200,80410000,0,0,0
SF203,20220218,20220218,112923500,11:29:24,9462,1720,7200,80410000,0,0,0
SF203,20220218,20220218,112924000,11:29:24,9462,1720,7200,80410000,0,0,0
SF203,20220218,20220218,112924500,11:29:24,9462,1720,7200,80410000,0,0,0
SF203,20220218,20220218,112925000,11:29:25,9462,1720,7200,80410000,0,0,0
SF203,20220218,20220218,112925500,11:29:25,9462,1720,7200,80410000,0,0,0
SF203,20220218,20220218,112926000,11:29:26,9462,1720,7200,80410000,0,0,0
SF203,20220218,20220218,112926500,11:29:26,9462,1720,7200,80410000,0,0,0
SF203,20220218,20220218,112927000,11:29:27,9462,1720,7200,80410000,0,0,0
SF203,20220218,20220218,112927500,11:29:27,9462,1720,7200,80410000,0,0,0
SF203,20220218,20220218,112928000,11:29:28,9462,1720,7200,80410000,0,0,0
SF203,20220218,20220218,112928500,11:29:28,9462,1720,7200,80410000,0,0,0
SF203,20220218,20220218,112929000,11:29:29,9462,1720,7200,80410000,0,0,0
SF203,20220218,20220218,112929500,11:29:29,9462,1720,7200,80410000,0,0,0
SF203,20220218,20220218,112930000,11:29:30,9462,1720,7200,80410000,0,0,0
SF203,20220218,20220218,112930500,11:29:30,9462,1720,7200,80410000,0,0,0
SF203,20220218,20220218,112931000,11:29:32,9462,1720,7200,80410000,0,0,0
SF203,20220218,20220218,112932000,11:29:32,9462,1720,7200,80410000,0,0,0
SF203,20220218,20220218,112932500,11:29:36,9462,1720,7200,80410000,0,0,0
SF203,20220218,20220218,112933000,11:29:37,9462,1720,7200,80410000,0,0,0
SF203,20220218,20220218,112933500,11:29:38,9462,1720,7200,80410000,0,0,0
SF203,20220218,20220218,112936500,11:29:38,9462,1720,7200,80410000,0,0,0
SF203,20220218,20220218,112937000,11:29:38,9462,1720,7200,80410000,0,0,0
SF203,20220218,20220218,112937500,11:29:38,9462,1720,7200,80410000,0,0,0
SF203,20220218,20220218,112938000,11:29:38,9462,1720,7200,80410000,0,0,0
SF203,20220218,20220218,112938500,11:29:39,9462,1720,7200,80410000,0,0,0
SF203,20220218,20220218,112939000,11:29:39,9462,1720,7200,80410000,0,0,0
SF203,20220218,20220218,112939500,11:29:39,9462,1720,7200,80410000,0,0,0
SF203,20220218,20220218,112940000,11:29:40,9462,1720,7200,80410000,0,0,0
SF203,20220218,20220218,112940500,11:29:40,9462,1720,7200,80410000,0,0,0
SF203,20220218,20220218,112941000,11:29:41,9462,1720,7200,80410000,0,0,0
SF203,20220218,20220218,112941500,11:29:42,9462,1720,7200,80410000,0,0,0
SF203,20220218,20220218,112942000,11:29:42,9462,1720,7200,80410000,0,0,0
SF203,20220218,20220218,112942500,11:29:44,9462,1720,7200,80410000,0,0,0
SF203,20220218,20220218,112943000,11:29:45,9462,1720,7200,80410000,0,0,0
SF203,20220218,20220218,112943500,11:29:45,9462,1720,7200,80410000,0,0,0
SF203,20220218,20220218,112944000,11:29:45,9462,1720,7200,80410000,0,0,0
SF203,20220218,20220218,112944500,11:29:45,9462,1720,7200,80410000,0,0,0
SF203,20220218,20220218,112945000,11:29:46,9462,1720,7200,80410000,0,0,0
SF203,20220218,20220218,112945500,11:29:46,9462,1720,7200,80410000,0,0,0
SF203,20220218,20220218,112946000,11:29:46,9462,1720,7200,80410000,0,0,0
SF203,20220218,20220218,112947000,11:29:47,9462,1720,7200,80410000,0,0,0
SF203,20220218,20220218,112947500,11:29:48,9462,1720,7200,80410000,0,0,0
SF203,20220218,20220218,112948000,11:29:48,9462,1720,7200,80410000,0,0,0
SF203,20220218,20220218,112948500,11:29:49,9462,1720,7200,80410000,0,0,0
SF203,20220218,20220218,112949000,11:29:50,9462,1720,7200,80410000,0,0,0
SF203,20220218,20220218,112949500,11:29:50,9462,1720,7200,80410000,0,0,0
SF203,20220218,20220218,112950000,11:29:51,9462,1720,7200,80410000,0,0,0
SF203,20220218,20220218,112950500,11:29:51,9462,1720,7200,80410000,0,0,0
SF203,20220218,20220218,112951500,11:29:52,9462,1720,7200,80410000,0,0,0
SF203,20220218,20220218,112952000,11:29:52,9462,1720,7200,80410000,0,0,0
SF203,20220218,20220218,112952500,11:29:53,9462,1720,7200,80410000,0,0,0
SF203,20220218,20220218,112953000,11:29:53,9462,1720,7200,80410000,0,0,0
SF203,20220218,20220218,112955000,11:29:55,9462,1720,7200,80410000,0,0,0
SF203,20220218,20220218,112955500,11:29:55,9462,1720,7200,80410000,0,0,0
SF203,20220218,20220218,112956000,11:29:56,9462,1720,7200,80410000,0,0,0
SF203,20220218,20220218,112956500,11:30:00,9462,1720,7200,80410000,0,0,0
SF203,20220218,20220218,112957000,11:30:00,9462,1720,7200,80410000,0,0,0
SF203,20220218,20220218,112957500,11:30:02,9462,1720,7200,80410000,0,0,0
SF203,20220218,20220218,112959500,11:30:02,9462,1720,7200,80410000,0,0,0
SF203,20220218,20220218,133000500,13:30:00,9462,1720,7200,80410000,0,0,0
SF203,20220218,20220218,133001000,13:30:01,9462,1720,7200,80410000,0,0,0
SF203,20220218,20220218,133001500,13:30:02,9462,1720,7200,80410000,0,0,0
SF203,20220218,20220218,133002000,13:30:08,9446,1721,7199,80456750,1,-1,46750
SF203,20220218,20220218,133002500,13:30:09,9446,1721,7199,80456750,0,0,0
SF203,20220218,20220218,133008500,13:30:10,9446,1721,7199,80456750,0,0,0
SF203,20220218,20220218,133009500,13:30:10,9446,1721,7199,80456750,0,0,0
SF203,20220218,20220218,133010000,13:30:11,9446,1721,7199,80456750,0,0,0
SF203,20220218,20220218,133010500,13:30:12,9446,1721,7199,80456750,0,0,0
SF203,20220218,20220218,133011000,13:30:12,9446,1721,7199,80456750,0,0,0
SF203,20220218,20220218,133011500,13:30:13,9446,1721,7199,80456750,0,0,0
SF203,20220218,20220218,133012500,13:30:13,9446,1721,7199,80456750,0,0,0
SF203,20220218,20220218,133013000,13:30:13,9446,1721,7199,80456750,0,0,0
SF203,20220218,20220218,133013500,13:30:14,9446,1721,7199,80456750,0,0,0
SF203,20220218,20220218,133014000,13:30:15,9454,1727,7194,80737250,6,-5,280500
SF203,20220218,20220218,133014500,13:30:16,9454,1727,7194,80737250,0,0,0
SF203,20220218,20220218,133015000,13:30:17,9454,1727,7194,80737250,0,0,0
SF203,20220218,20220218,133016500,13:30:18,9454,1727,7194,80737250,0,0,0
SF203,20220218,20220218,133017000,13:30:18,9454,1727,7194,80737250,0,0,0
SF203,20220218,20220218,133017500,13:30:18,9454,1727,7194,80737250,0,0,0
SF203,20220218,20220218,133018000,13:30:19,9454,1727,7194,80737250,0,0,0
SF203,20220218,20220218,133018500,13:30:19,9454,1727,7194,80737250,0,0,0
SF203,20220218,20220218,133019000,13:30:20,9454,1727,7194,80737250,0,0,0
SF203,20220218,20220218,133019500,13:30:20,9454,1727,7194,80737250,0,0,0
SF203,20220218,20220218,133020000,13:30:21,9454,1727,7194,80737250,0,0,0
SF203,20220218,20220218,133021000,13:30:21,9454,1727,7194,80737250,0,0,0
SF203,20220218,20220218,133021500,13:30:22,9454,1727,7194,80737250,0,0,0
SF203,20220218,20220218,133022000,13:30:22,9454,1727,7194,80737250,0,0,0
SF203,20220218,20220218,133022500,13:30:38,9454,1727,7194,80737250,0,0,0
SF203,20220218,20220218,133023000,13:30:38,9454,1727,7194,80737250,0,0,0
SF203,20220218,20220218,133038000,13:30:40,9454,1727,7194,80737250,0,0,0
SF203,20220218,20220218,133038500,13:30:41,9454,1727,7194,80737250,0,0,0
SF203,20220218,20220218,133040000,13:30:42,9454,1727,7194,80737250,0,0,0
SF203,20220218,20220218,133042000,13:30:44,9454,1727,7194,80737250,0,0,0
SF203,20220218,20220218,133043000,13:30:44,9454,1727,7194,80737250,0,0,0
SF203,20220218,20220218,133043500,13:30:44,9454,1727,7194,80737250,0,0,0
SF203,20220218,20220218,133044500,13:30:46,9454,1727,7194,80737250,0,0,0
SF203,20220218,20220218,133045000,13:30:46,9454,1727,7194,80737250,0,0,0
SF203,20220218,20220218,133046000,13:30:47,9454,1727,7194,80737250,0,0,0
SF203,20220218,20220218,133046500,13:30:47,9454,1727,7194,80737250,0,0,0
SF203,20220218,20220218,133047000,13:30:47,9454,1727,7194,80737250,0,0,0
SF203,20220218,20220218,133047500,13:30:48,9454,1727,7194,80737250,0,0,0
SF203,20220218,20220218,133048000,13:30:48,9454,1727,7194,80737250,0,0,0
SF203,20220218,20220218,133048500,13:30:49,9454,1727,7194,80737250,0,0,0
SF203,20220218,20220218,133049000,13:30:50,9454,1727,7194,80737250,0,0,0
SF203,20220218,20220218,133050500,13:30:51,9454,1727,7194,80737250,0,0,0
SF203,20220218,20220218,133051000,13:30:52,9454,1727,7194,80737250,0,0,0
SF203,20220218,20220218,133051500,13:30:52,9454,1727,7194,80737250,0,0,0
SF203,20220218,20220218,133052000,13:30:53,9454,1727,7194,80737250,0,0,0
SF203,20220218,20220218,133052500,13:30:53,9454,1727,7194,80737250,0,0,0
SF203,20220218,20220218,133053000,13:30:54,9454,1727,7194,80737250,0,0,0
SF203,20220218,20220218,133053500,13:30:54,9454,1727,7194,80737250,0,0,0
SF203,20220218,20220218,133054000,13:30:54,9454,1727,7194,80737250,0,0,0
SF203,20220218,20220218,133054500,13:30:55,9454,1727,7194,80737250,0,0,0
SF203,20220218,20220218,133055000,13:30:55,9454,1727,7194,80737250,0,0,0
SF203,20220218,20220218,133055500,13:30:56,9454,1727,7194,80737250,0,0,0
SF203,20220218,20220218,133057000,13:30:57,9454,1727,7194,80737250,0,0,0
SF203,20220218,20220218,133057500,13:30:58,9454,1727,7194,80737250,0,0,0
SF203,20220218,20220218,133058000,13:30:58,9454,1727,7194,80737250,0,0,0
SF203,20220218,20220218,133058500,13:30:59,9454,1727,7194,80737250,0,0,0
SF203,20220218,20220218,133059000,13:30:59,9454,1727,7194,80737250,0,0,0
SF203,20220218,20220218,133059500,13:30:59,9454,1727,7194,80737250,0,0,0
SF203,20220218,20220218,133100000,13:31:00,9454,1727,7194,80737250,0,0,0
SF203,20220218,20220218,133100500,13:31:00,9452,1737,7201,81204750,10,7,467500
SF203,20220218,20220218,133101000,13:31:01,9452,1737,7201,81204750,0,0,0
SF203,20220218,20220218,133101500,13:31:01,9452,1737,7201,81204750,0,0,0
SF203,20220218,20220218,133102500,13:31:02,9452,1737,7201,81204750,0,0,0
SF203,20220218,20220218,133103000,13:31:03,9452,1737,7201,81204750,0,0,0
SF203,20220218,20220218,133103500,13:31:04,9452,1737,7201,81204750,0,0,0
SF203,20220218,20220218,133104000,13:31:06,9452,1737,7201,81204750,0,0,0
SF203,20220218,20220218,133104500,13:31:06,9452,1737,7201,81204750,0,0,0
SF203,20220218,20220218,133105500,13:31:07,9452,1737,7201,81204750,0,0,0
SF203,20220218,20220218,133106000,13:31:08,9452,1737,7201,81204750,0,0,0
SF203,20220218,20220218,133107500,13:31:08,9452,1737,7201,81204750,0,0,0
SF203,20220218,20220218,133108500,13:31:09,9452,1737,7201,81204750,0,0,0
SF203,20220218,20220218,133109000,13:31:09,9452,1737,7201,81204750,0,0,0
SF203,20220218,20220218,133109500,13:31:10,9452,1737,7201,81204750,0,0,0
SF203,20220218,20220218,133110000,13:31:11,9452,1737,7201,81204750,0,0,0
SF203,20220218,20220218,133110500,13:31:11,9452,1737,7201,81204750,0,0,0
SF203,20220218,20220218,133111000,13:31:11,9452,1737,7201,81204750,0,0,0
SF203,20220218,20220218,133111500,13:31:12,9452,1737,7201,81204750,0,0,0
SF203,20220218,20220218,133112000,13:31:12,9452,1737,7201,81204750,0,0,0
SF203,20220218,20220218,133112500,13:31:13,9452,1737,7201,81204750,0,0,0
SF203,20220218,20220218,133113500,13:31:14,9452,1737,7201,81204750,0,0,0
SF203,20220218,20220218,133114000,13:31:15,9452,1737,7201,81204750,0,0,0
SF203,20220218,20220218,133118500,13:31:19,9452,1737,7201,81204750,0,0,0
SF203,20220218,20220218,133119000,13:31:19,9452,1737,7201,81204750,0,0,0
SF203,20220218,20220218,133119500,13:31:20,9452,1737,7201,81204750,0,0,0
SF203,20220218,20220218,133120000,13:31:20,9452,1737,7201,81204750,0,0,0
SF203,20220218,20220218,133120500,13:31:21,9452,1737,7201,81204750,0,0,0
SF203,20220218,20220218,133121000,13:31:21,9452,1737,7201,81204750,0,0,0
SF203,20220218,20220218,133121500,13:31:22,9452,1737,7201,81204750,0,0,0
SF203,20220218,20220218,133122500,13:31:25,9452,1737,7201,81204750,0,0,0
SF203,20220218,20220218,133123000,13:31:25,9452,1737,7201,81204750,0,0,0
SF203,20220218,20220218,133123500,13:31:25,9452,1737,7201,81204750,0,0,0
SF203,20220218,20220218,133124000,13:31:25,9452,1737,7201,81204750,0,0,0
SF203,20220218,20220218,133124500,13:31:25,9452,1737,7201,81204750,0,0,0
SF203,20220218,20220218,133156000,13:31:56,9452,1737,7201,81204750,0,0,0
SF203,20220218,20220218,133158500,13:31:58,9452,1737,7201,81204750,0,0,0
SF203,20220218,20220218,133159500,13:32:00,9452,1737,7201,81204750,0,0,0
SF203,20220218,20220218,133200000,13:32:00,9452,1737,7201,81204750,0,0,0
SF203,20220218,20220218,133200500,13:32:01,9452,1737,7201,81204750,0,0,0
SF203,20220218,20220218,133202000,13:32:03,9452,1737,7201,81204750,0,0,0
SF203,20220218,20220218,133202500,13:32:03,9452,1737,7201,81204750,0,0,0
SF203,20220218,20220218,133203000,13:32:04,9452,1737,7201,81204750,0,0,0
SF203,20220218,20220218,133203500,13:32:05,9452,1737,7201,81204750,0,0,0
SF203,20220218,20220218,133204000,13:32:05,9452,1737,7201,81204750,0,0,0
SF203,20220218,20220218,133204500,13:32:05,9452,1737,7201,81204750,0,0,0
SF203,20220218,20220218,133205500,13:32:06,9452,1737,7201,81204750,0,0,0
SF203,20220218,20220218,133206000,13:32:06,9452,1737,7201,81204750,0,0,0
SF203,20220218,20220218,133210000,13:32:10,9452,1737,7201,81204750,0,0,0
SF203,20220218,20220218,133210500,13:32:13,9424,1747,7201,81672250,10,0,467500
SF203,20220218,20220218,133211000,13:32:14,9424,1747,7201,81672250,0,0,0
SF203,20220218,20220218,133213000,13:32:15,9424,1747,7201,81672250,0,0,0
SF203,20220218,20220218,133213500,13:32:15,9424,1747,7201,81672250,0,0,0
SF203,20220218,20220218,133214000,13:32:15,9428,1750,7201,81830000,3,0,157750
SF203,20220218,20220218,133216000,13:32:17,9428,1750,7201,81830000,0,0,0
SF203,20220218,20220218,133216500,13:32:17,9428,1750,7201,81830000,0,0,0
SF203,20220218,20220218,133217000,13:32:17,9428,1750,7201,81830000,0,0,0
SF203,20220218,20220218,133219000,13:32:20,9428,1750,7201,81830000,0,0,0
SF203,20220218,20220218,133221500,13:32:22,9428,1750,7201,81830000,0,0,0
SF203,20220218,20220218,133222000,13:32:22,9430,1755,7201,82063800,5,0,233800
SF203,20220218,20220218,133223000,13:32:24,9430,1755,7201,82063800,0,0,0
SF203,20220218,20220218,133223500,13:32:24,9430,1755,7201,82063800,0,0,0
SF203,20220218,20220218,133224000,13:32:24,9430,1755,7201,82063800,0,0,0
SF203,20220218,20220218,133224500,13:32:24,9430,1755,7201,82063800,0,0,0
SF203,20220218,20220218,133225000,13:32:25,9430,1755,7201,82063800,0,0,0
SF203,20220218,20220218,133225500,13:32:25,9430,1755,7201,82063800,0,0,0
SF203,20220218,20220218,133226000,13:32:27,9430,1755,7201,82063800,0,0,0
SF203,20220218,20220218,133226500,13:32:27,9430,1755,7201,82063800,0,0,0
SF203,20220218,20220218,133227500,13:32:27,9430,1755,7201,82063800,0,0,0
SF203,20220218,20220218,133228000,13:32:32,9430,1755,7201,82063800,0,0,0
SF203,20220218,20220218,133228500,13:32:32,9430,1755,7201,82063800,0,0,0
SF203,20220218,20220218,133229000,13:32:33,9430,1755,7201,82063800,0,0,0
SF203,20220218,20220218,133232000,13:32:34,9430,1755,7201,82063800,0,0,0
SF203,20220218,20220218,133232500,13:32:35,9430,1755,7201,82063800,0,0,0
SF203,20220218,20220218,133234000,13:32:35,9432,1758,7201,82204080,3,0,140280
SF203,20220218,20220218,133235000,13:32:36,9432,1758,7201,82204080,0,0,0
SF203,20220218,20220218,133239000,13:32:39,9432,1759,7201,82250840,1,0,46760
SF203,20220218,20220218,133239500,13:32:40,9432,1759,7201,82250840,0,0,0
SF203,20220218,20220218,133240000,13:32:40,9432,1759,7201,82250840,0,0,0
SF203,20220218,20220218,133242000,13:32:42,9430,1760,7201,82297600,1,0,46760
SF203,20220218,20220218,133244500,13:32:45,9430,1761,7201,82344360,1,0,46760
SF203,20220218,20220218,133246000,13:32:46,9428,1762,7201,82391120,1,0,46760
SF203,20220218,20220218,133246500,13:32:47,9428,1762,7201,82391120,0,0,0
SF203,20220218,20220218,133247000,13:32:47,9428,1763,7201,82437880,1,0,46760
SF203,20220218,20220218,133248500,13:32:49,9428,1763,7201,82437880,0,0,0
SF203,20220218,20220218,133249000,13:32:49,9422,1772,7201,82858720,9,0,420840
SF203,20220218,20220218,133249500,13:32:49,9422,1772,7201,82858720,0,0,0
SF203,20220218,20220218,133250000,13:32:50,9422,1772,7201,82858720,0,0,0
SF203,20220218,20220218,133250500,13:32:52,9422,1772,7201,82858720,0,0,0
SF203,20220218,20220218,133251000,13:32:52,9422,1772,7201,82858720,0,0,0
SF203,20220218,20220218,133251500,13:32:53,9422,1772,7201,82858720,0,0,0
SF203,20220218,20220218,133256000,13:32:56,9422,1772,7201,82858720,0,0,0
SF203,20220218,20220218,133256500,13:32:56,9422,1772,7201,82858720,0,0,0
SF203,20220218,20220218,133257000,13:32:59,9422,1772,7201,82858720,0,0,0
SF203,20220218,20220218,133257500,13:33:00,9422,1772,7201,82858720,0,0,0
SF203,20220218,20220218,133258000,13:33:00,9422,1773,7201,82905480,1,0,46760
SF203,20220218,20220218,133258500,13:33:00,9422,1773,7201,82905480,0,0,0
SF203,20220218,20220218,133259500,13:33:00,9422,1774,7201,82952240,1,0,46760
SF203,20220218,20220218,133300000,13:33:01,9422,1774,7201,82952240,0,0,0
SF203,20220218,20220218,133300500,13:33:01,9422,1774,7201,82952240,0,0,0
SF203,20220218,20220218,133301000,13:33:02,9422,1775,7201,82999000,1,0,46760
SF203,20220218,20220218,133301500,13:33:02,9422,1775,7201,82999000,0,0,0
SF203,20220218,20220218,133302000,13:33:03,9422,1775,7201,82999000,0,0,0
SF203,20220218,20220218,133302500,13:33:03,9422,1775,7201,82999000,0,0,0
SF203,20220218,20220218,133303000,13:33:03,9422,1775,7201,82999000,0,0,0
SF203,20220218,20220218,133306500,13:33:06,9422,1775,7201,82999000,0,0,0
SF203,20220218,20220218,133307500,13:33:08,9422,1775,7201,82999000,0,0,0
SF203,20220218,20220218,133308000,13:33:08,9422,1775,7201,82999000,0,0,0
SF203,20220218,20220218,133309000,13:33:09,9422,1775,7201,82999000,0,0,0
SF203,20220218,20220218,133309500,13:33:10,9422,1775,7201,82999000,0,0,0
SF203,20220218,20220218,133310000,13:33:11,9422,1775,7201,82999000,0,0,0
SF203,20220218,20220218,133310500,13:33:12,9422,1775,7201,82999000,0,0,0
SF203,20220218,20220218,133311000,13:33:13,9422,1775,7201,82999000,0,0,0
SF203,20220218,20220218,133311500,13:33:14,9422,1775,7201,82999000,0,0,0
SF203,20220218,20220218,133312000,13:33:14,9422,1775,7201,82999000,0,0,0
SF203,20220218,20220218,133317000,13:33:18,9422,1775,7201,82999000,0,0,0
SF203,20220218,20220218,133318000,13:33:19,9422,1775,7201,82999000,0,0,0
SF203,20220218,20220218,133318500,13:33:19,9422,1775,7201,82999000,0,0,0
SF203,20220218,20220218,133319000,13:33:20,9422,1775,7201,82999000,0,0,0
SF203,20220218,20220218,133319500,13:33:20,9422,1775,7201,82999000,0,0,0
SF203,20220218,20220218,133320000,13:33:21,9422,1775,7201,82999000,0,0,0
SF203,20220218,20220218,133320500,13:33:21,9422,1775,7201,82999000,0,0,0
SF203,20220218,20220218,133321500,13:33:22,9422,1775,7201,82999000,0,0,0
SF203,20220218,20220218,133322500,13:33:22,9422,1775,7201,82999000,0,0,0
SF203,20220218,20220218,133323500,13:33:24,9422,1775,7201,82999000,0,0,0
SF203,20220218,20220218,133324000,13:33:24,9422,1775,7201,82999000,0,0,0
SF203,20220218,20220218,133325500,13:33:26,9422,1775,7201,82999000,0,0,0
SF203,20220218,20220218,133326000,13:33:27,9422,1775,7201,82999000,0,0,0
SF203,20220218,20220218,133327000,13:33:29,9422,1775,7201,82999000,0,0,0
SF203,20220218,20220218,133328500,13:33:30,9422,1775,7201,82999000,0,0,0
SF203,20220218,20220218,133330000,13:33:30,9422,1775,7201,82999000,0,0,0
SF203,20220218,20220218,133333500,13:33:33,9422,1775,7201,82999000,0,0,0
SF203,20220218,20220218,133334000,13:33:34,9422,1775,7201,82999000,0,0,0
SF203,20220218,20220218,133336000,13:33:36,9422,1775,7201,82999000,0,0,0
SF203,20220218,20220218,133336500,13:33:36,9422,1775,7201,82999000,0,0,0
SF203,20220218,20220218,133337000,13:33:37,9422,1775,7201,82999000,0,0,0
SF203,20220218,20220218,133337500,13:33:37,9422,1775,7201,82999000,0,0,0
SF203,20220218,20220218,133338000,13:33:38,9422,1775,7201,82999000,0,0,0
SF203,20220218,20220218,133338500,13:33:39,9422,1775,7201,82999000,0,0,0
SF203,20220218,20220218,133339000,13:33:39,9422,1775,7201,82999000,0,0,0
SF203,20220218,20220218,133341500,13:33:42,9422,1775,7201,82999000,0,0,0
SF203,20220218,20220218,133342000,13:33:42,9422,1775,7201,82999000,0,0,0
SF203,20220218,20220218,133343500,13:33:44,9422,1775,7201,82999000,0,0,0
SF203,20220218,20220218,133344000,13:33:44,9422,1775,7201,82999000,0,0,0
SF203,20220218,20220218,133346000,13:33:47,9422,1775,7201,82999000,0,0,0
SF203,20220218,20220218,133347000,13:33:48,9422,1775,7201,82999000,0,0,0
SF203,20220218,20220218,133347500,13:33:49,9422,1775,7201,82999000,0,0,0
SF203,20220218,20220218,133348000,13:33:49,9422,1775,7201,82999000,0,0,0
SF203,20220218,20220218,133352000,13:33:52,9422,1775,7201,82999000,0,0,0
SF203,20220218,20220218,133352500,13:33:52,9422,1775,7201,82999000,0,0,0
SF203,20220218,20220218,133354000,13:33:54,9422,1775,7201,82999000,0,0,0
SF203,20220218,20220218,133356500,13:33:57,9438,1776,7201,83045760,1,0,46760
SF203,20220218,20220218,133357000,13:33:58,9438,1776,7201,83045760,0,0,0
SF203,20220218,20220218,133357500,13:33:58,9438,1776,7201,83045760,0,0,0
SF203,20220218,20220218,133358500,13:33:58,9438,1776,7201,83045760,0,0,0
SF203,20220218,20220218,133359000,13:33:59,9432,1811,7230,84700470,35,29,1654710
SF203,20220218,20220218,133359500,13:33:59,9432,1811,7230,84700470,0,0,0
SF203,20220218,20220218,133400000,13:34:00,9432,1811,7230,84700470,0,0,0
SF203,20220218,20220218,133400500,13:34:00,9432,1811,7230,84700470,0,0,0
SF203,20220218,20220218,133402000,13:34:02,9432,1811,7230,84700470,0,0,0
SF203,20220218,20220218,133410000,13:34:11,9432,1811,7230,84700470,0,0,0
SF203,20220218,20220218,133410500,13:34:12,9432,1811,7230,84700470,0,0,0
SF203,20220218,20220218,133411000,13:34:12,9432,1811,7230,84700470,0,0,0
SF203,20220218,20220218,133411500,13:34:12,9432,1811,7230,84700470,0,0,0
SF203,20220218,20220218,133412500,13:34:13,9432,1811,7230,84700470,0,0,0
SF203,20220218,20220218,133413000,13:34:13,9432,1811,7230,84700470,0,0,0
SF203,20220218,20220218,133413500,13:34:14,9432,1811,7230,84700470,0,0,0
SF203,20220218,20220218,133414000,13:34:14,9432,1811,7230,84700470,0,0,0
SF203,20220218,20220218,133414500,13:34:14,9432,1811,7230,84700470,0,0,0
SF203,20220218,20220218,133415000,13:34:15,9432,1811,7230,84700470,0,0,0
SF203,20220218,20220218,133415500,13:34:16,9432,1811,7230,84700470,0,0,0
SF203,20220218,20220218,133416000,13:34:16,9432,1811,7230,84700470,0,0,0
SF203,20220218,20220218,133416500,13:34:16,9432,1811,7230,84700470,0,0,0
SF203,20220218,20220218,133417000,13:34:17,9432,1811,7230,84700470,0,0,0
SF203,20220218,20220218,133417500,13:34:17,9432,1811,7230,84700470,0,0,0
SF203,20220218,20220218,133420000,13:34:20,9432,1811,7230,84700470,0,0,0
SF203,20220218,20220218,133420500,13:34:21,9432,1811,7230,84700470,0,0,0
SF203,20220218,20220218,133421500,13:34:23,9432,1811,7230,84700470,0,0,0
SF203,20220218,20220218,133423500,13:34:24,9432,1811,7230,84700470,0,0,0
SF203,20220218,20220218,133424500,13:34:24,9432,1811,7230,84700470,0,0,0
SF203,20220218,20220218,133425000,13:34:25,9432,1811,7230,84700470,0,0,0
SF203,20220218,20220218,133425500,13:34:25,9432,1811,7230,84700470,0,0,0
SF203,20220218,20220218,133426000,13:34:26,9432,1811,7230,84700470,0,0,0
SF203,20220218,20220218,133429500,13:34:29,9432,1811,7230,84700470,0,0,0
SF203,20220218,20220218,133430000,13:34:30,9432,1811,7230,84700470,0,0,0
SF203,20220218,20220218,133430500,13:34:30,9432,1811,7230,84700470,0,0,0
SF203,20220218,20220218,133431000,13:34:31,9432,1811,7230,84700470,0,0,0
SF203,20220218,20220218,133432000,13:34:32,9432,1811,7230,84700470,0,0,0
SF203,20220218,20220218,133432500,13:34:32,9432,1811,7230,84700470,0,0,0
SF203,20220218,20220218,133433000,13:34:33,9432,1811,7230,84700470,0,0,0
SF203,20220218,20220218,133433500,13:34:34,9432,1811,7230,84700470,0,0,0
SF203,20220218,20220218,133434000,13:34:34,9432,1811,7230,84700470,0,0,0
SF203,20220218,20220218,133434500,13:34:35,9432,1811,7230,84700470,0,0,0
SF203,20220218,20220218,133435000,13:34:35,9432,1811,7230,84700470,0,0,0
SF203,20220218,20220218,133435500,13:34:36,9432,1811,7230,84700470,0,0,0
SF203,20220218,20220218,133436000,13:34:36,9432,1811,7230,84700470,0,0,0
SF203,20220218,20220218,133437000,13:34:37,9432,1811,7230,84700470,0,0,0
SF203,20220218,20220218,133437500,13:34:38,9432,1811,7230,84700470,0,0,0
SF203,20220218,20220218,133438500,13:34:38,9432,1811,7230,84700470,0,0,0
SF203,20220218,20220218,133441500,13:34:41,9432,1811,7230,84700470,0,0,0
SF203,20220218,20220218,133444000,13:34:45,9432,1811,7230,84700470,0,0,0
SF203,20220218,20220218,133445000,13:34:46,9432,1811,7230,84700470,0,0,0
SF203,20220218,20220218,133446000,13:34:46,9432,1811,7230,84700470,0,0,0
SF203,20220218,20220218,133446500,13:34:47,9432,1811,7230,84700470,0,0,0
SF203,20220218,20220218,133447500,13:34:47,9432,1811,7230,84700470,0,0,0
SF203,20220218,20220218,133448000,13:34:48,9432,1811,7230,84700470,0,0,0
SF203,20220218,20220218,133449000,13:34:49,9432,1811,7230,84700470,0,0,0
SF203,20220218,20220218,133449500,13:34:49,9432,1811,7230,84700470,0,0,0
SF203,20220218,20220218,133450000,13:34:50,9432,1811,7230,84700470,0,0,0
SF203,20220218,20220218,133450500,13:34:51,9432,1811,7230,84700470,0,0,0
SF203,20220218,20220218,133453000,13:34:53,9432,1811,7230,84700470,0,0,0
SF203,20220218,20220218,133453500,13:34:55,9432,1811,7230,84700470,0,0,0
SF203,20220218,20220218,133454500,13:34:56,9432,1811,7230,84700470,0,0,0
SF203,20220218,20220218,133455000,13:34:56,9432,1811,7230,84700470,0,0,0
SF203,20220218,20220218,133456000,13:34:56,9432,1811,7230,84700470,0,0,0
SF203,20220218,20220218,133456500,13:34:57,9432,1811,7230,84700470,0,0,0
SF203,20220218,20220218,133457000,13:34:57,9432,1811,7230,84700470,0,0,0
SF203,20220218,20220218,133458000,13:34:58,9432,1811,7230,84700470,0,0,0
SF203,20220218,20220218,133503500,13:35:10,9432,1811,7230,84700470,0,0,0
SF203,20220218,20220218,133510000,13:35:10,9432,1811,7230,84700470,0,0,0
SF203,20220218,20220218,133511500,13:35:11,9432,1811,7230,84700470,0,0,0
SF203,20220218,20220218,133512000,13:35:12,9432,1811,7230,84700470,0,0,0
SF203,20220218,20220218,133513500,13:35:14,9432,1811,7230,84700470,0,0,0
SF203,20220218,20220218,133514000,13:35:14,9432,1811,7230,84700470,0,0,0
SF203,20220218,20220218,133515500,13:35:16,9432,1811,7230,84700470,0,0,0
SF203,20220218,20220218,133516000,13:35:16,9432,1811,7230,84700470,0,0,0
SF203,20220218,20220218,133516500,13:35:16,9432,1811,7230,84700470,0,0,0
SF203,20220218,20220218,133517000,13:35:17,9432,1811,7230,84700470,0,0,0
SF203,20220218,20220218,133517500,13:35:18,9432,1811,7230,84700470,0,0,0
SF203,20220218,20220218,133518000,13:35:18,9432,1811,7230,84700470,0,0,0
SF203,20220218,20220218,133518500,13:35:19,9432,1811,7230,84700470,0,0,0
SF203,20220218,20220218,133519500,13:35:20,9432,1811,7230,84700470,0,0,0
SF203,20220218,20220218,133520000,13:35:20,9432,1811,7230,84700470,0,0,0
SF203,20220218,20220218,133520500,13:35:20,9432,1811,7230,84700470,0,0,0
SF203,20220218,20220218,133521000,13:35:21,9432,1811,7230,84700470,0,0,0
SF203,20220218,20220218,133522000,13:35:22,9432,1811,7230,84700470,0,0,0
SF203,20220218,20220218,133522500,13:35:23,9432,1811,7230,84700470,0,0,0
SF203,20220218,20220218,133523500,13:35:23,9432,1811,7230,84700470,0,0,0
SF203,20220218,20220218,133524000,13:35:24,9432,1811,7230,84700470,0,0,0
SF203,20220218,20220218,133524500,13:35:25,9432,1811,7230,84700470,0,0,0
SF203,20220218,20220218,133525000,13:35:25,9432,1811,7230,84700470,0,0,0
SF203,20220218,20220218,133525500,13:35:26,9432,1811,7230,84700470,0,0,0
SF203,20220218,20220218,133528500,13:35:32,9432,1811,7230,84700470,0,0,0
SF203,20220218,20220218,133531000,13:35:32,9432,1811,7230,84700470,0,0,0
SF203,20220218,20220218,133531500,13:35:41,9432,1811,7230,84700470,0,0,0
SF203,20220218,20220218,133540500,13:35:43,9432,1811,7230,84700470,0,0,0
SF203,20220218,20220218,133542000,13:35:43,9432,1811,7230,84700470,0,0,0
SF203,20220218,20220218,133542500,13:35:44,9432,1811,7230,84700470,0,0,0
SF203,20220218,20220218,133543000,13:35:44,9432,1811,7230,84700470,0,0,0
SF203,20220218,20220218,133544000,13:35:44,9432,1811,7230,84700470,0,0,0
SF203,20220218,20220218,133544500,13:35:45,9432,1811,7230,84700470,0,0,0
SF203,20220218,20220218,133545000,13:35:45,9432,1811,7230,84700470,0,0,0
SF203,20220218,20220218,133545500,13:35:46,9432,1811,7230,84700470,0,0,0
SF203,20220218,20220218,133546000,13:35:46,9432,1811,7230,84700470,0,0,0
SF203,20220218,20220218,133546500,13:35:46,9432,1811,7230,84700470,0,0,0
SF203,20220218,20220218,133547000,13:35:47,9432,1811,7230,84700470,0,0,0
SF203,20220218,20220218,133547500,13:35:48,9432,1811,7230,84700470,0,0,0
SF203,20220218,20220218,133548000,13:35:48,9432,1811,7230,84700470,0,0,0
SF203,20220218,20220218,133548500,13:35:48,9432,1811,7230,84700470,0,0,0
SF203,20220218,20220218,133549000,13:35:49,9432,1811,7230,84700470,0,0,0
SF203,20220218,20220218,133549500,13:35:49,9432,1811,7230,84700470,0,0,0
SF203,20220218,20220218,133550000,13:35:50,9432,1811,7230,84700470,0,0,0
SF203,20220218,20220218,133550500,13:35:50,9432,1811,7230,84700470,0,0,0
SF203,20220218,20220218,133551000,13:35:51,9432,1811,7230,84700470,0,0,0
SF203,20220218,20220218,133551500,13:35:51,9432,1811,7230,84700470,0,0,0
SF203,20220218,20220218,133552000,13:35:52,9432,1811,7230,84700470,0,0,0
SF203,20220218,20220218,133552500,13:35:52,9432,1811,7230,84700470,0,0,0
SF203,20220218,20220218,133553000,13:35:53,9432,1811,7230,84700470,0,0,0
SF203,20220218,20220218,133554000,13:35:55,9432,1811,7230,84700470,0,0,0
SF203,20220218,20220218,133554500,13:35:55,9432,1811,7230,84700470,0,0,0
SF203,20220218,20220218,133555000,13:35:56,9432,1811,7230,84700470,0,0,0
SF203,20220218,20220218,133555500,13:35:56,9432,1811,7230,84700470,0,0,0
SF203,20220218,20220218,133556000,13:35:56,9432,1811,7230,84700470,0,0,0
SF203,20220218,20220218,133556500,13:35:56,9432,1818,7228,85027860,7,-2,327390
SF203,20220218,20220218,133557000,13:35:59,9432,1818,7228,85027860,0,0,0
SF203,20220218,20220218,133558000,13:36:01,9432,1818,7228,85027860,0,0,0
SF203,20220218,20220218,133558500,13:36:02,9432,1820,7226,85121400,2,-2,93540
SF203,20220218,20220218,133559500,13:36:03,9432,1820,7226,85121400,0,0,0
SF203,20220218,20220218,133601000,13:36:03,9432,1820,7226,85121400,0,0,0
SF203,20220218,20220218,133602500,13:36:03,9432,1820,7226,85121400,0,0,0
SF203,20220218,20220218,133603000,13:36:05,9432,1820,7226,85121400,0,0,0
SF203,20220218,20220218,133603500,13:36:05,9432,1820,7226,85121400,0,0,0
SF203,20220218,20220218,133604000,13:36:05,9432,1820,7226,85121400,0,0,0
SF203,20220218,20220218,133605000,13:36:06,9432,1820,7226,85121400,0,0,0
SF203,20220218,20220218,133605500,13:36:07,9432,1820,7226,85121400,0,0,0
SF203,20220218,20220218,133606000,13:36:07,9432,1820,7226,85121400,0,0,0
SF203,20220218,20220218,133606500,13:36:07,9432,1820,7226,85121400,0,0,0
SF203,20220218,20220218,133607000,13:36:07,9432,1820,7226,85121400,0,0,0
SF203,20220218,20220218,133607500,13:36:08,9432,1820,7226,85121400,0,0,0
SF203,20220218,20220218,133608000,13:36:08,9432,1820,7226,85121400,0,0,0
SF203,20220218,20220218,133608500,13:36:08,9432,1820,7226,85121400,0,0,0
SF203,20220218,20220218,133610000,13:36:10,9432,1820,7226,85121400,0,0,0
SF203,20220218,20220218,133610500,13:36:11,9432,1820,7226,85121400,0,0,0
SF203,20220218,20220218,133611000,13:36:12,9432,1820,7226,85121400,0,0,0
SF203,20220218,20220218,133611500,13:36:12,9432,1820,7226,85121400,0,0,0
SF203,20220218,20220218,133612000,13:36:12,9432,1820,7226,85121400,0,0,0
SF203,20220218,20220218,133612500,13:36:12,9432,1820,7226,85121400,0,0,0
SF203,20220218,20220218,133613000,13:36:13,9432,1820,7226,85121400,0,0,0
SF203,20220218,20220218,133613500,13:36:14,9432,1820,7226,85121400,0,0,0
SF203,20220218,20220218,133614000,13:36:14,9432,1820,7226,85121400,0,0,0
SF203,20220218,20220218,133614500,13:36:14,9432,1820,7226,85121400,0,0,0
SF203,20220218,20220218,133615500,13:36:15,9432,1820,7226,85121400,0,0,0
SF203,20220218,20220218,133616000,13:36:16,9432,1820,7226,85121400,0,0,0
SF203,20220218,20220218,133616500,13:36:17,9432,1820,7226,85121400,0,0,0
SF203,20220218,20220218,133617000,13:36:17,9432,1820,7226,85121400,0,0,0
SF203,20220218,20220218,133617500,13:36:19,9432,1820,7226,85121400,0,0,0
SF203,20220218,20220218,133618000,13:36:19,9432,1820,7226,85121400,0,0,0
SF203,20220218,20220218,133618500,13:36:19,9432,1820,7226,85121400,0,0,0
SF203,20220218,20220218,133619000,13:36:19,9432,1820,7226,85121400,0,0,0
SF203,20220218,20220218,133619500,13:36:19,9432,1820,7226,85121400,0,0,0
SF203,20220218,20220218,133620000,13:36:20,9432,1820,7226,85121400,0,0,0
SF203,20220218,20220218,133620500,13:36:20,9432,1820,7226,85121400,0,0,0
SF203,20220218,20220218,133621000,13:36:21,9432,1820,7226,85121400,0,0,0
SF203,20220218,20220218,133621500,13:36:21,9432,1820,7226,85121400,0,0,0
SF203,20220218,20220218,133622000,13:36:22,9432,1820,7226,85121400,0,0,0
SF203,20220218,20220218,133622500,13:36:22,9432,1820,7226,85121400,0,0,0
SF203,20220218,20220218,133623000,13:36:23,9432,1820,7226,85121400,0,0,0
SF203,20220218,20220218,133623500,13:36:23,9432,1820,7226,85121400,0,0,0
SF203,20220218,20220218,133624000,13:36:24,9432,1820,7226,85121400,0,0,0
SF203,20220218,20220218,133624500,13:36:24,9432,1820,7226,85121400,0,0,0
SF203,20220218,20220218,133625000,13:36:25,9432,1820,7226,85121400,0,0,0
SF203,20220218,20220218,133625500,13:36:25,9432,1820,7226,85121400,0,0,0
SF203,20220218,20220218,133626000,13:36:26,9432,1820,7226,85121400,0,0,0
SF203,20220218,20220218,133626500,13:36:27,9432,1820,7226,85121400,0,0,0
SF203,20220218,20220218,133627000,13:36:27,9432,1820,7226,85121400,0,0,0
SF203,20220218,20220218,133627500,13:36:28,9432,1820,7226,85121400,0,0,0
SF203,20220218,20220218,133628000,13:36:28,9432,1820,7226,85121400,0,0,0
SF203,20220218,20220218,133628500,13:36:29,9432,1820,7226,85121400,0,0,0
SF203,20220218,20220218,133629000,13:36:29,9432,1820,7226,85121400,0,0,0
SF203,20220218,20220218,133629500,13:36:30,9432,1820,7226,85121400,0,0,0
SF203,20220218,20220218,133630000,13:36:30,9432,1820,7226,85121400,0,0,0
SF203,20220218,20220218,133630500,13:36:31,9432,1820,7226,85121400,0,0,0
SF203,20220218,20220218,133631000,13:36:31,9432,1820,7226,85121400,0,0,0
SF203,20220218,20220218,133631500,13:36:31,9432,1820,7226,85121400,0,0,0
SF203,20220218,20220218,133632000,13:36:32,9432,1820,7226,85121400,0,0,0
SF203,20220218,20220218,133632500,13:36:32,9432,1820,7226,85121400,0,0,0
SF203,20220218,20220218,133633500,13:36:33,9432,1820,7226,85121400,0,0,0
SF203,20220218,20220218,133634000,13:36:34,9432,1820,7226,85121400,0,0,0
SF203,20220218,20220218,133634500,13:36:35,9432,1820,7226,85121400,0,0,0
SF203,20220218,20220218,133635000,13:36:35,9434,1830,7226,85589100,10,0,467700
SF203,20220218,20220218,133635500,13:36:36,9434,1830,7226,85589100,0,0,0
SF203,20220218,20220218,133636500,13:36:36,9434,1830,7226,85589100,0,0,0
SF203,20220218,20220218,133637000,13:36:38,9434,1830,7226,85589100,0,0,0
SF203,20220218,20220218,133638000,13:36:38,9434,1830,7226,85589100,0,0,0
SF203,20220218,20220218,133638500,13:36:39,9434,1830,7226,85589100,0,0,0
SF203,20220218,20220218,133639000,13:36:39,9434,1830,7226,85589100,0,0,0
SF203,20220218,20220218,133640000,13:36:40,9434,1830,7226,85589100,0,0,0
SF203,20220218,20220218,133640500,13:36:40,9434,1830,7226,85589100,0,0,0
SF203,20220218,20220218,133642000,13:36:42,9434,1830,7226,85589100,0,0,0
SF203,20220218,20220218,133642500,13:36:42,9434,1830,7226,85589100,0,0,0
SF203,20220218,20220218,133643000,13:36:43,9434,1830,7226,85589100,0,0,0
SF203,20220218,20220218,133643500,13:36:44,9434,1830,7226,85589100,0,0,0
SF203,20220218,20220218,133644000,13:36:44,9434,1830,7226,85589100,0,0,0
SF203,20220218,20220218,133644500,13:36:44,9434,1830,7226,85589100,0,0,0
SF203,20220218,20220218,133645000,13:36:45,9434,1830,7226,85589100,0,0,0
SF203,20220218,20220218,133645500,13:36:46,9434,1830,7226,85589100,0,0,0
SF203,20220218,20220218,133646000,13:36:46,9434,1830,7226,85589100,0,0,0
SF203,20220218,20220218,133646500,13:36:46,9434,1830,7226,85589100,0,0,0
SF203,20220218,20220218,133647000,13:36:47,9434,1830,7226,85589100,0,0,0
SF203,20220218,20220218,133647500,13:36:47,9434,1830,7226,85589100,0,0,0
SF203,20220218,20220218,133648000,13:36:48,9434,1830,7226,85589100,0,0,0
SF203,20220218,20220218,133648500,13:36:48,9434,1830,7226,85589100,0,0,0
SF203,20220218,20220218,133649000,13:36:49,9434,1830,7226,85589100,0,0,0
SF203,20220218,20220218,133651500,13:36:51,9434,1830,7226,85589100,0,0,0
SF203,20220218,20220218,133652500,13:36:53,9434,1830,7226,85589100,0,0,0
SF203,20220218,20220218,133653000,13:36:53,9434,1830,7226,85589100,0,0,0
SF203,20220218,20220218,133653500,13:36:54,9434,1830,7226,85589100,0,0,0
SF203,20220218,20220218,133654000,13:36:54,9434,1830,7226,85589100,0,0,0
SF203,20220218,20220218,133655500,13:36:56,9434,1830,7226,85589100,0,0,0
SF203,20220218,20220218,133656000,13:36:56,9434,1830,7226,85589100,0,0,0
SF203,20220218,20220218,133656500,13:36:57,9434,1830,7226,85589100,0,0,0
SF203,20220218,20220218,133657500,13:36:58,9434,1830,7226,85589100,0,0,0
SF203,20220218,20220218,133658000,13:36:58,9434,1830,7226,85589100,0,0,0
SF203,20220218,20220218,133658500,13:36:59,9434,1830,7226,85589100,0,0,0
SF203,20220218,20220218,133659000,13:36:59,9434,1830,7226,85589100,0,0,0
SF203,20220218,20220218,133659500,13:36:59,9434,1830,7226,85589100,0,0,0
SF203,20220218,20220218,133700000,13:37:00,9434,1830,7226,85589100,0,0,0
SF203,20220218,20220218,133701000,13:37:01,9434,1830,7226,85589100,0,0,0
SF203,20220218,20220218,133701500,13:37:02,9434,1830,7226,85589100,0,0,0
SF203,20220218,20220218,133702000,13:37:02,9434,1830,7226,85589100,0,0,0
SF203,20220218,20220218,133702500,13:37:03,9434,1830,7226,85589100,0,0,0
SF203,20220218,20220218,133703000,13:37:03,9434,1830,7226,85589100,0,0,0
SF203,20220218,20220218,133703500,13:37:03,9434,1830,7226,85589100,0,0,0
SF203,20220218,20220218,133704000,13:37:04,9434,1830,7226,85589100,0,0,0
SF203,20220218,20220218,133704500,13:37:05,9434,1830,7226,85589100,0,0,0
SF203,20220218,20220218,133705000,13:37:05,9434,1830,7226,85589100,0,0,0
SF203,20220218,20220218,133705500,13:37:05,9434,1830,7226,85589100,0,0,0
SF203,20220218,20220218,133706000,13:37:08,9434,1830,7226,85589100,0,0,0
SF203,20220218,20220218,133706500,13:37:08,9434,1830,7226,85589100,0,0,0
SF203,20220218,20220218,133707000,13:37:08,9434,1830,7226,85589100,0,0,0
SF203,20220218,20220218,133708000,13:37:08,9434,1830,7226,85589100,0,0,0
SF203,20220218,20220218,133709000,13:37:09,9434,1830,7226,85589100,0,0,0
SF203,20220218,20220218,133709500,13:37:10,9434,1830,7226,85589100,0,0,0
SF203,20220218,20220218,133710000,13:37:11,9434,1830,7226,85589100,0,0,0
SF203,20220218,20220218,133710500,13:37:11,9434,1830,7226,85589100,0,0,0
SF203,20220218,20220218,133712500,13:37:13,9434,1830,7226,85589100,0,0,0
SF203,20220218,20220218,133713000,13:37:13,9434,1830,7226,85589100,0,0,0
SF203,20220218,20220218,133713500,13:37:14,9434,1830,7226,85589100,0,0,0
SF203,20220218,20220218,133714000,13:37:14,9434,1830,7226,85589100,0,0,0
SF203,20220218,20220218,133714500,13:37:14,9434,1830,7226,85589100,0,0,0
SF203,20220218,20220218,133715500,13:37:15,9434,1830,7226,85589100,0,0,0
SF203,20220218,20220218,133716000,13:37:16,9434,1830,7226,85589100,0,0,0
SF203,20220218,20220218,133716500,13:37:17,9434,1830,7226,85589100,0,0,0
SF203,20220218,20220218,133717000,13:37:17,9434,1830,7226,85589100,0,0,0
SF203,20220218,20220218,133718000,13:37:18,9434,1830,7226,85589100,0,0,0
SF203,20220218,20220218,133718500,13:37:19,9434,1830,7226,85589100,0,0,0
SF203,20220218,20220218,133719000,13:37:19,9434,1830,7226,85589100,0,0,0
SF203,20220218,20220218,133719500,13:37:20,9434,1830,7226,85589100,0,0,0
SF203,20220218,20220218,133720000,13:37:20,9434,1830,7226,85589100,0,0,0
SF203,20220218,20220218,133721500,13:37:21,9434,1830,7226,85589100,0,0,0
SF203,20220218,20220218,133722000,13:37:22,9434,1830,7226,85589100,0,0,0
SF203,20220218,20220218,133722500,13:37:23,9434,1830,7226,85589100,0,0,0
SF203,20220218,20220218,133723500,13:37:23,9434,1830,7226,85589100,0,0,0
SF203,20220218,20220218,133724000,13:37:24,9434,1830,7226,85589100,0,0,0
SF203,20220218,20220218,133725000,13:37:25,9434,1830,7226,85589100,0,0,0
SF203,20220218,20220218,133725500,13:37:26,9434,1830,7226,85589100,0,0,0
SF203,20220218,20220218,133726000,13:37:26,9434,1830,7226,85589100,0,0,0
SF203,20220218,20220218,133727000,13:37:27,9434,1830,7226,85589100,0,0,0
SF203,20220218,20220218,133728000,13:37:28,9434,1830,7226,85589100,0,0,0
SF203,20220218,20220218,133728500,13:37:28,9434,1830,7226,85589100,0,0,0
SF203,20220218,20220218,133729000,13:37:29,9434,1830,7226,85589100,0,0,0
SF203,20220218,20220218,133730500,13:37:30,9434,1830,7226,85589100,0,0,0
SF203,20220218,20220218,133731500,13:37:31,9434,1830,7226,85589100,0,0,0
SF203,20220218,20220218,133733500,13:37:33,9434,1830,7226,85589100,0,0,0
SF203,20220218,20220218,133734000,13:37:34,9434,1830,7226,85589100,0,0,0
SF203,20220218,20220218,133734500,13:37:34,9434,1830,7226,85589100,0,0,0
SF203,20220218,20220218,133736000,13:37:36,9434,1830,7226,85589100,0,0,0
SF203,20220218,20220218,133736500,13:37:37,9434,1830,7226,85589100,0,0,0
SF203,20220218,20220218,133737000,13:37:37,9434,1830,7226,85589100,0,0,0
SF203,20220218,20220218,133737500,13:37:37,9434,1830,7226,85589100,0,0,0
SF203,20220218,20220218,133738000,13:37:38,9434,1830,7226,85589100,0,0,0
SF203,20220218,20220218,133739000,13:37:39,9434,1830,7226,85589100,0,0,0
SF203,20220218,20220218,133739500,13:37:39,9434,1830,7226,85589100,0,0,0
SF203,20220218,20220218,133741000,13:37:41,9434,1830,7226,85589100,0,0,0
SF203,20220218,20220218,133742000,13:37:42,9434,1830,7226,85589100,0,0,0
SF203,20220218,20220218,133743000,13:37:43,9434,1830,7226,85589100,0,0,0
SF203,20220218,20220218,133743500,13:37:44,9434,1830,7226,85589100,0,0,0
SF203,20220218,20220218,133744000,13:37:44,9434,1830,7226,85589100,0,0,0
SF203,20220218,20220218,133745000,13:37:45,9434,1830,7226,85589100,0,0,0
SF203,20220218,20220218,133745500,13:37:45,9434,1830,7226,85589100,0,0,0
SF203,20220218,20220218,133746000,13:37:46,9434,1830,7226,85589100,0,0,0
SF203,20220218,20220218,133746500,13:37:47,9434,1830,7226,85589100,0,0,0
SF203,20220218,20220218,133747000,13:37:47,9434,1830,7226,85589100,0,0,0
SF203,20220218,20220218,133747500,13:37:48,9434,1830,7226,85589100,0,0,0
SF203,20220218,20220218,133748000,13:37:48,9434,1830,7226,85589100,0,0,0
SF203,20220218,20220218,133748500,13:37:48,9434,1830,7226,85589100,0,0,0
SF203,20220218,20220218,133749000,13:37:49,9434,1830,7226,85589100,0,0,0
SF203,20220218,20220218,133750000,13:37:50,9434,1830,7226,85589100,0,0,0
SF203,20220218,20220218,133750500,13:37:51,9434,1830,7226,85589100,0,0,0
SF203,20220218,20220218,133751500,13:37:53,9434,1830,7226,85589100,0,0,0
SF203,20220218,20220218,133752000,13:37:53,9434,1830,7226,85589100,0,0,0
SF203,20220218,20220218,133752500,13:37:53,9434,1830,7226,85589100,0,0,0
SF203,20220218,20220218,133755000,13:37:55,9434,1830,7226,85589100,0,0,0
SF203,20220218,20220218,133756000,13:37:56,9434,1830,7226,85589100,0,0,0
SF203,20220218,20220218,133756500,13:37:57,9434,1830,7226,85589100,0,0,0
SF203,20220218,20220218,133757000,13:37:57,9434,1830,7226,85589100,0,0,0
SF203,20220218,20220218,133758000,13:37:58,9434,1830,7226,85589100,0,0,0
SF203,20220218,20220218,133758500,13:37:58,9434,1830,7226,85589100,0,0,0
SF203,20220218,20220218,133759000,13:38:00,9434,1830,7226,85589100,0,0,0
SF203,20220218,20220218,133759500,13:38:00,9434,1830,7226,85589100,0,0,0
SF203,20220218,20220218,133800000,13:38:00,9434,1830,7226,85589100,0,0,0
SF203,20220218,20220218,133800500,13:38:02,9434,1830,7226,85589100,0,0,0
SF203,20220218,20220218,133801000,13:38:02,9434,1830,7226,85589100,0,0,0
SF203,20220218,20220218,133802000,13:38:03,9434,1830,7226,85589100,0,0,0
SF203,20220218,20220218,133802500,13:38:05,9434,1830,7226,85589100,0,0,0
SF203,20220218,20220218,133803000,13:38:06,9434,1830,7226,85589100,0,0,0
SF203,20220218,20220218,133804500,13:38:06,9434,1830,7226,85589100,0,0,0
SF203,20220218,20220218,133805500,13:38:07,9434,1830,7226,85589100,0,0,0
SF203,20220218,20220218,133806000,13:38:07,9434,1830,7226,85589100,0,0,0
SF203,20220218,20220218,133806500,13:38:09,9434,1830,7226,85589100,0,0,0
SF203,20220218,20220218,133807000,13:38:09,9434,1830,7226,85589100,0,0,0
SF203,20220218,20220218,133809000,13:38:09,9434,1830,7226,85589100,0,0,0
SF203,20220218,20220218,133809500,13:38:09,9434,1830,7226,85589100,0,0,0
SF203,20220218,20220218,133810500,13:38:10,9434,1830,7226,85589100,0,0,0
SF203,20220218,20220218,133811000,13:38:14,9434,1830,7226,85589100,0,0,0
SF203,20220218,20220218,133812500,13:38:14,9434,1830,7226,85589100,0,0,0
SF203,20220218,20220218,133813500,13:38:15,9434,1830,7226,85589100,0,0,0
SF203,20220218,20220218,133814000,13:38:15,9434,1830,7226,85589100,0,0,0
SF203,20220218,20220218,133814500,13:38:17,9434,1830,7226,85589100,0,0,0
SF203,20220218,20220218,133815000,13:38:17,9434,1830,7226,85589100,0,0,0
SF203,20220218,20220218,133815500,13:38:17,9434,1830,7226,85589100,0,0,0
SF203,20220218,20220218,133816500,13:38:18,9434,1830,7226,85589100,0,0,0
SF203,20220218,20220218,133817500,13:38:18,9434,1830,7226,85589100,0,0,0
SF203,20220218,20220218,133818000,13:38:18,9434,1830,7226,85589100,0,0,0
SF203,20220218,20220218,133819000,13:38:19,9434,1830,7226,85589100,0,0,0
SF203,20220218,20220218,133819500,13:38:19,9434,1830,7226,85589100,0,0,0
SF203,20220218,20220218,133820000,13:38:20,9434,1830,7226,85589100,0,0,0
SF203,20220218,20220218,133821000,13:38:22,9434,1830,7226,85589100,0,0,0
SF203,20220218,20220218,133821500,13:38:22,9434,1830,7226,85589100,0,0,0
SF203,20220218,20220218,133822500,13:38:23,9434,1830,7226,85589100,0,0,0
SF203,20220218,20220218,133823000,13:38:24,9434,1830,7226,85589100,0,0,0
SF203,20220218,20220218,133824000,13:38:24,9434,1830,7226,85589100,0,0,0
SF203,20220218,20220218,133824500,13:38:28,9434,1830,7226,85589100,0,0,0
SF203,20220218,20220218,133825000,13:38:41,9434,1830,7226,85589100,0,0,0
SF203,20220218,20220218,133825500,13:38:41,9434,1830,7226,85589100,0,0,0
SF203,20220218,20220218,133840500,13:38:42,9434,1830,7226,85589100,0,0,0
SF203,20220218,20220218,133841000,13:38:43,9434,1830,7226,85589100,0,0,0
SF203,20220218,20220218,133842000,13:38:43,9434,1830,7226,85589100,0,0,0
SF203,20220218,20220218,133842500,13:38:43,9434,1830,7226,85589100,0,0,0
SF203,20220218,20220218,133844500,13:38:44,9434,1830,7226,85589100,0,0,0
SF203,20220218,20220218,133845000,13:38:45,9434,1830,7226,85589100,0,0,0
SF203,20220218,20220218,133845500,13:38:45,9434,1830,7226,85589100,0,0,0
SF203,20220218,20220218,133846000,13:38:46,9434,1830,7226,85589100,0,0,0
SF203,20220218,20220218,133851500,13:38:51,9434,1830,7226,85589100,0,0,0
SF203,20220218,20220218,133854000,13:38:54,9434,1830,7226,85589100,0,0,0
SF203,20220218,20220218,133901500,13:39:01,9434,1830,7226,85589100,0,0,0
SF203,20220218,20220218,133902500,13:39:02,9434,1830,7226,85589100,0,0,0
SF203,20220218,20220218,133906000,13:39:06,9434,1830,7226,85589100,0,0,0
SF203,20220218,20220218,133907500,13:39:07,9444,1842,7238,86168760,12,12,579660
SF203,20220218,20220218,133908500,13:39:08,9444,1842,7238,86168760,0,0,0
SF203,20220218,20220218,133910000,13:39:10,9444,1842,7238,86168760,0,0,0
SF203,20220218,20220218,133911500,13:39:11,9444,1842,7238,86168760,0,0,0
SF203,20220218,20220218,133913500,13:39:13,9444,1842,7238,86168760,0,0,0
SF203,20220218,20220218,133914000,13:39:15,9444,1852,7228,86636560,10,-10,467800
SF203,20220218,20220218,133914500,13:39:15,9444,1852,7228,86636560,0,0,0
SF203,20220218,20220218,133916000,13:39:19,9444,1852,7228,86636560,0,0,0
SF203,20220218,20220218,133918500,13:39:19,9444,1852,7228,86636560,0,0,0
SF203,20220218,20220218,133919000,13:39:19,9444,1852,7228,86636560,0,0,0
SF203,20220218,20220218,133920000,13:39:20,9444,1852,7228,86636560,0,0,0
SF203,20220218,20220218,133921500,13:39:21,9444,1852,7228,86636560,0,0,0
SF203,20220218,20220218,133922500,13:39:23,9444,1852,7228,86636560,0,0,0
SF203,20220218,20220218,133924000,13:39:24,9444,1852,7228,86636560,0,0,0
SF203,20220218,20220218,133924500,13:39:24,9444,1852,7228,86636560,0,0,0
SF203,20220218,20220218,133925000,13:39:25,9444,1852,7228,86636560,0,0,0
SF203,20220218,20220218,133926000,13:39:26,9444,1852,7228,86636560,0,0,0
SF203,20220218,20220218,133928000,13:39:28,9444,1852,7228,86636560,0,0,0
SF203,20220218,20220218,133929000,13:39:29,9444,1852,7228,86636560,0,0,0
SF203,20220218,20220218,133931000,13:39:31,9444,1852,7228,86636560,0,0,0
SF203,20220218,20220218,133932500,13:39:33,9444,1852,7228,86636560,0,0,0
SF203,20220218,20220218,133933500,13:39:33,9444,1852,7228,86636560,0,0,0
SF203,20220218,20220218,133938500,13:39:38,9444,1852,7228,86636560,0,0,0
SF203,20220218,20220218,133939500,13:39:39,9444,1852,7228,86636560,0,0,0
SF203,20220218,20220218,133940000,13:39:40,9444,1852,7228,86636560,0,0,0
SF203,20220218,20220218,133941000,13:39:41,9444,1852,7228,86636560,0,0,0
SF203,20220218,20220218,133943500,13:39:43,9444,1852,7228,86636560,0,0,0
SF203,20220218,20220218,133944500,13:39:44,9444,1852,7228,86636560,0,0,0
SF203,20220218,20220218,133945000,13:39:45,9444,1852,7228,86636560,0,0,0
SF203,20220218,20220218,133945500,13:39:46,9444,1852,7228,86636560,0,0,0
SF203,20220218,20220218,133946000,13:39:46,9444,1852,7228,86636560,0,0,0
SF203,20220218,20220218,133946500,13:39:47,9444,1852,7228,86636560,0,0,0
SF203,20220218,20220218,133948000,13:39:48,9444,1852,7228,86636560,0,0,0
SF203,20220218,20220218,133951500,13:39:51,9444,1852,7228,86636560,0,0,0
SF203,20220218,20220218,133952000,13:39:52,9444,1852,7228,86636560,0,0,0
SF203,20220218,20220218,133952500,13:39:53,9444,1852,7228,86636560,0,0,0
SF203,20220218,20220218,133953000,13:39:53,9444,1852,7228,86636560,0,0,0
SF203,20220218,20220218,133955000,13:39:55,9444,1852,7228,86636560,0,0,0
SF203,20220218,20220218,133955500,13:39:55,9444,1852,7228,86636560,0,0,0
SF203,20220218,20220218,133956000,13:39:56,9444,1852,7228,86636560,0,0,0
SF203,20220218,20220218,133956500,13:39:57,9444,1852,7228,86636560,0,0,0
SF203,20220218,20220218,133958000,13:40:13,9444,1852,7228,86636560,0,0,0
SF203,20220218,20220218,133958500,13:40:13,9444,1852,7228,86636560,0,0,0
SF203,20220218,20220218,134012000,13:40:13,9444,1852,7228,86636560,0,0,0
SF203,20220218,20220218,134013000,13:40:13,9444,1852,7228,86636560,0,0,0
SF203,20220218,20220218,134013500,13:40:13,9444,1852,7228,86636560,0,0,0
SF203,20220218,20220218,134014000,13:40:14,9444,1852,7228,86636560,0,0,0
SF203,20220218,20220218,134015000,13:40:16,9444,1852,7228,86636560,0,0,0
SF203,20220218,20220218,134015500,13:40:16,9444,1852,7228,86636560,0,0,0
SF203,20220218,20220218,134016500,13:40:17,9444,1852,7228,86636560,0,0,0
SF203,20220218,20220218,134017000,13:40:17,9444,1852,7228,86636560,0,0,0
SF203,20220218,20220218,134017500,13:40:18,9444,1852,7228,86636560,0,0,0
SF203,20220218,20220218,134018500,13:40:19,9444,1852,7228,86636560,0,0,0
SF203,20220218,20220218,134019000,13:40:19,9444,1852,7228,86636560,0,0,0
SF203,20220218,20220218,134019500,13:40:20,9444,1852,7228,86636560,0,0,0
SF203,20220218,20220218,134020000,13:40:20,9444,1852,7228,86636560,0,0,0
SF203,20220218,20220218,134020500,13:40:20,9444,1852,7228,86636560,0,0,0
SF203,20220218,20220218,134021000,13:40:21,9444,1852,7228,86636560,0,0,0
SF203,20220218,20220218,134021500,13:40:22,9444,1852,7228,86636560,0,0,0
SF203,20220218,20220218,134023000,13:40:23,9444,1852,7228,86636560,0,0,0
SF203,20220218,20220218,134023500,13:40:23,9444,1852,7228,86636560,0,0,0
SF203,20220218,20220218,134024000,13:40:24,9444,1852,7228,86636560,0,0,0
SF203,20220218,20220218,134025000,13:40:25,9444,1852,7228,86636560,0,0,0
SF203,20220218,20220218,134025500,13:40:26,9444,1852,7228,86636560,0,0,0
SF203,20220218,20220218,134026000,13:40:26,9444,1852,7228,86636560,0,0,0
SF203,20220218,20220218,134026500,13:40:27,9444,1852,7228,86636560,0,0,0
SF203,20220218,20220218,134027500,13:40:27,9444,1852,7228,86636560,0,0,0
SF203,20220218,20220218,134028500,13:40:29,9444,1852,7228,86636560,0,0,0
SF203,20220218,20220218,134029000,13:40:30,9444,1852,7228,86636560,0,0,0
SF203,20220218,20220218,134029500,13:40:30,9444,1852,7228,86636560,0,0,0
SF203,20220218,20220218,134030000,13:40:30,9444,1852,7228,86636560,0,0,0
SF203,20220218,20220218,134030500,13:40:30,9444,1852,7228,86636560,0,0,0
SF203,20220218,20220218,134031500,13:40:31,9444,1852,7228,86636560,0,0,0
SF203,20220218,20220218,134032000,13:40:32,9444,1852,7228,86636560,0,0,0
SF203,20220218,20220218,134033500,13:40:34,9444,1852,7228,86636560,0,0,0
SF203,20220218,20220218,134034000,13:40:34,9444,1852,7228,86636560,0,0,0
SF203,20220218,20220218,134035000,13:40:35,9444,1852,7228,86636560,0,0,0
SF203,20220218,20220218,134035500,13:40:36,9444,1852,7228,86636560,0,0,0
SF203,20220218,20220218,134037000,13:40:37,9444,1852,7228,86636560,0,0,0
SF203,20220218,20220218,134037500,13:40:37,9444,1852,7228,86636560,0,0,0
SF203,20220218,20220218,134038000,13:40:38,9444,1852,7228,86636560,0,0,0
SF203,20220218,20220218,134038500,13:40:38,9444,1852,7228,86636560,0,0,0
SF203,20220218,20220218,134039000,13:40:40,9444,1852,7228,86636560,0,0,0
SF203,20220218,20220218,134039500,13:40:40,9446,1860,7220,87010800,8,-8,374240
SF203,20220218,20220218,134040500,13:40:41,9446,1860,7220,87010800,0,0,0
SF203,20220218,20220218,134041000,13:40:42,9446,1860,7220,87010800,0,0,0
SF203,20220218,20220218,134041500,13:40:42,9446,1860,7220,87010800,0,0,0
SF203,20220218,20220218,134042500,13:40:42,9446,1860,7220,87010800,0,0,0
SF203,20220218,20220218,134043000,13:40:43,9446,1860,7220,87010800,0,0,0
SF203,20220218,20220218,134043500,13:40:44,9446,1860,7220,87010800,0,0,0
SF203,20220218,20220218,134044500,13:40:44,9446,1860,7220,87010800,0,0,0
SF203,20220218,20220218,134045000,13:40:45,9446,1860,7220,87010800,0,0,0
SF203,20220218,20220218,134045500,13:40:45,9446,1860,7220,87010800,0,0,0
SF203,20220218,20220218,134046500,13:40:46,9446,1860,7220,87010800,0,0,0
SF203,20220218,20220218,134047000,13:40:47,9446,1860,7220,87010800,0,0,0
SF203,20220218,20220218,134047500,13:40:47,9446,1860,7220,87010800,0,0,0
SF203,20220218,20220218,134048500,13:40:48,9446,1860,7220,87010800,0,0,0
SF203,20220218,20220218,134049000,13:40:49,9446,1860,7220,87010800,0,0,0
SF203,20220218,20220218,134050000,13:40:50,9442,2060,7059,96449200,200,-161,9438400
SF203,20220218,20220218,134050500,13:40:50,9444,2062,7059,96542840,2,0,93640
SF203,20220218,20220218,134051000,13:40:51,9444,2062,7059,96542840,0,0,0
SF203,20220218,20220218,134051500,13:40:55,9444,2062,7059,96542840,0,0,0
SF203,20220218,20220218,134052000,13:40:55,9444,2062,7059,96542840,0,0,0
SF203,20220218,20220218,134055000,13:40:55,9444,2062,7059,96542840,0,0,0
SF203,20220218,20220218,134055500,13:40:57,9444,2062,7059,96542840,0,0,0
SF203,20220218,20220218,134056000,13:40:58,9444,2062,7059,96542840,0,0,0
SF203,20220218,20220218,134057000,13:40:58,9444,2062,7059,96542840,0,0,0
SF203,20220218,20220218,134057500,13:40:58,9444,2062,7059,96542840,0,0,0
SF203,20220218,20220218,134059000,13:40:59,9444,2062,7059,96542840,0,0,0
SF203,20220218,20220218,134100500,13:41:00,9444,2062,7059,96542840,0,0,0
SF203,20220218,20220218,134101000,13:41:01,9444,2062,7059,96542840,0,0,0
SF203,20220218,20220218,134101500,13:41:01,9444,2062,7059,96542840,0,0,0
SF203,20220218,20220218,134102000,13:41:02,9444,2062,7059,96542840,0,0,0
SF203,20220218,20220218,134103000,13:41:03,9444,2062,7059,96542840,0,0,0
SF203,20220218,20220218,134103500,13:41:05,9444,2064,7059,96636480,2,0,93640
SF203,20220218,20220218,134106500,13:41:07,9446,2065,7058,96683300,1,-1,46820
SF203,20220218,20220218,134107000,13:41:07,9446,2065,7058,96683300,0,0,0
SF203,20220218,20220218,134107500,13:41:09,9446,2065,7058,96683300,0,0,0
SF203,20220218,20220218,134110000,13:41:10,9448,2066,7058,96730120,1,0,46820
SF203,20220218,20220218,134111000,13:41:11,9448,2068,7058,96823760,2,0,93640
SF203,20220218,20220218,134111500,13:41:11,9448,2068,7058,96823760,0,0,0
SF203,20220218,20220218,134113000,13:41:13,9448,2068,7058,96823760,0,0,0
SF203,20220218,20220218,134114000,13:41:14,9448,2068,7058,96823760,0,0,0
SF203,20220218,20220218,134114500,13:41:15,9448,2068,7058,96823760,0,0,0
SF203,20220218,20220218,134115500,13:41:16,9448,2068,7058,96823760,0,0,0
SF203,20220218,20220218,134116500,13:41:17,9448,2068,7058,96823760,0,0,0
SF203,20220218,20220218,134117000,13:41:17,9448,2068,7058,96823760,0,0,0
SF203,20220218,20220218,134117500,13:41:18,9448,2068,7058,96823760,0,0,0
SF203,20220218,20220218,134118000,13:41:19,9448,2068,7058,96823760,0,0,0
SF203,20220218,20220218,134118500,13:41:19,9448,2068,7058,96823760,0,0,0
SF203,20220218,20220218,134119500,13:41:19,9448,2068,7058,96823760,0,0,0
SF203,20220218,20220218,134121000,13:41:23,9448,2068,7058,96823760,0,0,0
SF203,20220218,20220218,134121500,13:41:24,9448,2068,7058,96823760,0,0,0
SF203,20220218,20220218,134122000,13:41:24,9448,2068,7058,96823760,0,0,0
SF203,20220218,20220218,134126500,13:41:27,9448,2068,7058,96823760,0,0,0
SF203,20220218,20220218,134127000,13:41:27,9446,2069,7058,96870580,1,0,46820
SF203,20220218,20220218,134128500,13:41:28,9446,2069,7058,96870580,0,0,0
SF203,20220218,20220218,134129000,13:41:29,9446,2069,7058,96870580,0,0,0
SF203,20220218,20220218,134130000,13:41:30,9446,2069,7058,96870580,0,0,0
SF203,20220218,20220218,134130500,13:41:31,9446,2069,7058,96870580,0,0,0
SF203,20220218,20220218,134131000,13:41:31,9450,2072,7061,97011040,3,3,140460
SF203,20220218,20220218,134131500,13:41:31,9450,2073,7062,97078590,1,1,67550
SF203,20220218,20220218,134132000,13:41:32,9450,2073,7062,97078590,0,0,0
SF203,20220218,20220218,134132500,13:41:33,9450,2073,7062,97078590,0,0,0
SF203,20220218,20220218,134133000,13:41:33,9450,2090,7078,97874700,17,16,796110
SF203,20220218,20220218,134133500,13:41:33,9450,2090,7078,97874700,0,0,0
SF203,20220218,20220218,134134000,13:41:34,9450,2090,7078,97874700,0,0,0
SF203,20220218,20220218,134134500,13:41:34,9450,2090,7078,97874700,0,0,0
SF203,20220218,20220218,134135000,13:41:35,9450,2090,7078,97874700,0,0,0
SF203,20220218,20220218,134135500,13:41:35,9450,2090,7078,97874700,0,0,0
SF203,20220218,20220218,134136000,13:41:39,9450,2090,7078,97874700,0,0,0
SF203,20220218,20220218,134136500,13:41:39,9450,2090,7078,97874700,0,0,0
SF203,20220218,20220218,134137000,13:41:40,9450,2090,7078,97874700,0,0,0
SF203,20220218,20220218,134139500,13:41:41,9450,2090,7078,97874700,0,0,0
SF203,20220218,20220218,134140000,13:41:42,9450,2090,7078,97874700,0,0,0
SF203,20220218,20220218,134140500,13:41:42,9450,2090,7078,97874700,0,0,0
SF203,20220218,20220218,134141000,13:41:42,9450,2090,7078,97874700,0,0,0
SF203,20220218,20220218,134142000,13:41:42,9450,2090,7078,97874700,0,0,0
SF203,20220218,20220218,134143000,13:41:43,9450,2090,7078,97874700,0,0,0
SF203,20220218,20220218,134144500,13:41:44,9450,2090,7078,97874700,0,0,0
SF203,20220218,20220218,134145000,13:41:45,9450,2090,7078,97874700,0,0,0
SF203,20220218,20220218,134145500,13:41:45,9450,2090,7078,97874700,0,0,0
SF203,20220218,20220218,134146000,13:41:46,9450,2090,7078,97874700,0,0,0
SF203,20220218,20220218,134146500,13:41:47,9450,2090,7078,97874700,0,0,0
SF203,20220218,20220218,134147000,13:41:47,9450,2090,7078,97874700,0,0,0
SF203,20220218,20220218,134148000,13:41:48,9450,2090,7078,97874700,0,0,0
SF203,20220218,20220218,134148500,13:41:48,9450,2090,7078,97874700,0,0,0
SF203,20220218,20220218,134149000,13:41:49,9450,2090,7078,97874700,0,0,0
SF203,20220218,20220218,134149500,13:41:50,9448,2092,7080,97968360,2,2,93660
SF203,20220218,20220218,134150500,13:41:51,9448,2092,7080,97968360,0,0,0
SF203,20220218,20220218,134151000,13:41:51,9448,2092,7080,97968360,0,0,0
SF203,20220218,20220218,134152000,13:41:52,9448,2092,7080,97968360,0,0,0
SF203,20220218,20220218,134153500,13:41:54,9448,2112,7080,98904960,20,0,936600
SF203,20220218,20220218,134202000,13:42:10,9446,2113,7080,98951790,1,0,46830
SF203,20220218,20220218,134202500,13:42:11,9446,2113,7080,98951790,0,0,0
SF203,20220218,20220218,134203000,13:42:11,9446,2113,7080,98951790,0,0,0
SF203,20220218,20220218,134210000,13:42:12,9446,2113,7080,98951790,0,0,0
