SF207,20220218,20220218,112003000,11:20:03,0,0,0,0,0,0,0
SF207,20220218,20220218,112002700,11:20:04,9470,1521,13274,71152380,1521,13274,71152380
SF207,20220218,20220218,112004500,11:20:09,9476,1527,13270,71433060,6,-4,280680
SF207,20220218,20220218,112005000,11:20:10,9476,1527,13270,71433060,0,0,0
SF207,20220218,20220218,112006000,11:20:10,9476,1527,13270,71433060,0,0,0
SF207,20220218,20220218,112006500,11:20:10,9476,1527,13270,71433060,0,0,0
SF207,20220218,20220218,112007000,11:20:10,9476,1527,13270,71433060,0,0,0
SF207,20220218,20220218,112007500,11:20:10,9476,1527,13270,71433060,0,0,0
SF207,20220218,20220218,112008000,11:20:10,9476,1527,13270,71433060,0,0,0
SF207,20220218,20220218,112009500,11:20:10,9476,1527,13270,71433060,0,0,0
SF207,20220218,20220218,112010000,11:20:10,9476,1527,13270,71433060,0,0,0
SF207,20220218,20220218,112010500,11:20:10,9476,1527,13270,71433060,0,0,0
SF207,20220218,20220218,112011000,11:20:11,9476,1527,13270,71433060,0,0,0
SF207,20220218,20220218,112011500,11:20:12,9476,1527,13270,71433060,0,0,0
SF207,20220218,20220218,112012000,11:20:12,9476,1527,13270,71433060,0,0,0
SF207,20220218,20220218,112012500,11:20:12,9476,1527,13270,71433060,0,0,0
SF207,20220218,20220218,112013000,11:20:13,9476,1527,13270,71433060,0,0,0
SF207,20220218,20220218,112013500,11:20:13,9476,1527,13270,71433060,0,0,0
SF207,20220218,20220218,112014000,11:20:14,9476,1527,13270,71433060,0,0,0
SF207,20220218,20220218,112019000,11:20:19,9476,1527,13270,71433060,0,0,0
SF207,20220218,20220218,112019500,11:20:20,9476,1527,13270,71433060,0,0,0
SF207,20220218,20220218,112020000,11:20:20,9476,1527,13270,71433060,0,0,0
SF207,20220218,20220218,112021000,11:20:21,9476,1527,13270,71433060,0,0,0
SF207,20220218,20220218,112021500,11:20:21,9476,1527,13270,71433060,0,0,0
SF207,20220218,20220218,112022000,11:20:22,9476,1527,13270,71433060,0,0,0
SF207,20220218,20220218,112022500,11:20:23,9476,1527,13270,71433060,0,0,0
SF207,20220218,20220218,112023500,11:20:23,9476,1527,13270,71433060,0,0,0
SF207,20220218,20220218,112024000,11:20:24,9476,1527,13270,71433060,0,0,0
SF207,20220218,20220218,112024500,11:20:24,9476,1527,13270,71433060,0,0,0
SF207,20220218,20220218,112025000,11:20:25,9476,1527,13270,71433060,0,0,0
SF207,20220218,20220218,112025500,11:20:26,9476,1527,13270,71433060,0,0,0
SF207,20220218,20220218,112026000,11:20:26,9476,1527,13270,71433060,0,0,0
SF207,20220218,20220218,112026500,11:20:26,9476,1527,13270,71433060,0,0,0
SF207,20220218,20220218,112028000,11:20:28,9476,1527,13270,71433060,0,0,0
SF207,20220218,20220218,112028500,11:20:28,9476,1527,13270,71433060,0,0,0
SF207,20220218,20220218,112029000,11:20:29,9476,1527,13270,71433060,0,0,0
SF207,20220218,20220218,112029500,11:20:31,9476,1527,13270,71433060,0,0,0
SF207,20220218,20220218,112030000,11:20:31,9468,1530,13270,71573400,3,0,140340
SF207,20220218,20220218,112030500,11:20:31,9468,1530,13270,71573400,0,0,0
SF207,20220218,20220218,112031000,11:20:32,9468,1530,13270,71573400,0,0,0
SF207,20220218,20220218,112034000,11:20:34,9468,1530,13270,71573400,0,0,0
SF207,20220218,20220218,112034500,11:20:35,9468,1530,13270,71573400,0,0,0
SF207,20220218,20220218,112035500,11:20:35,9468,1530,13270,71573400,0,0,0
SF207,20220218,20220218,112038500,11:20:39,9468,1530,13270,71573400,0,0,0
SF207,20220218,20220218,112039000,11:20:39,9468,1530,13270,71573400,0,0,0
SF207,20220218,20220218,112039500,11:20:40,9468,1530,13270,71573400,0,0,0
SF207,20220218,20220218,112040000,11:20:41,9468,1530,13270,71573400,0,0,0
SF207,20220218,20220218,112042500,11:20:42,9468,1530,13270,71573400,0,0,0
SF207,20220218,20220218,112043000,11:20:43,9468,1530,13270,71573400,0,0,0
SF207,20220218,20220218,112043500,11:20:44,9468,1530,13270,71573400,0,0,0
SF207,20220218,20220218,112044000,11:20:44,9468,1530,13270,71573400,0,0,0
SF207,20220218,20220218,112044500,11:20:45,9468,1530,13270,71573400,0,0,0
SF207,20220218,20220218,112045000,11:20:45,9468,1530,13270,71573400,0,0,0
SF207,20220218,20220218,112045500,11:20:46,9468,1530,13270,71573400,0,0,0
SF207,20220218,20220218,112046000,11:20:46,9468,1530,13270,71573400,0,0,0
SF207,20220218,20220218,112046500,11:20:46,9468,1530,13270,71573400,0,0,0
SF207,20220218,20220218,112047000,11:20:47,9468,1530,13270,71573400,0,0,0
SF207,20220218,20220218,112047500,11:20:48,9468,1530,13270,71573400,0,0,0
SF207,20220218,20220218,112048000,11:20:48,9468,1530,13270,71573400,0,0,0
SF207,20220218,20220218,112049000,11:20:50,9468,1530,13270,71573400,0,0,0
SF207,20220218,20220218,112049500,11:20:50,9468,1530,13270,71573400,0,0,0
SF207,20220218,20220218,112050500,11:20:50,9468,1530,13270,71573400,0,0,0
SF207,20220218,20220218,112051500,11:20:52,9468,1530,13270,71573400,0,0,0
SF207,20220218,20220218,112052000,11:20:53,9468,1530,13270,71573400,0,0,0
SF207,20220218,20220218,112052500,11:20:53,9468,1530,13270,71573400,0,0,0
SF207,20220218,20220218,112053000,11:20:53,9468,1530,13270,71573400,0,0,0
SF207,20220218,20220218,112053500,11:20:53,9468,1530,13270,71573400,0,0,0
SF207,20220218,20220218,112054000,11:20:54,9468,1530,13270,71573400,0,0,0
SF207,20220218,20220218,112055500,11:20:56,9468,1530,13270,71573400,0,0,0
SF207,20220218,20220218,112056000,11:20:56,9468,1530,13270,71573400,0,0,0
SF207,20220218,20220218,112056500,11:20:57,9468,1530,13270,71573400,0,0,0
SF207,20220218,20220218,112057000,11:20:58,9468,1530,13270,71573400,0,0,0
SF207,20220218,20220218,112057500,11:20:58,9468,1530,13270,71573400,0,0,0
SF207,20220218,20220218,112058000,11:20:59,9468,1530,13270,71573400,0,0,0
SF207,20220218,20220218,112058500,11:20:59,9468,1530,13270,71573400,0,0,0
SF207,20220218,20220218,112059000,11:20:59,9468,1530,13270,71573400,0,0,0
SF207,20220218,20220218,112059500,11:21:00,9468,1530,13270,71573400,0,0,0
SF207,20220218,20220218,112100000,11:21:00,9468,1530,13270,71573400,0,0,0
SF207,20220218,20220218,112101000,11:21:01,9468,1530,13270,71573400,0,0,0
SF207,20220218,20220218,112101500,11:21:02,9468,1530,13270,71573400,0,0,0
SF207,20220218,20220218,112102000,11:21:03,9468,1530,13270,71573400,0,0,0
SF207,20220218,20220218,112102500,11:21:03,9468,1530,13270,71573400,0,0,0
SF207,20220218,20220218,112103500,11:21:04,9468,1530,13270,71573400,0,0,0
SF207,20220218,20220218,112104000,11:21:04,9468,1530,13270,71573400,0,0,0
SF207,20220218,20220218,112104500,11:21:05,9468,1530,13270,71573400,0,0,0
SF207,20220218,20220218,112105000,11:21:06,9468,1530,13270,71573400,0,0,0
SF207,20220218,20220218,112105500,11:21:07,9468,1530,13270,71573400,0,0,0
SF207,20220218,20220218,112106000,11:21:07,9468,1530,13270,71573400,0,0,0
SF207,20220218,20220218,112106500,11:21:08,9468,1530,13270,71573400,0,0,0
SF207,20220218,20220218,112107000,11:21:10,9468,1530,13270,71573400,0,0,0
SF207,20220218,20220218,112107500,11:21:10,9468,1530,13270,71573400,0,0,0
SF207,20220218,20220218,112110000,11:21:10,9468,1530,13270,71573400,0,0,0
SF207,20220218,20220218,112110500,11:21:11,9468,1530,13270,71573400,0,0,0
SF207,20220218,20220218,112111000,11:21:11,9468,1530,13270,71573400,0,0,0
SF207,20220218,20220218,112111500,11:21:12,9468,1530,13270,71573400,0,0,0
SF207,20220218,20220218,112112000,11:21:12,9468,1530,13270,71573400,0,0,0
SF207,20220218,20220218,112112500,11:21:13,9468,1530,13270,71573400,0,0,0
SF207,20220218,20220218,112113000,11:21:13,9468,1530,13270,71573400,0,0,0
SF207,20220218,20220218,112113500,11:21:13,9468,1530,13270,71573400,0,0,0
SF207,20220218,20220218,112114000,11:21:14,9468,1530,13270,71573400,0,0,0
SF207,20220218,20220218,112114500,11:21:14,9468,1530,13270,71573400,0,0,0
SF207,20220218,20220218,112115000,11:21:15,9468,1530,13270,71573400,0,0,0
SF207,20220218,20220218,112115500,11:21:15,9468,1530,13270,71573400,0,0,0
SF207,20220218,20220218,112116000,11:21:16,9468,1530,13270,71573400,0,0,0
SF207,20220218,20220218,112116500,11:21:17,9468,1530,13270,71573400,0,0,0
SF207,20220218,20220218,112117000,11:21:17,9468,1530,13270,71573400,0,0,0
SF207,20220218,20220218,112117500,11:21:18,9468,1530,13270,71573400,0,0,0
SF207,20220218,20220218,112118000,11:21:18,9468,1530,13270,71573400,0,0,0
SF207,20220218,20220218,112118500,11:21:18,9468,1530,13270,71573400,0,0,0
SF207,20220218,20220218,112119000,11:21:19,9468,1530,13270,71573400,0,0,0
SF207,20220218,20220218,112119500,11:21:20,9468,1530,13270,71573400,0,0,0
SF207,20220218,20220218,112123000,11:21:23,9468,1530,13270,71573400,0,0,0
SF207,20220218,20220218,112123500,11:21:24,9468,1530,13270,71573400,0,0,0
SF207,20220218,20220218,112332500,11:23:33,9468,1530,13270,71573400,0,0,0
SF207,20220218,20220218,112333000,11:23:33,9468,1530,13270,71573400,0,0,0
SF207,20220218,20220218,112334000,11:23:34,9468,1530,13270,71573400,0,0,0
SF207,20220218,20220218,112334500,11:23:34,9468,1530,13270,71573400,0,0,0
SF207,20220218,20220218,112336000,11:23:37,9468,1530,13270,71573400,0,0,0
SF207,20220218,20220218,112337000,11:23:38,9468,1530,13270,71573400,0,0,0
SF207,20220218,20220218,112337500,11:23:38,9468,1530,13270,71573400,0,0,0
SF207,20220218,20220218,112338500,11:23:38,9468,1530,13270,71573400,0,0,0
SF207,20220218,20220218,112339000,11:23:39,9468,1530,13270,71573400,0,0,0
SF207,20220218,20220218,112339500,11:23:39,9468,1530,13270,71573400,0,0,0
SF207,20220218,20220218,112341000,11:23:41,9468,1530,13270,71573400,0,0,0
SF207,20220218,20220218,112341500,11:23:42,9468,1530,13270,71573400,0,0,0
SF207,20220218,20220218,112342000,11:23:42,9464,1564,13275,73179560,34,5,1606160
SF207,20220218,20220218,112344000,11:23:48,9464,1564,13275,73179560,0,0,0
SF207,20220218,20220218,112350500,11:23:50,9464,1572,13281,73569600,8,6,390040
SF207,20220218,20220218,112351500,11:23:51,9464,1572,13281,73569600,0,0,0
SF207,20220218,20220218,112353000,11:23:53,9466,1574,13283,73663200,2,2,93600
SF207,20220218,20220218,112353500,11:23:53,9466,1581,13283,73990800,7,0,327600
SF207,20220218,20220218,112354000,11:23:54,9466,1581,13283,73990800,0,0,0
SF207,20220218,20220218,112355500,11:23:55,9466,1581,13283,73990800,0,0,0
SF207,20220218,20220218,112356000,11:23:56,9466,1581,13283,73990800,0,0,0
SF207,20220218,20220218,112356500,11:23:56,9466,1581,13283,73990800,0,0,0
SF207,20220218,20220218,112358500,11:23:58,9466,1581,13283,73990800,0,0,0
SF207,20220218,20220218,112359000,11:23:59,9466,1581,13283,73990800,0,0,0
SF207,20220218,20220218,112400000,11:24:00,9466,1581,13283,73990800,0,0,0
SF207,20220218,20220218,112403000,11:24:03,9466,1581,13283,73990800,0,0,0
SF207,20220218,20220218,112403500,11:24:04,9466,1581,13283,73990800,0,0,0
SF207,20220218,20220218,112404000,11:24:04,9466,1581,13283,73990800,0,0,0
SF207,20220218,20220218,112404500,11:24:04,9466,1581,13283,73990800,0,0,0
SF207,20220218,20220218,112405000,11:24:05,9466,1581,13283,73990800,0,0,0
SF207,20220218,20220218,112405500,11:24:05,9466,1581,13283,73990800,0,0,0
SF207,20220218,20220218,112407500,11:24:08,9466,1581,13283,73990800,0,0,0
SF207,20220218,20220218,112408000,11:24:08,9466,1581,13283,73990800,0,0,0
SF207,20220218,20220218,112408500,11:24:08,9466,1581,13283,73990800,0,0,0
SF207,20220218,20220218,112409000,11:24:11,9466,1581,13283,73990800,0,0,0
SF207,20220218,20220218,112409500,11:24:12,9466,1581,13283,73990800,0,0,0
SF207,20220218,20220218,112410000,11:24:12,9466,1581,13283,73990800,0,0,0
SF207,20220218,20220218,112410500,11:24:12,9466,1581,13283,73990800,0,0,0
SF207,20220218,20220218,112412500,11:24:13,9466,1581,13283,73990800,0,0,0
SF207,20220218,20220218,112413000,11:24:14,9466,1581,13283,73990800,0,0,0
SF207,20220218,20220218,112417500,11:24:18,9466,1581,13283,73990800,0,0,0
SF207,20220218,20220218,112418000,11:24:18,9466,1581,13283,73990800,0,0,0
SF207,20220218,20220218,112418500,11:24:19,9466,1581,13283,73990800,0,0,0
SF207,20220218,20220218,112419000,11:24:19,9466,1581,13283,73990800,0,0,0
SF207,20220218,20220218,112421000,11:24:21,9466,1581,13283,73990800,0,0,0
SF207,20220218,20220218,112422000,11:24:22,9466,1581,13283,73990800,0,0,0
SF207,20220218,20220218,112422500,11:24:23,9466,1581,13283,73990800,0,0,0
SF207,20220218,20220218,112423000,11:24:23,9466,1581,13283,73990800,0,0,0
SF207,20220218,20220218,112423500,11:24:24,9466,1581,13283,73990800,0,0,0
SF207,20220218,20220218,112424000,11:24:24,9466,1581,13283,73990800,0,0,0
SF207,20220218,20220218,112425000,11:24:25,9466,1581,13283,73990800,0,0,0
SF207,20220218,20220218,112428500,11:24:28,9466,1581,13283,73990800,0,0,0
SF207,20220218,20220218,112429000,11:24:29,9466,1581,13283,73990800,0,0,0
SF207,20220218,20220218,112430000,11:24:30,9466,1581,13283,73990800,0,0,0
SF207,20220218,20220218,112430500,11:24:30,9466,1581,13283,73990800,0,0,0
SF207,20220218,20220218,112431000,11:24:31,9466,1581,13283,73990800,0,0,0
SF207,20220218,20220218,112431500,11:24:31,9466,1581,13283,73990800,0,0,0
SF207,20220218,20220218,112432000,11:24:32,9466,1581,13283,73990800,0,0,0
SF207,20220218,20220218,112432500,11:24:33,9466,1581,13283,73990800,0,0,0
SF207,20220218,20220218,112433000,11:24:33,9466,1581,13283,73990800,0,0,0
SF207,20220218,20220218,112433500,11:24:33,9466,1581,13283,73990800,0,0,0
SF207,20220218,20220218,112434000,11:24:34,9466,1581,13283,73990800,0,0,0
SF207,20220218,20220218,112436500,11:24:36,9466,1581,13283,73990800,0,0,0
SF207,20220218,20220218,112437000,11:24:37,9466,1581,13283,73990800,0,0,0
SF207,20220218,20220218,112437500,11:24:39,9466,1581,13283,73990800,0,0,0
SF207,20220218,20220218,112438000,11:24:39,9466,1581,13283,73990800,0,0,0
SF207,20220218,20220218,112438500,11:24:39,9464,1583,13283,74084400,2,0,93600
SF207,20220218,20220218,112439000,11:24:40,9464,1583,13283,74084400,0,0,0
SF207,20220218,20220218,112439500,11:24:40,9464,1583,13283,74084400,0,0,0
SF207,20220218,20220218,112440000,11:24:40,9464,1583,13283,74084400,0,0,0
SF207,20220218,20220218,112441000,11:24:41,9464,1583,13283,74084400,0,0,0
SF207,20220218,20220218,112441500,11:24:41,9464,1583,13283,74084400,0,0,0
SF207,20220218,20220218,112442000,11:24:42,9464,1583,13283,74084400,0,0,0
SF207,20220218,20220218,112442500,11:24:42,9464,1583,13283,74084400,0,0,0
SF207,20220218,20220218,112443500,11:24:43,9464,1583,13283,74084400,0,0,0
SF207,20220218,20220218,112444500,11:24:44,9464,1583,13283,74084400,0,0,0
SF207,20220218,20220218,112445000,11:24:45,9464,1583,13283,74084400,0,0,0
SF207,20220218,20220218,112445500,11:24:45,9464,1583,13283,74084400,0,0,0
SF207,20220218,20220218,112446000,11:24:46,9464,1583,13283,74084400,0,0,0
SF207,20220218,20220218,112446500,11:24:46,9464,1583,13283,74084400,0,0,0
SF207,20220218,20220218,112447000,11:24:47,9464,1583,13283,74084400,0,0,0
SF207,20220218,20220218,112447500,11:24:47,9464,1583,13283,74084400,0,0,0
SF207,20220218,20220218,112448000,11:24:48,9464,1583,13283,74084400,0,0,0
SF207,20220218,20220218,112448500,11:24:49,9464,1583,13283,74084400,0,0,0
SF207,20220218,20220218,112449500,11:24:49,9464,1583,13283,74084400,0,0,0
SF207,20220218,20220218,112452000,11:24:52,9464,1583,13283,74084400,0,0,0
SF207,20220218,20220218,112452500,11:24:52,9464,1583,13283,74084400,0,0,0
SF207,20220218,20220218,112453000,11:24:53,9464,1583,13283,74084400,0,0,0
SF207,20220218,20220218,112453500,11:24:53,9464,1583,13283,74084400,0,0,0
SF207,20220218,20220218,112454000,11:24:54,9464,1583,13283,74084400,0,0,0
SF207,20220218,20220218,112455500,11:24:56,9464,1583,13283,74084400,0,0,0
SF207,20220218,20220218,112456000,11:24:56,9464,1583,13283,74084400,0,0,0
SF207,20220218,20220218,112456500,11:24:56,9464,1583,13283,74084400,0,0,0
SF207,20220218,20220218,112457000,11:24:57,9464,1583,13283,74084400,0,0,0
SF207,20220218,20220218,112458500,11:24:58,9464,1583,13283,74084400,0,0,0
SF207,20220218,20220218,112501000,11:25:02,9464,1583,13283,74084400,0,0,0
SF207,20220218,20220218,112502000,11:25:05,9470,1587,13284,74271600,4,1,187200
SF207,20220218,20220218,112502500,11:25:06,9470,1587,13284,74271600,0,0,0
SF207,20220218,20220218,112504500,11:25:06,9470,1587,13284,74271600,0,0,0
SF207,20220218,20220218,112505500,11:25:06,9470,1587,13284,74271600,0,0,0
SF207,20220218,20220218,112506000,11:25:07,9470,1587,13284,74271600,0,0,0
SF207,20220218,20220218,112506500,11:25:07,9470,1587,13284,74271600,0,0,0
SF207,20220218,20220218,112507000,11:25:07,9470,1587,13284,74271600,0,0,0
SF207,20220218,20220218,112507500,11:25:07,9470,1587,13284,74271600,0,0,0
SF207,20220218,20220218,112509000,11:25:09,9470,1587,13284,74271600,0,0,0
SF207,20220218,20220218,112509500,11:25:09,9470,1587,13284,74271600,0,0,0
SF207,20220218,20220218,112510000,11:25:10,9470,1587,13284,74271600,0,0,0
SF207,20220218,20220218,112510500,11:25:10,9470,1587,13284,74271600,0,0,0
SF207,20220218,20220218,112511000,11:25:11,9470,1587,13284,74271600,0,0,0
SF207,20220218,20220218,112511500,11:25:11,9470,1587,13284,74271600,0,0,0
SF207,20220218,20220218,112512000,11:25:12,9470,1587,13284,74271600,0,0,0
SF207,20220218,20220218,112512500,11:25:12,9470,1587,13284,74271600,0,0,0
SF207,20220218,20220218,112513000,11:25:13,9470,1587,13284,74271600,0,0,0
SF207,20220218,20220218,112513500,11:25:15,9470,1587,13284,74271600,0,0,0
SF207,20220218,20220218,112515000,11:25:16,9470,1587,13284,74271600,0,0,0
SF207,20220218,20220218,112515500,11:25:16,9470,1587,13284,74271600,0,0,0
SF207,20220218,20220218,112516000,11:25:16,9470,1587,13284,74271600,0,0,0
SF207,20220218,20220218,112516500,11:25:16,9470,1587,13284,74271600,0,0,0
SF207,20220218,20220218,112521500,11:25:22,9470,1587,13284,74271600,0,0,0
SF207,20220218,20220218,112522000,11:25:22,9470,1587,13284,74271600,0,0,0
SF207,20220218,20220218,112522500,11:25:23,9470,1587,13284,74271600,0,0,0
SF207,20220218,20220218,112523000,11:25:23,9470,1587,13284,74271600,0,0,0
SF207,20220218,20220218,112524500,11:25:25,9470,1587,13284,74271600,0,0,0
SF207,20220218,20220218,112525000,11:25:25,9470,1587,13284,74271600,0,0,0
SF207,20220218,20220218,112527000,11:25:28,9470,1587,13284,74271600,0,0,0
SF207,20220218,20220218,112527500,11:25:28,9470,1587,13284,74271600,0,0,0
SF207,20220218,20220218,112528500,11:25:28,9470,1587,13284,74271600,0,0,0
SF207,20220218,20220218,112529000,11:25:29,9470,1587,13284,74271600,0,0,0
SF207,20220218,20220218,112529500,11:25:30,9470,1587,13284,74271600,0,0,0
SF207,20220218,20220218,112530000,11:25:31,9470,1587,13284,74271600,0,0,0
SF207,20220218,20220218,112530500,11:25:31,9470,1587,13284,74271600,0,0,0
SF207,20220218,20220218,112531000,11:25:31,9470,1587,13284,74271600,0,0,0
SF207,20220218,20220218,112531500,11:25:32,9470,1587,13284,74271600,0,0,0
SF207,20220218,20220218,112532500,11:25:33,9470,1587,13284,74271600,0,0,0
SF207,20220218,20220218,112533000,11:25:33,9470,1587,13284,74271600,0,0,0
SF207,20220218,20220218,112533500,11:25:33,9470,1587,13284,74271600,0,0,0
SF207,20220218,20220218,112534000,11:25:34,9470,1587,13284,74271600,0,0,0
SF207,20220218,20220218,112534500,11:25:35,9470,1587,13284,74271600,0,0,0
SF207,20220218,20220218,112535500,11:25:37,9470,1587,13284,74271600,0,0,0
SF207,20220218,20220218,112536000,11:25:37,9456,1588,13285,74318400,1,1,46800
SF207,20220218,20220218,112536500,11:25:37,9456,1588,13285,74318400,0,0,0
SF207,20220218,20220218,112537000,11:25:38,9456,1588,13285,74318400,0,0,0
SF207,20220218,20220218,112538500,11:25:39,9456,1588,13285,74318400,0,0,0
SF207,20220218,20220218,112540500,11:25:41,9456,1588,13285,74318400,0,0,0
SF207,20220218,20220218,112541000,11:25:41,9456,1588,13285,74318400,0,0,0
SF207,20220218,20220218,112541500,11:25:41,9456,1588,13285,74318400,0,0,0
SF207,20220218,20220218,112542000,11:25:42,9456,1588,13285,74318400,0,0,0
SF207,20220218,20220218,112542500,11:25:43,9456,1588,13285,74318400,0,0,0
SF207,20220218,20220218,112543000,11:25:43,9456,1588,13285,74318400,0,0,0
SF207,20220218,20220218,112543500,11:25:43,9456,1588,13285,74318400,0,0,0
SF207,20220218,20220218,112544000,11:25:44,9456,1588,13285,74318400,0,0,0
SF207,20220218,20220218,112544500,11:25:44,9456,1588,13285,74318400,0,0,0
SF207,20220218,20220218,112545000,11:25:45,9456,1588,13285,74318400,0,0,0
SF207,20220218,20220218,112545500,11:25:46,9456,1588,13285,74318400,0,0,0
SF207,20220218,20220218,112546000,11:25:47,9456,1588,13285,74318400,0,0,0
SF207,20220218,20220218,112547500,11:25:48,9456,1588,13285,74318400,0,0,0
SF207,20220218,20220218,112549000,11:25:49,9456,1588,13285,74318400,0,0,0
SF207,20220218,20220218,112549500,11:25:49,9456,1588,13285,74318400,0,0,0
SF207,20220218,20220218,112550000,11:25:50,9456,1588,13285,74318400,0,0,0
SF207,20220218,20220218,112550500,11:25:51,9456,1588,13285,74318400,0,0,0
SF207,20220218,20220218,112551000,11:25:51,9456,1588,13285,74318400,0,0,0
SF207,20220218,20220218,112551500,11:25:51,9456,1588,13285,74318400,0,0,0
SF207,20220218,20220218,112552000,11:25:52,9456,1588,13285,74318400,0,0,0
SF207,20220218,20220218,112552500,11:25:52,9456,1588,13285,74318400,0,0,0
SF207,20220218,20220218,112553000,11:25:53,9456,1588,13285,74318400,0,0,0
SF207,20220218,20220218,112553500,11:25:54,9456,1588,13285,74318400,0,0,0
SF207,20220218,20220218,112555500,11:25:56,9456,1588,13285,74318400,0,0,0
SF207,20220218,20220218,112556000,11:25:57,9456,1588,13285,74318400,0,0,0
SF207,20220218,20220218,112556500,11:25:57,9456,1588,13285,74318400,0,0,0
SF207,20220218,20220218,112558000,11:25:59,9456,1588,13285,74318400,0,0,0
SF207,20220218,20220218,112559000,11:26:00,9456,1588,13285,74318400,0,0,0
SF207,20220218,20220218,112559500,11:26:00,9456,1588,13285,74318400,0,0,0
SF207,20220218,20220218,112600000,11:26:00,9456,1588,13285,74318400,0,0,0
SF207,20220218,20220218,112600500,11:26:01,9456,1588,13285,74318400,0,0,0
SF207,20220218,20220218,112601000,11:26:01,9456,1588,13285,74318400,0,0,0
SF207,20220218,20220218,112601500,11:26:02,9456,1588,13285,74318400,0,0,0
SF207,20220218,20220218,112602500,11:26:03,9456,1588,13285,74318400,0,0,0
SF207,20220218,20220218,112603000,11:26:03,9456,1588,13285,74318400,0,0,0
SF207,20220218,20220218,112603500,11:26:04,9464,1591,13288,74458800,3,3,140400
SF207,20220218,20220218,112604000,11:26:05,9464,1591,13288,74458800,0,0,0
SF207,20220218,20220218,112604500,11:26:05,9464,1591,13288,74458800,0,0,0
SF207,20220218,20220218,112606000,11:26:06,9464,1591,13288,74458800,0,0,0
SF207,20220218,20220218,112606500,11:26:09,9464,1591,13288,74458800,0,0,0
SF207,20220218,20220218,112607000,11:26:09,9464,1591,13288,74458800,0,0,0
SF207,20220218,20220218,112607500,11:26:09,9464,1591,13288,74458800,0,0,0
SF207,20220218,20220218,112608000,11:26:09,9464,1591,13288,74458800,0,0,0
SF207,20220218,20220218,112610500,11:26:11,9464,1591,13288,74458800,0,0,0
SF207,20220218,20220218,112611000,11:26:11,9464,1591,13288,74458800,0,0,0
SF207,20220218,20220218,112611500,11:26:13,9464,1591,13288,74458800,0,0,0
SF207,20220218,20220218,112612000,11:26:14,9464,1591,13288,74458800,0,0,0
SF207,20220218,20220218,112613000,11:26:15,9464,1591,13288,74458800,0,0,0
SF207,20220218,20220218,112613500,11:26:15,9464,1591,13288,74458800,0,0,0
SF207,20220218,20220218,112614000,11:26:15,9464,1591,13288,74458800,0,0,0
SF207,20220218,20220218,112614500,11:26:16,9464,1591,13288,74458800,0,0,0
SF207,20220218,20220218,112616000,11:26:16,9464,1591,13288,74458800,0,0,0
SF207,20220218,20220218,112616500,11:26:17,9464,1591,13288,74458800,0,0,0
SF207,20220218,20220218,112617000,11:26:17,9464,1591,13288,74458800,0,0,0
SF207,20220218,20220218,112617500,11:26:17,9464,1591,13288,74458800,0,0,0
SF207,20220218,20220218,112618000,11:26:18,9464,1591,13288,74458800,0,0,0
SF207,20220218,20220218,112619000,11:26:19,9464,1591,13288,74458800,0,0,0
SF207,20220218,20220218,112622500,11:26:23,9464,1591,13288,74458800,0,0,0
SF207,20220218,20220218,112623500,11:26:23,9464,1591,13288,74458800,0,0,0
SF207,20220218,20220218,112624000,11:26:24,9464,1591,13288,74458800,0,0,0
SF207,20220218,20220218,112625500,11:26:25,9464,1591,13288,74458800,0,0,0
SF207,20220218,20220218,112626000,11:26:26,9464,1591,13288,74458800,0,0,0
SF207,20220218,20220218,112626500,11:26:27,9464,1591,13288,74458800,0,0,0
SF207,20220218,20220218,112630500,11:26:31,9464,1591,13288,74458800,0,0,0
SF207,20220218,20220218,112631000,11:26:31,9464,1591,13288,74458800,0,0,0
SF207,20220218,20220218,112632000,11:26:32,9464,1591,13288,74458800,0,0,0
SF207,20220218,20220218,112637000,11:26:38,9464,1591,13288,74458800,0,0,0
SF207,20220218,20220218,112637500,11:27:10,9464,1591,13288,74458800,0,0,0
SF207,20220218,20220218,112638000,11:27:10,9464,1591,13288,74458800,0,0,0
SF207,20220218,20220218,112653500,11:27:10,9464,1591,13288,74458800,0,0,0
SF207,20220218,20220218,112710000,11:27:12,9464,1591,13288,74458800,0,0,0
SF207,20220218,20220218,112714500,11:27:15,9464,1591,13288,74458800,0,0,0
SF207,20220218,20220218,112717500,11:27:17,9464,1591,13288,74458800,0,0,0
SF207,20220218,20220218,112718000,11:27:18,9464,1591,13288,74458800,0,0,0
SF207,20220218,20220218,112719000,11:27:19,9464,1591,13288,74458800,0,0,0
SF207,20220218,20220218,112719500,11:27:20,9464,1591,13288,74458800,0,0,0
SF207,20220218,20220218,112720000,11:27:20,9464,1591,13288,74458800,0,0,0
SF207,20220218,20220218,112720500,11:27:21,9464,1591,13288,74458800,0,0,0
SF207,20220218,20220218,112722500,11:27:26,9464,1591,13288,74458800,0,0,0
SF207,20220218,20220218,112724000,11:27:27,9464,1591,13288,74458800,0,0,0
SF207,20220218,20220218,112726500,11:27:27,9464,1591,13288,74458800,0,0,0
SF207,20220218,20220218,112727000,11:27:27,9464,1591,13288,74458800,0,0,0
SF207,20220218,20220218,112727500,11:27:27,9464,1591,13288,74458800,0,0,0
SF207,20220218,20220218,112728500,11:27:28,9464,1591,13288,74458800,0,0,0
SF207,20220218,20220218,112729000,11:27:29,9464,1591,13288,74458800,0,0,0
SF207,20220218,20220218,112730500,11:27:31,9464,1591,13288,74458800,0,0,0
SF207,20220218,20220218,112731000,11:27:33,9464,1591,13288,74458800,0,0,0
SF207,20220218,20220218,112731500,11:27:35,9464,1591,13288,74458800,0,0,0
SF207,20220218,20220218,112732000,11:27:36,9464,1591,13288,74458800,0,0,0
SF207,20220218,20220218,112735500,11:27:36,9464,1591,13288,74458800,0,0,0
SF207,20220218,20220218,112736000,11:27:37,9464,1591,13288,74458800,0,0,0
SF207,20220218,20220218,112736500,11:27:38,9464,1591,13288,74458800,0,0,0
SF207,20220218,20220218,112739500,11:27:40,9464,1591,13288,74458800,0,0,0
SF207,20220218,20220218,112740000,11:27:40,9464,1591,13288,74458800,0,0,0
SF207,20220218,20220218,112740500,11:27:40,9464,1591,13288,74458800,0,0,0
SF207,20220218,20220218,112742000,11:27:42,9464,1591,13288,74458800,0,0,0
SF207,20220218,20220218,112742500,11:27:43,9464,1591,13288,74458800,0,0,0
SF207,20220218,20220218,112743000,11:27:43,9464,1591,13288,74458800,0,0,0
SF207,20220218,20220218,112743500,11:27:44,9464,1591,13288,74458800,0,0,0
SF207,20220218,20220218,112745000,11:27:46,9464,1591,13288,74458800,0,0,0
SF207,20220218,20220218,112747500,11:27:48,9464,1591,13288,74458800,0,0,0
SF207,20220218,20220218,112748500,11:27:54,9464,1591,13288,74458800,0,0,0
SF207,20220218,20220218,112749500,11:27:54,9464,1591,13288,74458800,0,0,0
SF207,20220218,20220218,112752500,11:27:54,9464,1591,13288,74458800,0,0,0
SF207,20220218,20220218,112754500,11:27:55,9464,1591,13288,74458800,0,0,0
SF207,20220218,20220218,112756000,11:27:56,9464,1591,13288,74458800,0,0,0
SF207,20220218,20220218,112756500,11:27:56,9464,1591,13288,74458800,0,0,0
SF207,20220218,20220218,112757500,11:27:57,9464,1591,13288,74458800,0,0,0
SF207,20220218,20220218,112800000,11:28:01,9464,1591,13288,74458800,0,0,0
SF207,20220218,20220218,112800500,11:28:01,9464,1591,13288,74458800,0,0,0
SF207,20220218,20220218,112801000,11:28:01,9464,1591,13288,74458800,0,0,0
SF207,20220218,20220218,112802500,11:28:03,9464,1591,13288,74458800,0,0,0
SF207,20220218,20220218,112803000,11:28:04,9464,1591,13288,74458800,0,0,0
SF207,20220218,20220218,112803500,11:28:04,9464,1591,13288,74458800,0,0,0
SF207,20220218,20220218,112804000,11:28:05,9464,1591,13288,74458800,0,0,0
SF207,20220218,20220218,112807000,11:28:10,9464,1591,13288,74458800,0,0,0
SF207,20220218,20220218,112810000,11:28:11,9464,1591,13288,74458800,0,0,0
SF207,20220218,20220218,112810500,11:28:12,9464,1591,13288,74458800,0,0,0
SF207,20220218,20220218,112811000,11:28:12,9464,1591,13288,74458800,0,0,0
SF207,20220218,20220218,112811500,11:28:12,9464,1591,13288,74458800,0,0,0
SF207,20220218,20220218,112812500,11:28:13,9464,1591,13288,74458800,0,0,0
SF207,20220218,20220218,112813000,11:28:13,9464,1591,13288,74458800,0,0,0
SF207,20220218,20220218,112813500,11:28:14,9464,1591,13288,74458800,0,0,0
SF207,20220218,20220218,112815000,11:28:15,9464,1591,13288,74458800,0,0,0
SF207,20220218,20220218,112816500,11:28:16,9464,1591,13288,74458800,0,0,0
SF207,20220218,20220218,112819500,11:28:20,9464,1591,13288,74458800,0,0,0
SF207,20220218,20220218,112820000,11:28:20,9464,1591,13288,74458800,0,0,0
SF207,20220218,20220218,112820500,11:28:21,9464,1591,13288,74458800,0,0,0
SF207,20220218,20220218,112821000,11:28:21,9464,1591,13288,74458800,0,0,0
SF207,20220218,20220218,112821500,11:28:22,9464,1591,13288,74458800,0,0,0
SF207,20220218,20220218,112822000,11:28:22,9472,1593,13286,74552400,2,-2,93600
SF207,20220218,20220218,112822500,11:28:22,9472,1593,13286,74552400,0,0,0
SF207,20220218,20220218,112823500,11:28:24,9472,1593,13286,74552400,0,0,0
SF207,20220218,20220218,112824000,11:28:24,9472,1593,13286,74552400,0,0,0
SF207,20220218,20220218,112826000,11:28:26,9472,1593,13286,74552400,0,0,0
SF207,20220218,20220218,112827000,11:28:27,9472,1593,13286,74552400,0,0,0
SF207,20220218,20220218,112827500,11:28:27,9472,1593,13286,74552400,0,0,0
SF207,20220218,20220218,112828000,11:28:28,9472,1593,13286,74552400,0,0,0
SF207,20220218,20220218,112828500,11:28:28,9472,1593,13286,74552400,0,0,0
SF207,20220218,20220218,112829000,11:28:29,9472,1593,13286,74552400,0,0,0
SF207,20220218,20220218,112829500,11:28:29,9472,1593,13286,74552400,0,0,0
SF207,20220218,20220218,112830000,11:28:30,9472,1593,13286,74552400,0,0,0
SF207,20220218,20220218,112830500,11:28:31,9472,1593,13286,74552400,0,0,0
SF207,20220218,20220218,112831000,11:28:31,9472,1593,13286,74552400,0,0,0
SF207,20220218,20220218,112831500,11:28:32,9472,1593,13286,74552400,0,0,0
SF207,20220218,20220218,112832000,11:28:33,9472,1593,13286,74552400,0,0,0
SF207,20220218,20220218,112832500,11:28:33,9472,1593,13286,74552400,0,0,0
SF207,20220218,20220218,112833000,11:28:33,9472,1593,13286,74552400,0,0,0
SF207,20220218,20220218,112833500,11:28:34,9472,1593,13286,74552400,0,0,0
SF207,20220218,20220218,112834000,11:28:34,9472,1593,13286,74552400,0,0,0
SF207,20220218,20220218,112834500,11:28:34,9472,1593,13286,74552400,0,0,0
SF207,20220218,20220218,112835000,11:28:35,9472,1593,13286,74552400,0,0,0
SF207,20220218,20220218,112835500,11:28:37,9472,1593,13286,74552400,0,0,0
SF207,20220218,20220218,112836000,11:28:37,9472,1593,13286,74552400,0,0,0
SF207,20220218,20220218,112836500,11:28:37,9472,1593,13286,74552400,0,0,0
SF207,20220218,20220218,112837000,11:28:37,9472,1593,13286,74552400,0,0,0
SF207,20220218,20220218,112837500,11:28:38,9472,1593,13286,74552400,0,0,0
SF207,20220218,20220218,112838000,11:28:38,9472,1593,13286,74552400,0,0,0
SF207,20220218,20220218,112838500,11:28:38,9472,1593,13286,74552400,0,0,0
SF207,20220218,20220218,112839000,11:28:40,9472,1593,13286,74552400,0,0,0
SF207,20220218,20220218,112839500,11:28:40,9472,1593,13286,74552400,0,0,0
SF207,20220218,20220218,112840000,11:28:40,9472,1593,13286,74552400,0,0,0
SF207,20220218,20220218,112845500,11:28:45,9472,1593,13286,74552400,0,0,0
SF207,20220218,20220218,112846000,11:28:46,9472,1593,13286,74552400,0,0,0
SF207,20220218,20220218,112846500,11:28:46,9472,1593,13286,74552400,0,0,0
SF207,20220218,20220218,112848000,11:28:48,9472,1593,13286,74552400,0,0,0
SF207,20220218,20220218,112848500,11:28:48,9472,1593,13286,74552400,0,0,0
SF207,20220218,20220218,112849000,11:28:49,9472,1593,13286,74552400,0,0,0
SF207,20220218,20220218,112849500,11:28:50,9472,1593,13286,74552400,0,0,0
SF207,20220218,20220218,112850000,11:28:50,9472,1593,13286,74552400,0,0,0
SF207,20220218,20220218,112851000,11:28:51,9472,1593,13286,74552400,0,0,0
SF207,20220218,20220218,112851500,11:28:52,9472,1593,13286,74552400,0,0,0
SF207,20220218,20220218,112852000,11:28:53,9472,1593,13286,74552400,0,0,0
SF207,20220218,20220218,112852500,11:28:54,9472,1593,13286,74552400,0,0,0
SF207,20220218,20220218,112853000,11:28:54,9472,1593,13286,74552400,0,0,0
SF207,20220218,20220218,112854000,11:28:54,9472,1593,13286,74552400,0,0,0
SF207,20220218,20220218,112854500,11:28:54,9472,1593,13286,74552400,0,0,0
SF207,20220218,20220218,112856500,11:28:57,9472,1593,13286,74552400,0,0,0
SF207,20220218,20220218,112857000,11:28:57,9472,1593,13286,74552400,0,0,0
SF207,20220218,20220218,112857500,11:28:58,9472,1593,13286,74552400,0,0,0
SF207,20220218,20220218,112858000,11:28:59,9472,1593,13286,74552400,0,0,0
SF207,20220218,20220218,112858500,11:28:59,9472,1593,13286,74552400,0,0,0
SF207,20220218,20220218,112859000,11:28:59,9472,1593,13286,74552400,0,0,0
SF207,20220218,20220218,112859500,11:29:00,9472,1593,13286,74552400,0,0,0
SF207,20220218,20220218,112900000,11:29:00,9472,1593,13286,74552400,0,0,0
SF207,20220218,20220218,112901000,11:29:01,9472,1593,13286,74552400,0,0,0
SF207,20220218,20220218,112901500,11:29:02,9472,1593,13286,74552400,0,0,0
SF207,20220218,20220218,112902000,11:29:03,9472,1593,13286,74552400,0,0,0
SF207,20220218,20220218,112902500,11:29:03,9472,1593,13286,74552400,0,0,0
SF207,20220218,20220218,112903000,11:29:03,9472,1593,13286,74552400,0,0,0
SF207,20220218,20220218,112908000,11:29:08,9472,1593,13286,74552400,0,0,0
SF207,20220218,20220218,112908500,11:29:08,9472,1593,13286,74552400,0,0,0
SF207,20220218,20220218,112909000,11:29:09,9472,1593,13286,74552400,0,0,0
SF207,20220218,20220218,112909500,11:29:09,9472,1593,13286,74552400,0,0,0
SF207,20220218,20220218,112910000,11:29:10,9472,1593,13286,74552400,0,0,0
SF207,20220218,20220218,112911000,11:29:11,9472,1593,13286,74552400,0,0,0
SF207,20220218,20220218,112912500,11:29:12,9472,1593,13286,74552400,0,0,0
SF207,20220218,20220218,112913000,11:29:13,9472,1593,13286,74552400,0,0,0
SF207,20220218,20220218,112913500,11:29:14,9472,1593,13286,74552400,0,0,0
SF207,20220218,20220218,112914000,11:29:14,9472,1593,13286,74552400,0,0,0
SF207,20220218,20220218,112914500,11:29:15,9472,1593,13286,74552400,0,0,0
SF207,20220218,20220218,112916000,11:29:16,9472,1593,13286,74552400,0,0,0
SF207,20220218,20220218,112917000,11:29:20,9472,1593,13286,74552400,0,0,0
SF207,20220218,20220218,112920500,11:29:21,9472,1593,13286,74552400,0,0,0
SF207,20220218,20220218,112921000,11:29:23,9472,1593,13286,74552400,0,0,0
SF207,20220218,20220218,112922000,11:29:24,9472,1593,13286,74552400,0,0,0
SF207,20220218,20220218,112922500,11:29:24,9472,1593,13286,74552400,0,0,0
SF207,20220218,20220218,112923000,11:29:24,9472,1593,13286,74552400,0,0,0
SF207,20220218,20220218,112924000,11:29:24,9472,1593,13286,74552400,0,0,0
SF207,20220218,20220218,112924500,11:29:25,9472,1593,13286,74552400,0,0,0
SF207,20220218,20220218,112925000,11:29:25,9472,1593,13286,74552400,0,0,0
SF207,20220218,20220218,112925500,11:29:25,9472,1593,13286,74552400,0,0,0
SF207,20220218,20220218,112926000,11:29:26,9472,1593,13286,74552400,0,0,0
SF207,20220218,20220218,112926500,11:29:26,9472,1593,13286,74552400,0,0,0
SF207,20220218,20220218,112927000,11:29:27,9472,1593,13286,74552400,0,0,0
SF207,20220218,20220218,112927500,11:29:28,9472,1593,13286,74552400,0,0,0
SF207,20220218,20220218,112928500,11:29:29,9472,1593,13286,74552400,0,0,0
SF207,20220218,20220218,112929000,11:29:29,9472,1593,13286,74552400,0,0,0
SF207,20220218,20220218,112929500,11:29:30,9472,1593,13286,74552400,0,0,0
SF207,20220218,20220218,112930000,11:29:30,9472,1593,13286,74552400,0,0,0
SF207,20220218,20220218,112930500,11:29:31,9472,1593,13286,74552400,0,0,0
SF207,20220218,20220218,112931000,11:29:32,9472,1593,13286,74552400,0,0,0
SF207,20220218,20220218,112932000,11:29:36,9472,1593,13286,74552400,0,0,0
SF207,20220218,20220218,112932500,11:29:37,9472,1593,13286,74552400,0,0,0
SF207,20220218,20220218,112936500,11:29:38,9472,1593,13286,74552400,0,0,0
SF207,20220218,20220218,112937500,11:29:38,9472,1593,13286,74552400,0,0,0
SF207,20220218,20220218,112938000,11:29:38,9472,1593,13286,74552400,0,0,0
SF207,20220218,20220218,112938500,11:29:39,9472,1593,13286,74552400,0,0,0
SF207,20220218,20220218,112940500,11:29:40,9472,1593,13286,74552400,0,0,0
SF207,20220218,20220218,112941000,11:29:41,9472,1593,13286,74552400,0,0,0
SF207,20220218,20220218,112942000,11:29:44,9472,1593,13286,74552400,0,0,0
SF207,20220218,20220218,112942500,11:29:45,9472,1593,13286,74552400,0,0,0
SF207,20220218,20220218,112943000,11:29:45,9472,1593,13286,74552400,0,0,0
SF207,20220218,20220218,112943500,11:29:45,9472,1593,13286,74552400,0,0,0
SF207,20220218,20220218,112944500,11:29:45,9472,1593,13286,74552400,0,0,0
SF207,20220218,20220218,112945000,11:29:46,9472,1593,13286,74552400,0,0,0
SF207,20220218,20220218,112945500,11:29:46,9472,1593,13286,74552400,0,0,0
SF207,20220218,20220218,112946000,11:29:47,9472,1593,13286,74552400,0,0,0
SF207,20220218,20220218,112947500,11:29:48,9472,1593,13286,74552400,0,0,0
SF207,20220218,20220218,112948500,11:29:50,9472,1593,13286,74552400,0,0,0
SF207,20220218,20220218,112949000,11:29:50,9472,1593,13286,74552400,0,0,0
SF207,20220218,20220218,112949500,11:29:50,9472,1593,13286,74552400,0,0,0
SF207,20220218,20220218,112950000,11:29:51,9472,1593,13286,74552400,0,0,0
SF207,20220218,20220218,112951500,11:29:52,9472,1593,13286,74552400,0,0,0
SF207,20220218,20220218,112952000,11:29:53,9472,1593,13286,74552400,0,0,0
SF207,20220218,20220218,112952500,11:29:53,9472,1593,13286,74552400,0,0,0
SF207,20220218,20220218,112953000,11:29:54,9472,1593,13286,74552400,0,0,0
SF207,20220218,20220218,112955000,11:29:55,9472,1593,13286,74552400,0,0,0
SF207,20220218,20220218,112956500,11:30:00,9472,1593,13286,74552400,0,0,0
SF207,20220218,20220218,112957000,11:30:00,9472,1593,13286,74552400,0,0,0
SF207,20220218,20220218,112958500,11:30:02,9472,1593,13286,74552400,0,0,0
SF207,20220218,20220218,133000500,13:30:00,9472,1593,13286,74552400,0,0,0
SF207,20220218,20220218,133001000,13:30:01,9472,1593,13286,74552400,0,0,0
SF207,20220218,20220218,133001500,13:30:02,9472,1593,13286,74552400,0,0,0
SF207,20220218,20220218,133002000,13:30:08,9472,1593,13286,74552400,0,0,0
SF207,20220218,20220218,133007500,13:30:10,9472,1593,13286,74552400,0,0,0
SF207,20220218,20220218,133009500,13:30:10,9472,1593,13286,74552400,0,0,0
SF207,20220218,20220218,133010000,13:30:11,9472,1593,13286,74552400,0,0,0
SF207,20220218,20220218,133010500,13:30:12,9472,1593,13286,74552400,0,0,0
SF207,20220218,20220218,133011000,13:30:13,9472,1593,13286,74552400,0,0,0
SF207,20220218,20220218,133012500,13:30:13,9472,1593,13286,74552400,0,0,0
SF207,20220218,20220218,133013000,13:30:14,9472,1593,13286,74552400,0,0,0
SF207,20220218,20220218,133013500,13:30:14,9472,1593,13286,74552400,0,0,0
SF207,20220218,20220218,133014000,13:30:16,9472,1593,13286,74552400,0,0,0
SF207,20220218,20220218,133014500,13:30:16,9472,1593,13286,74552400,0,0,0
SF207,20220218,20220218,133015000,13:30:18,9472,1593,13286,74552400,0,0,0
SF207,20220218,20220218,133016500,13:30:18,9472,1593,13286,74552400,0,0,0
SF207,20220218,20220218,133017000,13:30:18,9472,1593,13286,74552400,0,0,0
SF207,20220218,20220218,133017500,13:30:18,9472,1593,13286,74552400,0,0,0
SF207,20220218,20220218,133021000,13:30:21,9472,1593,13286,74552400,0,0,0
SF207,20220218,20220218,133021500,13:30:22,9472,1593,13286,74552400,0,0,0
SF207,20220218,20220218,133022000,13:30:38,9472,1593,13286,74552400,0,0,0
SF207,20220218,20220218,133022500,13:30:38,9472,1593,13286,74552400,0,0,0
SF207,20220218,20220218,133023000,13:30:40,9472,1593,13286,74552400,0,0,0
SF207,20220218,20220218,133038000,13:30:40,9472,1593,13286,74552400,0,0,0
SF207,20220218,20220218,133040000,13:30:42,9472,1593,13286,74552400,0,0,0
SF207,20220218,20220218,133042000,13:30:44,9472,1593,13286,74552400,0,0,0
SF207,20220218,20220218,133042500,13:30:44,9472,1593,13286,74552400,0,0,0
SF207,20220218,20220218,133043000,13:30:44,9472,1593,13286,74552400,0,0,0
SF207,20220218,20220218,133043500,13:30:45,9472,1593,13286,74552400,0,0,0
SF207,20220218,20220218,133044500,13:30:46,9472,1593,13286,74552400,0,0,0
SF207,20220218,20220218,133045000,13:30:46,9472,1593,13286,74552400,0,0,0
SF207,20220218,20220218,133046500,13:30:47,9472,1593,13286,74552400,0,0,0
SF207,20220218,20220218,133047000,13:30:48,9472,1593,13286,74552400,0,0,0
SF207,20220218,20220218,133047500,13:30:48,9472,1593,13286,74552400,0,0,0
SF207,20220218,20220218,133048000,13:30:49,9472,1593,13286,74552400,0,0,0
SF207,20220218,20220218,133048500,13:30:49,9472,1593,13286,74552400,0,0,0
SF207,20220218,20220218,133049000,13:30:50,9472,1593,13286,74552400,0,0,0
SF207,20220218,20220218,133050500,13:30:52,9472,1593,13286,74552400,0,0,0
SF207,20220218,20220218,133051000,13:30:52,9472,1593,13286,74552400,0,0,0
SF207,20220218,20220218,133051500,13:30:52,9472,1593,13286,74552400,0,0,0
SF207,20220218,20220218,133052000,13:30:53,9472,1593,13286,74552400,0,0,0
SF207,20220218,20220218,133052500,13:30:54,9472,1593,13286,74552400,0,0,0
SF207,20220218,20220218,133053000,13:30:54,9472,1593,13286,74552400,0,0,0
SF207,20220218,20220218,133053500,13:30:54,9472,1593,13286,74552400,0,0,0
SF207,20220218,20220218,133054000,13:30:55,9472,1593,13286,74552400,0,0,0
SF207,20220218,20220218,133054500,13:30:55,9472,1593,13286,74552400,0,0,0
SF207,20220218,20220218,133055000,13:30:56,9472,1593,13286,74552400,0,0,0
SF207,20220218,20220218,133055500,13:30:56,9472,1593,13286,74552400,0,0,0
SF207,20220218,20220218,133056000,13:30:57,9472,1593,13286,74552400,0,0,0
SF207,20220218,20220218,133057000,13:30:58,9472,1593,13286,74552400,0,0,0
SF207,20220218,20220218,133057500,13:30:58,9472,1593,13286,74552400,0,0,0
SF207,20220218,20220218,133058000,13:30:58,9472,1593,13286,74552400,0,0,0
SF207,20220218,20220218,133059500,13:30:59,9472,1593,13286,74552400,0,0,0
SF207,20220218,20220218,133100000,13:31:00,9472,1593,13286,74552400,0,0,0
SF207,20220218,20220218,133100500,13:31:01,9472,1593,13286,74552400,0,0,0
SF207,20220218,20220218,133101000,13:31:01,9472,1593,13286,74552400,0,0,0
SF207,20220218,20220218,133102500,13:31:03,9472,1593,13286,74552400,0,0,0
SF207,20220218,20220218,133103000,13:31:03,9472,1593,13286,74552400,0,0,0
SF207,20220218,20220218,133103500,13:31:05,9472,1593,13286,74552400,0,0,0
SF207,20220218,20220218,133104000,13:31:06,9472,1593,13286,74552400,0,0,0
SF207,20220218,20220218,133104500,13:31:07,9472,1593,13286,74552400,0,0,0
SF207,20220218,20220218,133105500,13:31:07,9472,1593,13286,74552400,0,0,0
SF207,20220218,20220218,133107000,13:31:08,9472,1593,13286,74552400,0,0,0
SF207,20220218,20220218,133108500,13:31:09,9472,1593,13286,74552400,0,0,0
SF207,20220218,20220218,133109000,13:31:10,9472,1593,13286,74552400,0,0,0
SF207,20220218,20220218,133109500,13:31:10,9472,1593,13286,74552400,0,0,0
SF207,20220218,20220218,133110000,13:31:11,9472,1593,13286,74552400,0,0,0
SF207,20220218,20220218,133110500,13:31:11,9472,1593,13286,74552400,0,0,0
SF207,20220218,20220218,133111000,13:31:12,9472,1593,13286,74552400,0,0,0
SF207,20220218,20220218,133111500,13:31:12,9472,1593,13286,74552400,0,0,0
SF207,20220218,20220218,133112000,13:31:13,9472,1593,13286,74552400,0,0,0
SF207,20220218,20220218,133112500,13:31:13,9472,1593,13286,74552400,0,0,0
SF207,20220218,20220218,133113000,13:31:14,9472,1593,13286,74552400,0,0,0
SF207,20220218,20220218,133113500,13:31:15,9472,1593,13286,74552400,0,0,0
SF207,20220218,20220218,133114000,13:31:15,9448,1596,13287,74692800,3,1,140400
SF207,20220218,20220218,133119000,13:31:20,9448,1596,13287,74692800,0,0,0
SF207,20220218,20220218,133119500,13:31:20,9448,1596,13287,74692800,0,0,0
SF207,20220218,20220218,133120000,13:31:20,9448,1596,13287,74692800,0,0,0
SF207,20220218,20220218,133121500,13:31:22,9448,1596,13287,74692800,0,0,0
SF207,20220218,20220218,133122500,13:31:25,9448,1597,13287,74739600,1,0,46800
SF207,20220218,20220218,133123000,13:31:25,9448,1597,13287,74739600,0,0,0
SF207,20220218,20220218,133123500,13:31:25,9448,1597,13287,74739600,0,0,0
SF207,20220218,20220218,133124500,13:31:25,9448,1597,13287,74739600,0,0,0
SF207,20220218,20220218,133156000,13:31:56,9448,1597,13287,74739600,0,0,0
SF207,20220218,20220218,133158500,13:31:58,9448,1597,13287,74739600,0,0,0
SF207,20220218,20220218,133159500,13:32:00,9448,1597,13287,74739600,0,0,0
SF207,20220218,20220218,133200000,13:32:01,9436,1620,13297,75832200,23,10,1092600
SF207,20220218,20220218,133200500,13:32:01,9436,1620,13297,75832200,0,0,0
SF207,20220218,20220218,133201000,13:32:01,9436,1620,13297,75832200,0,0,0
SF207,20220218,20220218,133201500,13:32:01,9436,1620,13297,75832200,0,0,0
SF207,20220218,20220218,133202000,13:32:03,9436,1620,13297,75832200,0,0,0
SF207,20220218,20220218,133202500,13:32:04,9436,1620,13297,75832200,0,0,0
SF207,20220218,20220218,133203000,13:32:05,9436,1620,13297,75832200,0,0,0
SF207,20220218,20220218,133205000,13:32:05,9436,1620,13297,75832200,0,0,0
SF207,20220218,20220218,133205500,13:32:06,9436,1620,13297,75832200,0,0,0
SF207,20220218,20220218,133206000,13:32:07,9436,1620,13297,75832200,0,0,0
SF207,20220218,20220218,133206500,13:32:07,9436,1620,13297,75832200,0,0,0
SF207,20220218,20220218,133210000,13:32:11,9438,1622,13297,75925820,2,0,93620
SF207,20220218,20220218,133210500,13:32:14,9440,1631,13304,76347110,9,7,421290
SF207,20220218,20220218,133211000,13:32:14,9440,1632,13305,76393920,1,1,46810
SF207,20220218,20220218,133212500,13:32:15,9440,1632,13305,76393920,0,0,0
SF207,20220218,20220218,133214000,13:32:15,9440,1632,13305,76393920,0,0,0
SF207,20220218,20220218,133216500,13:32:17,9440,1632,13305,76393920,0,0,0
SF207,20220218,20220218,133217000,13:32:18,9440,1632,13305,76393920,0,0,0
SF207,20220218,20220218,133219000,13:32:20,9440,1632,13305,76393920,0,0,0
SF207,20220218,20220218,133219500,13:32:20,9440,1632,13305,76393920,0,0,0
SF207,20220218,20220218,133221500,13:32:22,9440,1632,13305,76393920,0,0,0
SF207,20220218,20220218,133222000,13:32:23,9440,1632,13305,76393920,0,0,0
SF207,20220218,20220218,133223500,13:32:24,9440,1632,13305,76393920,0,0,0
SF207,20220218,20220218,133224000,13:32:24,9440,1632,13305,76393920,0,0,0
SF207,20220218,20220218,133224500,13:32:25,9440,1632,13305,76393920,0,0,0
SF207,20220218,20220218,133225000,13:32:25,9440,1632,13305,76393920,0,0,0
SF207,20220218,20220218,133225500,13:32:26,9440,1632,13305,76393920,0,0,0
SF207,20220218,20220218,133226500,13:32:27,9442,1633,13306,76440730,1,1,46810
SF207,20220218,20220218,133227500,13:32:32,9442,1633,13306,76440730,0,0,0
SF207,20220218,20220218,133228000,13:32:32,9442,1633,13306,76440730,0,0,0
SF207,20220218,20220218,133228500,13:32:33,9442,1633,13306,76440730,0,0,0
SF207,20220218,20220218,133229000,13:32:33,9442,1640,13309,76768400,7,3,327670
SF207,20220218,20220218,133232000,13:32:34,9442,1640,13309,76768400,0,0,0
SF207,20220218,20220218,133232500,13:32:35,9442,1640,13309,76768400,0,0,0
SF207,20220218,20220218,133233500,13:32:35,9442,1640,13309,76768400,0,0,0
SF207,20220218,20220218,133239500,13:32:40,9442,1640,13309,76768400,0,0,0
SF207,20220218,20220218,133240000,13:32:40,9442,1640,13309,76768400,0,0,0
SF207,20220218,20220218,133245500,13:32:45,9442,1640,13309,76768400,0,0,0
SF207,20220218,20220218,133246500,13:32:47,9442,1640,13309,76768400,0,0,0
SF207,20220218,20220218,133247000,13:32:47,9442,1640,13309,76768400,0,0,0
SF207,20220218,20220218,133248500,13:32:49,9442,1640,13309,76768400,0,0,0
SF207,20220218,20220218,133249000,13:32:49,9446,1649,13311,77206180,9,2,437780
SF207,20220218,20220218,133249500,13:32:50,9438,1656,13317,77533920,7,6,327740
SF207,20220218,20220218,133250000,13:32:52,9442,1657,13318,77580740,1,1,46820
SF207,20220218,20220218,133250500,13:32:52,9442,1657,13318,77580740,0,0,0
SF207,20220218,20220218,133251000,13:32:53,9442,1662,13323,77814840,5,5,234100
SF207,20220218,20220218,133251500,13:32:53,9442,1662,13323,77814840,0,0,0
SF207,20220218,20220218,133252500,13:32:53,9442,1666,13324,78002120,4,1,187280
SF207,20220218,20220218,133253000,13:32:53,9442,1666,13324,78002120,0,0,0
SF207,20220218,20220218,133253500,13:32:54,9442,1666,13324,78002120,0,0,0
SF207,20220218,20220218,133254000,13:32:54,9442,1666,13324,78002120,0,0,0
SF207,20220218,20220218,133254500,13:32:55,9442,1666,13324,78002120,0,0,0
SF207,20220218,20220218,133255000,13:32:55,9438,1667,13323,78048940,1,-1,46820
SF207,20220218,20220218,133255500,13:32:56,9438,1667,13323,78048940,0,0,0
SF207,20220218,20220218,133256000,13:32:56,9438,1667,13323,78048940,0,0,0
SF207,20220218,20220218,133256500,13:32:58,9438,1667,13323,78048940,0,0,0
SF207,20220218,20220218,133258000,13:33:00,9438,1667,13323,78048940,0,0,0
SF207,20220218,20220218,133259500,13:33:01,9438,1667,13323,78048940,0,0,0
SF207,20220218,20220218,133300500,13:33:02,9438,1667,13323,78048940,0,0,0
SF207,20220218,20220218,133301000,13:33:02,9442,1668,13324,78095760,1,1,46820
SF207,20220218,20220218,133301500,13:33:02,9442,1668,13324,78095760,0,0,0
SF207,20220218,20220218,133302000,13:33:03,9442,1668,13324,78095760,0,0,0
SF207,20220218,20220218,133302500,13:33:03,9442,1668,13324,78095760,0,0,0
SF207,20220218,20220218,133304500,13:33:05,9442,1668,13324,78095760,0,0,0
SF207,20220218,20220218,133305000,13:33:05,9442,1668,13324,78095760,0,0,0
SF207,20220218,20220218,133305500,13:33:05,9442,1668,13324,78095760,0,0,0
SF207,20220218,20220218,133306500,13:33:06,9442,1668,13324,78095760,0,0,0
SF207,20220218,20220218,133307000,13:33:07,9442,1668,13324,78095760,0,0,0
SF207,20220218,20220218,133307500,13:33:08,9442,1668,13324,78095760,0,0,0
SF207,20220218,20220218,133308000,13:33:08,9442,1668,13324,78095760,0,0,0
SF207,20220218,20220218,133308500,13:33:09,9442,1668,13324,78095760,0,0,0
SF207,20220218,20220218,133309000,13:33:10,9442,1668,13324,78095760,0,0,0
SF207,20220218,20220218,133309500,13:33:11,9442,1668,13324,78095760,0,0,0
SF207,20220218,20220218,133310000,13:33:11,9442,1668,13324,78095760,0,0,0
SF207,20220218,20220218,133311000,13:33:13,9442,1668,13324,78095760,0,0,0
SF207,20220218,20220218,133311500,13:33:14,9442,1668,13324,78095760,0,0,0
SF207,20220218,20220218,133314500,13:33:17,9442,1668,13324,78095760,0,0,0
SF207,20220218,20220218,133317000,13:33:18,9442,1668,13324,78095760,0,0,0
SF207,20220218,20220218,133318000,13:33:19,9442,1668,13324,78095760,0,0,0
SF207,20220218,20220218,133318500,13:33:19,9452,1669,13324,78142580,1,0,46820
SF207,20220218,20220218,133319000,13:33:20,9452,1669,13324,78142580,0,0,0
SF207,20220218,20220218,133319500,13:33:21,9452,1669,13324,78142580,0,0,0
SF207,20220218,20220218,133320000,13:33:21,9452,1669,13324,78142580,0,0,0
SF207,20220218,20220218,133320500,13:33:21,9452,1669,13324,78142580,0,0,0
SF207,20220218,20220218,133323500,13:33:24,9452,1669,13324,78142580,0,0,0
SF207,20220218,20220218,133324000,13:33:24,9450,1671,13322,78236220,2,-2,93640
SF207,20220218,20220218,133327000,13:33:29,9454,1672,13323,78283040,1,1,46820
SF207,20220218,20220218,133328000,13:33:30,9454,1672,13323,78283040,0,0,0
SF207,20220218,20220218,133334000,13:33:34,9454,1672,13323,78283040,0,0,0
SF207,20220218,20220218,133334500,13:33:35,9454,1672,13323,78283040,0,0,0
SF207,20220218,20220218,133335000,13:33:35,9454,1672,13323,78283040,0,0,0
SF207,20220218,20220218,133335500,13:33:35,9454,1672,13323,78283040,0,0,0
SF207,20220218,20220218,133336500,13:33:36,9454,1672,13323,78283040,0,0,0
SF207,20220218,20220218,133337000,13:33:37,9454,1672,13323,78283040,0,0,0
SF207,20220218,20220218,133337500,13:33:37,9454,1672,13323,78283040,0,0,0
SF207,20220218,20220218,133338000,13:33:38,9454,1672,13323,78283040,0,0,0
SF207,20220218,20220218,133342000,13:33:42,9454,1672,13323,78283040,0,0,0
SF207,20220218,20220218,133342500,13:33:42,9454,1672,13323,78283040,0,0,0
SF207,20220218,20220218,133343500,13:33:44,9454,1672,13323,78283040,0,0,0
SF207,20220218,20220218,133344000,13:33:45,9454,1672,13323,78283040,0,0,0
SF207,20220218,20220218,133346000,13:33:48,9454,1672,13323,78283040,0,0,0
SF207,20220218,20220218,133346500,13:33:48,9454,1672,13323,78283040,0,0,0
SF207,20220218,20220218,133347000,13:33:49,9454,1672,13323,78283040,0,0,0
SF207,20220218,20220218,133347500,13:33:49,9454,1672,13323,78283040,0,0,0
SF207,20220218,20220218,133348000,13:33:49,9454,1672,13323,78283040,0,0,0
SF207,20220218,20220218,133352000,13:33:52,9454,1672,13323,78283040,0,0,0
SF207,20220218,20220218,133352500,13:33:53,9454,1672,13323,78283040,0,0,0
SF207,20220218,20220218,133353000,13:33:53,9454,1672,13323,78283040,0,0,0
SF207,20220218,20220218,133356000,13:33:57,9454,1672,13323,78283040,0,0,0
SF207,20220218,20220218,133356500,13:33:57,9454,1672,13323,78283040,0,0,0
SF207,20220218,20220218,133357500,13:33:58,9454,1672,13323,78283040,0,0,0
SF207,20220218,20220218,133358000,13:33:58,9454,1672,13323,78283040,0,0,0
SF207,20220218,20220218,133358500,13:33:59,9454,1672,13323,78283040,0,0,0
SF207,20220218,20220218,133359000,13:33:59,9454,1672,13323,78283040,0,0,0
SF207,20220218,20220218,133359500,13:34:00,9454,1672,13323,78283040,0,0,0
SF207,20220218,20220218,133400000,13:34:00,9454,1672,13323,78283040,0,0,0
SF207,20220218,20220218,133400500,13:34:01,9454,1672,13323,78283040,0,0,0
SF207,20220218,20220218,133401000,13:34:01,9454,1672,13323,78283040,0,0,0
SF207,20220218,20220218,133402000,13:34:10,9454,1672,13323,78283040,0,0,0
SF207,20220218,20220218,133402500,13:34:10,9454,1672,13323,78283040,0,0,0
SF207,20220218,20220218,133410000,13:34:11,9454,1672,13323,78283040,0,0,0
SF207,20220218,20220218,133410500,13:34:12,9454,1672,13323,78283040,0,0,0
SF207,20220218,20220218,133412000,13:34:13,9454,1672,13323,78283040,0,0,0
SF207,20220218,20220218,133412500,13:34:13,9454,1672,13323,78283040,0,0,0
SF207,20220218,20220218,133413000,13:34:13,9454,1672,13323,78283040,0,0,0
SF207,20220218,20220218,133413500,13:34:14,9454,1672,13323,78283040,0,0,0
SF207,20220218,20220218,133414000,13:34:14,9454,1672,13323,78283040,0,0,0
SF207,20220218,20220218,133415000,13:34:16,9454,1672,13323,78283040,0,0,0
SF207,20220218,20220218,133415500,13:34:16,9454,1672,13323,78283040,0,0,0
SF207,20220218,20220218,133416000,13:34:16,9454,1672,13323,78283040,0,0,0
SF207,20220218,20220218,133416500,13:34:17,9454,1672,13323,78283040,0,0,0
SF207,20220218,20220218,133417000,13:34:17,9454,1672,13323,78283040,0,0,0
SF207,20220218,20220218,133417500,13:34:17,9454,1672,13323,78283040,0,0,0
SF207,20220218,20220218,133418500,13:34:19,9454,1672,13323,78283040,0,0,0
SF207,20220218,20220218,133420000,13:34:20,9454,1672,13323,78283040,0,0,0
SF207,20220218,20220218,133420500,13:34:21,9454,1672,13323,78283040,0,0,0
SF207,20220218,20220218,133421000,13:34:23,9454,1672,13323,78283040,0,0,0
SF207,20220218,20220218,133421500,13:34:24,9454,1672,13323,78283040,0,0,0
SF207,20220218,20220218,133423000,13:34:24,9454,1672,13323,78283040,0,0,0
SF207,20220218,20220218,133423500,13:34:24,9454,1672,13323,78283040,0,0,0
SF207,20220218,20220218,133424000,13:34:24,9454,1672,13323,78283040,0,0,0
SF207,20220218,20220218,133427500,13:34:28,9458,1675,13323,78423500,3,0,140460
SF207,20220218,20220218,133428000,13:34:28,9458,1675,13323,78423500,0,0,0
SF207,20220218,20220218,133429500,13:34:29,9458,1675,13323,78423500,0,0,0
SF207,20220218,20220218,133430000,13:34:30,9458,1675,13323,78423500,0,0,0
SF207,20220218,20220218,133430500,13:34:30,9458,1675,13323,78423500,0,0,0
SF207,20220218,20220218,133431000,13:34:31,9458,1675,13323,78423500,0,0,0
SF207,20220218,20220218,133433000,13:34:33,9458,1675,13323,78423500,0,0,0
SF207,20220218,20220218,133433500,13:34:34,9458,1675,13323,78423500,0,0,0
SF207,20220218,20220218,133434000,13:34:34,9458,1675,13323,78423500,0,0,0
SF207,20220218,20220218,133434500,13:34:35,9458,1675,13323,78423500,0,0,0
SF207,20220218,20220218,133435500,13:34:36,9458,1675,13323,78423500,0,0,0
SF207,20220218,20220218,133436000,13:34:36,9452,1679,13323,78610780,4,0,187280
SF207,20220218,20220218,133436500,13:34:36,9452,1679,13323,78610780,0,0,0
SF207,20220218,20220218,133438500,13:34:39,9452,1679,13323,78610780,0,0,0
SF207,20220218,20220218,133441500,13:34:43,9452,1679,13323,78610780,0,0,0
SF207,20220218,20220218,133445000,13:34:46,9452,1679,13323,78610780,0,0,0
SF207,20220218,20220218,133446000,13:34:46,9452,1679,13323,78610780,0,0,0
SF207,20220218,20220218,133446500,13:34:47,9452,1679,13323,78610780,0,0,0
SF207,20220218,20220218,133447500,13:34:47,9452,1679,13323,78610780,0,0,0
SF207,20220218,20220218,133448000,13:34:48,9452,1679,13323,78610780,0,0,0
SF207,20220218,20220218,133449000,13:34:49,9452,1679,13323,78610780,0,0,0
SF207,20220218,20220218,133449500,13:34:49,9452,1679,13323,78610780,0,0,0
SF207,20220218,20220218,133450000,13:34:51,9452,1679,13323,78610780,0,0,0
SF207,20220218,20220218,133452500,13:34:53,9452,1679,13323,78610780,0,0,0
SF207,20220218,20220218,133453000,13:34:53,9452,1679,13323,78610780,0,0,0
SF207,20220218,20220218,133453500,13:34:55,9452,1679,13323,78610780,0,0,0
SF207,20220218,20220218,133454000,13:34:56,9452,1679,13323,78610780,0,0,0
SF207,20220218,20220218,133454500,13:34:56,9452,1679,13323,78610780,0,0,0
SF207,20220218,20220218,133455500,13:34:56,9452,1679,13323,78610780,0,0,0
SF207,20220218,20220218,133456000,13:34:57,9452,1679,13323,78610780,0,0,0
SF207,20220218,20220218,133456500,13:34:57,9452,1679,13323,78610780,0,0,0
SF207,20220218,20220218,133457000,13:34:57,9452,1679,13323,78610780,0,0,0
SF207,20220218,20220218,133458000,13:34:58,9452,1679,13323,78610780,0,0,0
SF207,20220218,20220218,133504000,13:35:10,9452,1679,13323,78610780,0,0,0
SF207,20220218,20220218,133510000,13:35:10,9452,1679,13323,78610780,0,0,0
SF207,20220218,20220218,133510500,13:35:11,9452,1679,13323,78610780,0,0,0
SF207,20220218,20220218,133511000,13:35:11,9452,1679,13323,78610780,0,0,0
SF207,20220218,20220218,133511500,13:35:12,9452,1679,13323,78610780,0,0,0
SF207,20220218,20220218,133512000,13:35:13,9452,1679,13323,78610780,0,0,0
SF207,20220218,20220218,133512500,13:35:13,9452,1679,13323,78610780,0,0,0
SF207,20220218,20220218,133513500,13:35:14,9452,1679,13323,78610780,0,0,0
SF207,20220218,20220218,133514000,13:35:14,9452,1679,13323,78610780,0,0,0
SF207,20220218,20220218,133514500,13:35:15,9452,1679,13323,78610780,0,0,0
SF207,20220218,20220218,133515000,13:35:15,9452,1679,13323,78610780,0,0,0
SF207,20220218,20220218,133515500,13:35:16,9452,1679,13323,78610780,0,0,0
SF207,20220218,20220218,133516000,13:35:16,9452,1679,13323,78610780,0,0,0
SF207,20220218,20220218,133516500,13:35:17,9452,1679,13323,78610780,0,0,0
SF207,20220218,20220218,133517000,13:35:17,9452,1679,13323,78610780,0,0,0
SF207,20220218,20220218,133517500,13:35:18,9452,1679,13323,78610780,0,0,0
SF207,20220218,20220218,133518000,13:35:19,9452,1679,13323,78610780,0,0,0
SF207,20220218,20220218,133518500,13:35:19,9452,1679,13323,78610780,0,0,0
SF207,20220218,20220218,133519000,13:35:19,9452,1679,13323,78610780,0,0,0
SF207,20220218,20220218,133519500,13:35:20,9452,1679,13323,78610780,0,0,0
SF207,20220218,20220218,133520000,13:35:20,9452,1679,13323,78610780,0,0,0
SF207,20220218,20220218,133520500,13:35:21,9452,1679,13323,78610780,0,0,0
SF207,20220218,20220218,133521000,13:35:22,9452,1679,13323,78610780,0,0,0
SF207,20220218,20220218,133522000,13:35:22,9452,1679,13323,78610780,0,0,0
SF207,20220218,20220218,133522500,13:35:23,9452,1679,13323,78610780,0,0,0
SF207,20220218,20220218,133523500,13:35:23,9452,1679,13323,78610780,0,0,0
SF207,20220218,20220218,133524000,13:35:25,9452,1679,13323,78610780,0,0,0
SF207,20220218,20220218,133524500,13:35:25,9452,1679,13323,78610780,0,0,0
SF207,20220218,20220218,133525000,13:35:26,9452,1679,13323,78610780,0,0,0
SF207,20220218,20220218,133525500,13:35:26,9452,1679,13323,78610780,0,0,0
SF207,20220218,20220218,133526000,13:35:26,9452,1679,13323,78610780,0,0,0
SF207,20220218,20220218,133526500,13:35:27,9452,1679,13323,78610780,0,0,0
SF207,20220218,20220218,133528000,13:35:32,9452,1679,13323,78610780,0,0,0
SF207,20220218,20220218,133531000,13:35:32,9452,1679,13323,78610780,0,0,0
SF207,20220218,20220218,133531500,13:35:41,9452,1679,13323,78610780,0,0,0
SF207,20220218,20220218,133540500,13:35:43,9452,1679,13323,78610780,0,0,0
SF207,20220218,20220218,133542000,13:35:43,9452,1679,13323,78610780,0,0,0
SF207,20220218,20220218,133543500,13:35:44,9452,1679,13323,78610780,0,0,0
SF207,20220218,20220218,133544000,13:35:45,9452,1679,13323,78610780,0,0,0
SF207,20220218,20220218,133544500,13:35:45,9452,1679,13323,78610780,0,0,0
SF207,20220218,20220218,133545000,13:35:46,9452,1679,13323,78610780,0,0,0
SF207,20220218,20220218,133545500,13:35:46,9452,1679,13323,78610780,0,0,0
SF207,20220218,20220218,133546000,13:35:46,9452,1679,13323,78610780,0,0,0
SF207,20220218,20220218,133546500,13:35:46,9452,1679,13323,78610780,0,0,0
SF207,20220218,20220218,133547000,13:35:47,9452,1679,13323,78610780,0,0,0
SF207,20220218,20220218,133547500,13:35:48,9452,1679,13323,78610780,0,0,0
SF207,20220218,20220218,133548500,13:35:49,9452,1679,13323,78610780,0,0,0
SF207,20220218,20220218,133549000,13:35:49,9452,1679,13323,78610780,0,0,0
SF207,20220218,20220218,133549500,13:35:49,9452,1679,13323,78610780,0,0,0
SF207,20220218,20220218,133550000,13:35:50,9452,1679,13323,78610780,0,0,0
SF207,20220218,20220218,133551000,13:35:51,9452,1679,13323,78610780,0,0,0
SF207,20220218,20220218,133551500,13:35:52,9452,1679,13323,78610780,0,0,0
SF207,20220218,20220218,133555000,13:35:56,9452,1679,13323,78610780,0,0,0
SF207,20220218,20220218,133556000,13:35:56,9452,1679,13323,78610780,0,0,0
SF207,20220218,20220218,133556500,13:35:57,9452,1679,13323,78610780,0,0,0
SF207,20220218,20220218,133557000,13:35:59,9452,1679,13323,78610780,0,0,0
SF207,20220218,20220218,133557500,13:36:01,9452,1679,13323,78610780,0,0,0
SF207,20220218,20220218,133559500,13:36:03,9452,1679,13323,78610780,0,0,0
SF207,20220218,20220218,133601500,13:36:03,9452,1679,13323,78610780,0,0,0
SF207,20220218,20220218,133602500,13:36:03,9452,1679,13323,78610780,0,0,0
SF207,20220218,20220218,133603000,13:36:05,9452,1679,13323,78610780,0,0,0
SF207,20220218,20220218,133603500,13:36:05,9452,1679,13323,78610780,0,0,0
SF207,20220218,20220218,133606500,13:36:07,9452,1679,13323,78610780,0,0,0
SF207,20220218,20220218,133607000,13:36:08,9452,1679,13323,78610780,0,0,0
SF207,20220218,20220218,133608000,13:36:08,9452,1679,13323,78610780,0,0,0
SF207,20220218,20220218,133608500,13:36:08,9452,1679,13323,78610780,0,0,0
SF207,20220218,20220218,133610500,13:36:11,9452,1679,13323,78610780,0,0,0
SF207,20220218,20220218,133612000,13:36:12,9452,1679,13323,78610780,0,0,0
SF207,20220218,20220218,133612500,13:36:12,9452,1679,13323,78610780,0,0,0
SF207,20220218,20220218,133613000,13:36:13,9452,1679,13323,78610780,0,0,0
SF207,20220218,20220218,133613500,13:36:14,9452,1679,13323,78610780,0,0,0
SF207,20220218,20220218,133614500,13:36:14,9452,1679,13323,78610780,0,0,0
SF207,20220218,20220218,133615000,13:36:15,9452,1679,13323,78610780,0,0,0
SF207,20220218,20220218,133616000,13:36:16,9452,1679,13323,78610780,0,0,0
SF207,20220218,20220218,133616500,13:36:17,9452,1679,13323,78610780,0,0,0
SF207,20220218,20220218,133617000,13:36:18,9452,1679,13323,78610780,0,0,0
SF207,20220218,20220218,133617500,13:36:19,9452,1679,13323,78610780,0,0,0
SF207,20220218,20220218,133618000,13:36:19,9452,1679,13323,78610780,0,0,0
SF207,20220218,20220218,133618500,13:36:19,9452,1679,13323,78610780,0,0,0
SF207,20220218,20220218,133620000,13:36:20,9452,1679,13323,78610780,0,0,0
SF207,20220218,20220218,133620500,13:36:20,9452,1679,13323,78610780,0,0,0
SF207,20220218,20220218,133621000,13:36:21,9452,1679,13323,78610780,0,0,0
SF207,20220218,20220218,133621500,13:36:22,9452,1679,13323,78610780,0,0,0
SF207,20220218,20220218,133622000,13:36:22,9452,1679,13323,78610780,0,0,0
SF207,20220218,20220218,133622500,13:36:22,9452,1679,13323,78610780,0,0,0
SF207,20220218,20220218,133627000,13:36:28,9452,1679,13323,78610780,0,0,0
SF207,20220218,20220218,133628000,13:36:28,9452,1679,13323,78610780,0,0,0
SF207,20220218,20220218,133628500,13:36:29,9452,1679,13323,78610780,0,0,0
SF207,20220218,20220218,133629000,13:36:30,9452,1679,13323,78610780,0,0,0
SF207,20220218,20220218,133630000,13:36:30,9452,1679,13323,78610780,0,0,0
SF207,20220218,20220218,133632500,13:36:32,9452,1679,13323,78610780,0,0,0
SF207,20220218,20220218,133633000,13:36:33,9452,1679,13323,78610780,0,0,0
SF207,20220218,20220218,133633500,13:36:34,9452,1679,13323,78610780,0,0,0
SF207,20220218,20220218,133634000,13:36:34,9452,1679,13323,78610780,0,0,0
SF207,20220218,20220218,133634500,13:36:35,9452,1679,13323,78610780,0,0,0
SF207,20220218,20220218,133635000,13:36:36,9452,1679,13323,78610780,0,0,0
SF207,20220218,20220218,133635500,13:36:36,9452,1679,13323,78610780,0,0,0
SF207,20220218,20220218,133636500,13:36:36,9452,1679,13323,78610780,0,0,0
SF207,20220218,20220218,133637000,13:36:38,9452,1679,13323,78610780,0,0,0
SF207,20220218,20220218,133637500,13:36:38,9452,1679,13323,78610780,0,0,0
SF207,20220218,20220218,133638000,13:36:39,9452,1679,13323,78610780,0,0,0
SF207,20220218,20220218,133638500,13:36:39,9452,1679,13323,78610780,0,0,0
SF207,20220218,20220218,133639000,13:36:39,9452,1679,13323,78610780,0,0,0
SF207,20220218,20220218,133640500,13:36:40,9452,1679,13323,78610780,0,0,0
SF207,20220218,20220218,133642500,13:36:43,9452,1679,13323,78610780,0,0,0
SF207,20220218,20220218,133643000,13:36:43,9452,1679,13323,78610780,0,0,0
SF207,20220218,20220218,133643500,13:36:44,9452,1679,13323,78610780,0,0,0
SF207,20220218,20220218,133644000,13:36:44,9452,1679,13323,78610780,0,0,0
SF207,20220218,20220218,133644500,13:36:44,9452,1679,13323,78610780,0,0,0
SF207,20220218,20220218,133645000,13:36:45,9452,1679,13323,78610780,0,0,0
SF207,20220218,20220218,133646000,13:36:46,9452,1679,13323,78610780,0,0,0
SF207,20220218,20220218,133646500,13:36:46,9452,1679,13323,78610780,0,0,0
SF207,20220218,20220218,133647000,13:36:47,9452,1679,13323,78610780,0,0,0
SF207,20220218,20220218,133647500,13:36:48,9452,1679,13323,78610780,0,0,0
SF207,20220218,20220218,133648000,13:36:48,9452,1679,13323,78610780,0,0,0
SF207,20220218,20220218,133648500,13:36:49,9452,1679,13323,78610780,0,0,0
SF207,20220218,20220218,133649000,13:36:49,9452,1679,13323,78610780,0,0,0
SF207,20220218,20220218,133649500,13:36:49,9452,1679,13323,78610780,0,0,0
SF207,20220218,20220218,133650000,13:36:50,9452,1679,13323,78610780,0,0,0
SF207,20220218,20220218,133651500,13:36:52,9452,1679,13323,78610780,0,0,0
SF207,20220218,20220218,133652500,13:36:53,9452,1679,13323,78610780,0,0,0
SF207,20220218,20220218,133653000,13:36:53,9452,1679,13323,78610780,0,0,0
SF207,20220218,20220218,133653500,13:36:54,9452,1679,13323,78610780,0,0,0
SF207,20220218,20220218,133654000,13:36:54,9452,1679,13323,78610780,0,0,0
SF207,20220218,20220218,133655500,13:36:56,9452,1679,13323,78610780,0,0,0
SF207,20220218,20220218,133656000,13:36:56,9452,1679,13323,78610780,0,0,0
SF207,20220218,20220218,133656500,13:36:58,9452,1679,13323,78610780,0,0,0
SF207,20220218,20220218,133657500,13:36:58,9452,1679,13323,78610780,0,0,0
SF207,20220218,20220218,133658000,13:36:58,9452,1679,13323,78610780,0,0,0
SF207,20220218,20220218,133658500,13:36:59,9452,1679,13323,78610780,0,0,0
SF207,20220218,20220218,133659000,13:36:59,9452,1679,13323,78610780,0,0,0
SF207,20220218,20220218,133659500,13:37:00,9452,1679,13323,78610780,0,0,0
SF207,20220218,20220218,133701000,13:37:01,9452,1679,13323,78610780,0,0,0
SF207,20220218,20220218,133703000,13:37:03,9452,1679,13323,78610780,0,0,0
SF207,20220218,20220218,133708000,13:37:08,9452,1679,13323,78610780,0,0,0
SF207,20220218,20220218,133708500,13:37:08,9452,1679,13323,78610780,0,0,0
SF207,20220218,20220218,133709000,13:37:10,9452,1679,13323,78610780,0,0,0
SF207,20220218,20220218,133709500,13:37:11,9452,1679,13323,78610780,0,0,0
SF207,20220218,20220218,133710000,13:37:11,9452,1679,13323,78610780,0,0,0
SF207,20220218,20220218,133710500,13:37:11,9452,1679,13323,78610780,0,0,0
SF207,20220218,20220218,133713000,13:37:13,9452,1679,13323,78610780,0,0,0
SF207,20220218,20220218,133713500,13:37:14,9452,1679,13323,78610780,0,0,0
SF207,20220218,20220218,133714000,13:37:14,9452,1679,13323,78610780,0,0,0
SF207,20220218,20220218,133715000,13:37:15,9452,1679,13323,78610780,0,0,0
SF207,20220218,20220218,133716000,13:37:16,9452,1679,13323,78610780,0,0,0
SF207,20220218,20220218,133716500,13:37:17,9452,1679,13323,78610780,0,0,0
SF207,20220218,20220218,133718000,13:37:18,9452,1680,13322,78657600,1,-1,46820
SF207,20220218,20220218,133718500,13:37:19,9452,1680,13322,78657600,0,0,0
SF207,20220218,20220218,133719000,13:37:19,9452,1680,13322,78657600,0,0,0
SF207,20220218,20220218,133719500,13:37:20,9452,1680,13322,78657600,0,0,0
SF207,20220218,20220218,133720000,13:37:21,9452,1680,13322,78657600,0,0,0
SF207,20220218,20220218,133720500,13:37:21,9452,1680,13322,78657600,0,0,0
SF207,20220218,20220218,133722000,13:37:22,9452,1680,13322,78657600,0,0,0
SF207,20220218,20220218,133723500,13:37:23,9452,1680,13322,78657600,0,0,0
SF207,20220218,20220218,133724000,13:37:24,9452,1680,13322,78657600,0,0,0
SF207,20220218,20220218,133725000,13:37:25,9452,1680,13322,78657600,0,0,0
SF207,20220218,20220218,133728000,13:37:28,9452,1680,13322,78657600,0,0,0
SF207,20220218,20220218,133728500,13:37:29,9452,1680,13322,78657600,0,0,0
SF207,20220218,20220218,133731000,13:37:31,9452,1680,13322,78657600,0,0,0
SF207,20220218,20220218,133734000,13:37:34,9452,1680,13322,78657600,0,0,0
SF207,20220218,20220218,133734500,13:37:34,9452,1680,13322,78657600,0,0,0
SF207,20220218,20220218,133735000,13:37:35,9456,1682,13320,78768060,2,-2,110460
SF207,20220218,20220218,133736000,13:37:36,9456,1682,13320,78768060,0,0,0
SF207,20220218,20220218,133737000,13:37:37,9456,1682,13320,78768060,0,0,0
SF207,20220218,20220218,133739000,13:37:39,9456,1682,13320,78768060,0,0,0
SF207,20220218,20220218,133743000,13:37:44,9456,1682,13320,78768060,0,0,0
SF207,20220218,20220218,133743500,13:37:44,9456,1682,13320,78768060,0,0,0
SF207,20220218,20220218,133744000,13:37:45,9456,1682,13320,78768060,0,0,0
SF207,20220218,20220218,133744500,13:37:45,9456,1682,13320,78768060,0,0,0
SF207,20220218,20220218,133745000,13:37:45,9456,1682,13320,78768060,0,0,0
SF207,20220218,20220218,133745500,13:37:45,9456,1682,13320,78768060,0,0,0
SF207,20220218,20220218,133746000,13:37:46,9456,1682,13320,78768060,0,0,0
SF207,20220218,20220218,133750000,13:37:50,9456,1682,13320,78768060,0,0,0
SF207,20220218,20220218,133750500,13:37:51,9456,1682,13320,78768060,0,0,0
SF207,20220218,20220218,133752000,13:37:53,9456,1682,13320,78768060,0,0,0
SF207,20220218,20220218,133752500,13:37:54,9456,1682,13320,78768060,0,0,0
SF207,20220218,20220218,133756500,13:37:57,9456,1682,13320,78768060,0,0,0
SF207,20220218,20220218,133757000,13:37:57,9456,1682,13320,78768060,0,0,0
SF207,20220218,20220218,133758000,13:37:58,9456,1682,13320,78768060,0,0,0
SF207,20220218,20220218,133758500,13:37:59,9456,1682,13320,78768060,0,0,0
SF207,20220218,20220218,133759000,13:38:00,9456,1682,13320,78768060,0,0,0
SF207,20220218,20220218,133759500,13:38:00,9456,1682,13320,78768060,0,0,0
SF207,20220218,20220218,133800000,13:38:02,9456,1682,13320,78768060,0,0,0
SF207,20220218,20220218,133801000,13:38:03,9456,1682,13320,78768060,0,0,0
SF207,20220218,20220218,133802000,13:38:03,9456,1682,13320,78768060,0,0,0
SF207,20220218,20220218,133802500,13:38:05,9456,1682,13320,78768060,0,0,0
SF207,20220218,20220218,133803000,13:38:06,9456,1682,13320,78768060,0,0,0
SF207,20220218,20220218,133803500,13:38:06,9456,1682,13320,78768060,0,0,0
SF207,20220218,20220218,133808500,13:38:09,9456,1682,13320,78768060,0,0,0
SF207,20220218,20220218,133809500,13:38:10,9456,1682,13320,78768060,0,0,0
SF207,20220218,20220218,133810500,13:38:10,9456,1682,13320,78768060,0,0,0
SF207,20220218,20220218,133811000,13:38:14,9456,1682,13320,78768060,0,0,0
SF207,20220218,20220218,133813500,13:38:15,9456,1682,13320,78768060,0,0,0
SF207,20220218,20220218,133814000,13:38:17,9456,1682,13320,78768060,0,0,0
SF207,20220218,20220218,133814500,13:38:17,9456,1682,13320,78768060,0,0,0
SF207,20220218,20220218,133816500,13:38:18,9456,1682,13320,78768060,0,0,0
SF207,20220218,20220218,133817500,13:38:18,9456,1682,13320,78768060,0,0,0
SF207,20220218,20220218,133818000,13:38:18,9456,1682,13320,78768060,0,0,0
SF207,20220218,20220218,133819000,13:38:19,9456,1682,13320,78768060,0,0,0
SF207,20220218,20220218,133819500,13:38:19,9456,1682,13320,78768060,0,0,0
SF207,20220218,20220218,133820000,13:38:22,9456,1682,13320,78768060,0,0,0
SF207,20220218,20220218,133821000,13:38:22,9456,1682,13320,78768060,0,0,0
SF207,20220218,20220218,133821500,13:38:23,9456,1682,13320,78768060,0,0,0
SF207,20220218,20220218,133822500,13:38:23,9456,1682,13320,78768060,0,0,0
SF207,20220218,20220218,133823000,13:38:24,9456,1682,13320,78768060,0,0,0
SF207,20220218,20220218,133825000,13:38:41,9456,1682,13320,78768060,0,0,0
SF207,20220218,20220218,133825500,13:38:42,9456,1682,13320,78768060,0,0,0
SF207,20220218,20220218,133839500,13:38:42,9456,1682,13320,78768060,0,0,0
SF207,20220218,20220218,133841000,13:38:43,9456,1682,13320,78768060,0,0,0
SF207,20220218,20220218,133845500,13:38:45,9456,1682,13320,78768060,0,0,0
SF207,20220218,20220218,133907500,13:39:07,9456,1682,13320,78768060,0,0,0
SF207,20220218,20220218,133908500,13:39:08,9456,1682,13320,78768060,0,0,0
SF207,20220218,20220218,133910000,13:39:10,9456,1682,13320,78768060,0,0,0
SF207,20220218,20220218,133912000,13:39:12,9456,1682,13320,78768060,0,0,0
SF207,20220218,20220218,133913500,13:39:14,9456,1682,13320,78768060,0,0,0
SF207,20220218,20220218,133914000,13:39:15,9456,1682,13320,78768060,0,0,0
SF207,20220218,20220218,133914500,13:39:18,9456,1682,13320,78768060,0,0,0
SF207,20220218,20220218,133915500,13:39:19,9456,1682,13320,78768060,0,0,0
SF207,20220218,20220218,133918500,13:39:19,9456,1682,13320,78768060,0,0,0
SF207,20220218,20220218,133919000,13:39:19,9456,1682,13320,78768060,0,0,0
SF207,20220218,20220218,133920000,13:39:20,9456,1682,13320,78768060,0,0,0
SF207,20220218,20220218,133921500,13:39:21,9456,1682,13320,78768060,0,0,0
SF207,20220218,20220218,133922500,13:39:23,9456,1682,13320,78768060,0,0,0
SF207,20220218,20220218,133924000,13:39:24,9456,1682,13320,78768060,0,0,0
SF207,20220218,20220218,133924500,13:39:24,9456,1682,13320,78768060,0,0,0
SF207,20220218,20220218,133931000,13:39:31,9456,1682,13320,78768060,0,0,0
SF207,20220218,20220218,133932500,13:39:33,9456,1682,13320,78768060,0,0,0
SF207,20220218,20220218,133933500,13:39:33,9456,1682,13320,78768060,0,0,0
SF207,20220218,20220218,133934500,13:39:34,9456,1682,13320,78768060,0,0,0
SF207,20220218,20220218,133936000,13:39:36,9456,1682,13320,78768060,0,0,0
SF207,20220218,20220218,133938500,13:39:38,9456,1682,13320,78768060,0,0,0
SF207,20220218,20220218,133939500,13:39:40,9456,1682,13320,78768060,0,0,0
SF207,20220218,20220218,133940000,13:39:41,9456,1682,13320,78768060,0,0,0
SF207,20220218,20220218,133941000,13:39:41,9456,1682,13320,78768060,0,0,0
SF207,20220218,20220218,133943500,13:39:43,9456,1682,13320,78768060,0,0,0
SF207,20220218,20220218,133944500,13:39:45,9456,1682,13320,78768060,0,0,0
SF207,20220218,20220218,133945000,13:39:45,9456,1682,13320,78768060,0,0,0
SF207,20220218,20220218,133945500,13:39:46,9456,1682,13320,78768060,0,0,0
SF207,20220218,20220218,133946000,13:39:47,9456,1682,13320,78768060,0,0,0
SF207,20220218,20220218,133953000,13:39:54,9456,1682,13320,78768060,0,0,0
SF207,20220218,20220218,133953500,13:39:54,9456,1682,13320,78768060,0,0,0
SF207,20220218,20220218,133955000,13:39:55,9456,1682,13320,78768060,0,0,0
SF207,20220218,20220218,133955500,13:39:56,9456,1682,13320,78768060,0,0,0
SF207,20220218,20220218,133956000,13:39:56,9456,1682,13320,78768060,0,0,0
SF207,20220218,20220218,133958000,13:40:13,9456,1682,13320,78768060,0,0,0
SF207,20220218,20220218,134006000,13:40:13,9456,1682,13320,78768060,0,0,0
SF207,20220218,20220218,134013000,13:40:13,9456,1682,13320,78768060,0,0,0
SF207,20220218,20220218,134013500,13:40:14,9456,1682,13320,78768060,0,0,0
SF207,20220218,20220218,134014000,13:40:14,9456,1682,13320,78768060,0,0,0
SF207,20220218,20220218,134015000,13:40:16,9456,1682,13320,78768060,0,0,0
SF207,20220218,20220218,134015500,13:40:16,9456,1682,13320,78768060,0,0,0
SF207,20220218,20220218,134016500,13:40:17,9456,1682,13320,78768060,0,0,0
SF207,20220218,20220218,134017000,13:40:17,9456,1682,13320,78768060,0,0,0
SF207,20220218,20220218,134019000,13:40:19,9456,1682,13320,78768060,0,0,0
SF207,20220218,20220218,134019500,13:40:20,9456,1682,13320,78768060,0,0,0
SF207,20220218,20220218,134020500,13:40:21,9456,1682,13320,78768060,0,0,0
SF207,20220218,20220218,134021000,13:40:21,9456,1682,13320,78768060,0,0,0
SF207,20220218,20220218,134021500,13:40:22,9456,1682,13320,78768060,0,0,0
SF207,20220218,20220218,134023500,13:40:24,9456,1682,13320,78768060,0,0,0
SF207,20220218,20220218,134024000,13:40:24,9456,1682,13320,78768060,0,0,0
SF207,20220218,20220218,134024500,13:40:25,9456,1682,13320,78768060,0,0,0
SF207,20220218,20220218,134025000,13:40:25,9456,1682,13320,78768060,0,0,0
SF207,20220218,20220218,134025500,13:40:26,9456,1682,13320,78768060,0,0,0
SF207,20220218,20220218,134033500,13:40:34,9456,1682,13320,78768060,0,0,0
SF207,20220218,20220218,134035000,13:40:35,9456,1682,13320,78768060,0,0,0
SF207,20220218,20220218,134035500,13:40:36,9456,1682,13320,78768060,0,0,0
SF207,20220218,20220218,134036500,13:40:36,9456,1682,13320,78768060,0,0,0
SF207,20220218,20220218,134037000,13:40:37,9456,1682,13320,78768060,0,0,0
SF207,20220218,20220218,134037500,13:40:37,9456,1682,13320,78768060,0,0,0
SF207,20220218,20220218,134038500,13:40:38,9456,1682,13320,78768060,0,0,0
SF207,20220218,20220218,134039000,13:40:40,9456,1682,13320,78768060,0,0,0
SF207,20220218,20220218,134039500,13:40:40,9456,1682,13320,78768060,0,0,0
SF207,20220218,20220218,134040500,13:40:41,9456,1682,13320,78768060,0,0,0
SF207,20220218,20220218,134041000,13:40:42,9456,1682,13320,78768060,0,0,0
SF207,20220218,20220218,134041500,13:40:42,9456,1682,13320,78768060,0,0,0
SF207,20220218,20220218,134042500,13:40:43,9456,1682,13320,78768060,0,0,0
SF207,20220218,20220218,134044500,13:40:44,9456,1682,13320,78768060,0,0,0
SF207,20220218,20220218,134045000,13:40:45,9456,1682,13320,78768060,0,0,0
SF207,20220218,20220218,134045500,13:40:46,9456,1682,13320,78768060,0,0,0
SF207,20220218,20220218,134046500,13:40:46,9456,1682,13320,78768060,0,0,0
SF207,20220218,20220218,134049500,13:40:49,9456,1682,13320,78768060,0,0,0
SF207,20220218,20220218,134050000,13:40:50,9460,1694,13314,79330020,12,-6,561960
SF207,20220218,20220218,134050500,13:40:50,9460,1694,13314,79330020,0,0,0
SF207,20220218,20220218,134051000,13:40:55,9460,1694,13314,79330020,0,0,0
SF207,20220218,20220218,134051500,13:40:55,9460,1694,13314,79330020,0,0,0
SF207,20220218,20220218,134052000,13:40:55,9460,1694,13314,79330020,0,0,0
SF207,20220218,20220218,134102000,13:41:02,9460,1694,13314,79330020,0,0,0
SF207,20220218,20220218,134103000,13:41:04,9460,1694,13314,79330020,0,0,0
SF207,20220218,20220218,134107000,13:41:09,9460,1694,13314,79330020,0,0,0
SF207,20220218,20220218,134108500,13:41:10,9464,1695,13314,79376850,1,0,46830
SF207,20220218,20220218,134110000,13:41:10,9464,1695,13314,79376850,0,0,0
SF207,20220218,20220218,134110500,13:41:10,9464,1697,13314,79470510,2,0,93660
SF207,20220218,20220218,134114000,13:41:15,9464,1697,13314,79470510,0,0,0
SF207,20220218,20220218,134115500,13:41:16,9464,1697,13314,79470510,0,0,0
SF207,20220218,20220218,134116500,13:41:17,9464,1697,13314,79470510,0,0,0
SF207,20220218,20220218,134117000,13:41:17,9464,1697,13314,79470510,0,0,0
SF207,20220218,20220218,134117500,13:41:18,9464,1697,13314,79470510,0,0,0
SF207,20220218,20220218,134118000,13:41:19,9464,1697,13314,79470510,0,0,0
SF207,20220218,20220218,134118500,13:41:19,9464,1698,13315,79517340,1,1,46830
SF207,20220218,20220218,134119500,13:41:20,9464,1698,13315,79517340,0,0,0
SF207,20220218,20220218,134121500,13:41:24,9464,1698,13315,79517340,0,0,0
SF207,20220218,20220218,134126500,13:41:27,9464,1698,13315,79517340,0,0,0
SF207,20220218,20220218,134127000,13:41:27,9464,1698,13315,79517340,0,0,0
SF207,20220218,20220218,134127500,13:41:27,9464,1698,13315,79517340,0,0,0
SF207,20220218,20220218,134128500,13:41:29,9464,1698,13315,79517340,0,0,0
SF207,20220218,20220218,134131000,13:41:31,9464,1700,13316,79611000,2,1,93660
SF207,20220218,20220218,134131500,13:41:32,9464,1700,13316,79611000,0,0,0
SF207,20220218,20220218,134132000,13:41:33,9464,1700,13316,79611000,0,0,0
SF207,20220218,20220218,134132500,13:41:33,9464,1700,13316,79611000,0,0,0
SF207,20220218,20220218,134133000,13:41:33,9464,1700,13316,79611000,0,0,0
SF207,20220218,20220218,134133500,13:41:34,9464,1700,13316,79611000,0,0,0
SF207,20220218,20220218,134134000,13:41:34,9464,1700,13316,79611000,0,0,0
SF207,20220218,20220218,134134500,13:41:34,9464,1700,13316,79611000,0,0,0
SF207,20220218,20220218,134135000,13:41:35,9464,1700,13316,79611000,0,0,0
SF207,20220218,20220218,134135500,13:41:39,9464,1700,13316,79611000,0,0,0
SF207,20220218,20220218,134136000,13:41:39,9464,1700,13316,79611000,0,0,0
SF207,20220218,20220218,134136500,13:41:39,9464,1700,13316,79611000,0,0,0
SF207,20220218,20220218,134139500,13:41:41,9464,1700,13316,79611000,0,0,0
SF207,20220218,20220218,134140000,13:41:42,9464,1700,13316,79611000,0,0,0
SF207,20220218,20220218,134141500,13:41:42,9464,1700,13316,79611000,0,0,0
SF207,20220218,20220218,134143500,13:41:44,9464,1700,13316,79611000,0,0,0
SF207,20220218,20220218,134144000,13:41:44,9464,1700,13316,79611000,0,0,0
SF207,20220218,20220218,134146500,13:41:47,9464,1700,13316,79611000,0,0,0
SF207,20220218,20220218,134149500,13:41:50,9464,1700,13316,79611000,0,0,0
SF207,20220218,20220218,134150000,13:41:50,9464,1700,13316,79611000,0,0,0
SF207,20220218,20220218,134150500,13:41:51,9464,1700,13316,79611000,0,0,0
SF207,20220218,20220218,134151000,13:41:51,9464,1700,13316,79611000,0,0,0
SF207,20220218,20220218,134202000,13:42:10,9464,1700,13316,79611000,0,0,0
SF207,20220218,20220218,134202500,13:42:11,9464,1700,13316,79611000,0,0,0
SF207,20220218,20220218,134210000,13:42:12,9464,1700,13316,79611000,0,0,0
SF207,20220218,20220218,134211000,13:42:12,9464,1700,13316,79611000,0,0,0
SF207,20220218,20220218,134211500,13:42:12,9464,1700,13316,79611000,0,0,0
SF207,20220218,20220218,134214500,13:42:15,9464,1700,13316,79611000,0,0,0
SF207,20220218,20220218,134215000,13:42:15,9464,1700,13316,79611000,0,0,0
SF207,20220218,20220218,134215500,13:42:16,9464,1700,13316,79611000,0,0,0
SF207,20220218,20220218,134216000,13:42:16,9464,1700,13316,79611000,0,0,0
SF207,20220218,20220218,134216500,13:42:17,9464,1700,13316,79611000,0,0,0
SF207,20220218,20220218,134224000,13:42:25,9464,1700,13316,79611000,0,0,0
SF207,20220218,20220218,134224500,13:42:25,9464,1700,13316,79611000,0,0,0
SF207,20220218,20220218,134225000,13:42:25,9464,1700,13316,79611000,0,0,0
SF207,20220218,20220218,134225500,13:42:26,9464,1700,13316,79611000,0,0,0
SF207,20220218,20220218,134226000,13:42:27,9464,1700,13316,79611000,0,0,0
SF207,20220218,20220218,134256500,13:42:57,9464,1700,13316,79611000,0,0,0
SF207,20220218,20220218,134257000,13:42:59,9464,1700,13316,79611000,0,0,0
SF207,20220218,20220218,134257500,13:42:59,9464,1700,13316,79611000,0,0,0
SF207,20220218,20220218,134259000,13:42:59,9464,1700,13316,79611000,0,0,0
SF207,20220218,20220218,134259500,13:43:01,9464,1700,13316,79611000,0,0,0
SF207,20220218,20220218,134300000,13:43:02,9464,1700,13316,79611000,0,0,0
SF207,20220218,20220218,134300500,13:43:02,9464,1700,13316,79611000,0,0,0
SF207,20220218,20220218,134301000,13:43:02,9464,1700,13316,79611000,0,0,0
SF207,20220218,20220218,134301500,13:43:02,9464,1700,13316,79611000,0,0,0
SF207,20220218,20220218,134303000,13:43:05,9464,1700,13316,79611000,0,0,0
SF207,20220218,20220218,134304000,13:43:11,9464,1700,13316,79611000,0,0,0
SF207,20220218,20220218,134304500,13:43:11,9464,1700,13316,79611000,0,0,0
SF207,20220218,20220218,134309500,13:43:12,9464,1700,13316,79611000,0,0,0
SF207,20220218,20220218,134312000,13:43:14,9464,1700,13316,79611000,0,0,0
SF207,20220218,20220218,134315500,13:43:15,9464,1700,13316,79611000,0,0,0
SF207,20220218,20220218,134316000,13:43:16,9464,1700,13316,79611000,0,0,0
SF207,20220218,20220218,134318000,13:43:18,9464,1700,13316,79611000,0,0,0
SF207,20220218,20220218,134321500,13:43:21,9464,1700,13316,79611000,0,0,0
SF207,20220218,20220218,134333500,13:43:34,9464,1700,13316,79611000,0,0,0
SF207,20220218,20220218,134354500,13:44:04,9464,1700,13316,79611000,0,0,0
SF207,20220218,20220218,134403500,13:44:04,9464,1700,13316,79611000,0,0,0
SF207,20220218,20220218,134404000,13:44:05,9464,1700,13316,79611000,0,0,0
SF207,20220218,20220218,134406000,13:44:06,9464,1700,13316,79611000,0,0,0
SF207,20220218,20220218,134408000,13:44:08,9464,1700,13316,79611000,0,0,0
SF207,20220218,20220218,134410000,13:44:17,9464,1700,13316,79611000,0,0,0
SF207,20220218,20220218,134410500,13:44:17,9464,1700,13316,79611000,0,0,0
SF207,20220218,20220218,134411500,13:44:17,9464,1700,13316,79611000,0,0,0
SF207,20220218,20220218,134422500,13:44:23,9464,1700,13316,79611000,0,0,0
SF207,20220218,20220218,134423500,13:44:24,9464,1700,13316,79611000,0,0,0
SF207,20220218,20220218,134425500,13:44:25,9464,1700,13316,79611000,0,0,0
SF207,20220218,20220218,134426000,13:44:26,9464,1700,13316,79611000,0,0,0
SF207,20220218,20220218,134427000,13:44:27,9464,1700,13316,79611000,0,0,0
SF207,20220218,20220218,134427500,13:44:28,9464,1700,13316,79611000,0,0,0
SF207,20220218,20220218,134435000,13:44:37,9464,1700,13316,79611000,0,0,0
SF207,20220218,20220218,134439000,13:44:39,9464,1700,13316,79611000,0,0,0
SF207,20220218,20220218,134440000,13:44:40,9464,1700,13316,79611000,0,0,0
SF207,20220218,20220218,134440500,13:44:40,9464,1700,13316,79611000,0,0,0
SF207,20220218,20220218,134441000,13:44:41,9464,1700,13316,79611000,0,0,0
SF207,20220218,20220218,134441500,13:44:42,9464,1700,13316,79611000,0,0,0
SF207,20220218,20220218,134442000,13:44:42,9464,1700,13316,79611000,0,0,0
SF207,20220218,20220218,134442500,13:44:43,9464,1700,13316,79611000,0,0,0
SF207,20220218,20220218,134443000,13:44:43,9464,1700,13316,79611000,0,0,0
SF207,20220218,20220218,134443500,13:44:44,9464,1700,13316,79611000,0,0,0
SF207,20220218,20220218,134444000,13:44:44,9464,1700,13316,79611000,0,0,0
SF207,20220218,20220218,134444500,13:44:45,9464,1700,13316,79611000,0,0,0
SF207,20220218,20220218,134445000,13:44:45,9464,1700,13316,79611000,0,0,0
SF207,20220218,20220218,134445500,13:44:46,9464,1700,13316,79611000,0,0,0
SF207,20220218,20220218,134447500,13:44:47,9464,1700,13316,79611000,0,0,0
SF207,20220218,20220218,134448500,13:44:48,9464,1700,13316,79611000,0,0,0
SF207,20220218,20220218,134449000,13:44:50,9464,1700,13316,79611000,0,0,0
SF207,20220218,20220218,134451000,13:44:51,9464,1700,13316,79611000,0,0,0
SF207,20220218,20220218,134451500,13:44:53,9464,1700,13316,79611000,0,0,0
SF207,20220218,20220218,134452000,13:44:53,9464,1700,13316,79611000,0,0,0
SF207,20220218,20220218,134452500,13:44:53,9464,1700,13316,79611000,0,0,0
SF207,20220218,20220218,134453000,13:44:53,9464,1700,13316,79611000,0,0,0
SF207,20220218,20220218,134453500,13:44:54,9464,1700,13316,79611000,0,0,0
SF207,20220218,20220218,134454000,13:44:54,9464,1700,13316,79611000,0,0,0
SF207,20220218,20220218,134454500,13:44:55,9464,1700,13316,79611000,0,0,0
SF207,20220218,20220218,134455000,13:44:55,9464,1700,13316,79611000,0,0,0
SF207,20220218,20220218,134455500,13:44:56,9464,1700,13316,79611000,0,0,0
SF207,20220218,20220218,134457000,13:44:57,9464,1700,13316,79611000,0,0,0
SF207,20220218,20220218,134457500,13:44:57,9464,1700,13316,79611000,0,0,0
SF207,20220218,20220218,134458000,13:44:58,9464,1700,13316,79611000,0,0,0
SF207,20220218,20220218,134459000,13:44:59,9464,1700,13316,79611000,0,0,0
SF207,20220218,20220218,134500000,13:45:00,9464,1700,13316,79611000,0,0,0
SF207,20220218,20220218,134500500,13:45:01,9464,1700,13316,79611000,0,0,0
SF207,20220218,20220218,134501000,13:45:01,9464,1700,13316,79611000,0,0,0
SF207,20220218,20220218,134501500,13:45:02,9464,1700,13316,79611000,0,0,0
SF207,20220218,20220218,134504500,13:45:09,9464,1700,13316,79611000,0,0,0
SF207,20220218,20220218,134508000,13:45:09,9464,1700,13316,79611000,0,0,0
SF207,20220218,20220218,134508500,13:45:09,9464,1700,13316,79611000,0,0,0
SF207,20220218,20220218,134509000,13:45:10,9464,1700,13316,79611000,0,0,0
SF207,20220218,20220218,134512000,13:45:13,9464,1700,13316,79611000,0,0,0
SF207,20220218,20220218,134512500,13:45:13,9464,1700,13316,79611000,0,0,0
SF207,20220218,20220218,134513000,13:45:14,9464,1700,13316,79611000,0,0,0
SF207,20220218,20220218,134513500,13:45:15,9464,1700,13316,79611000,0,0,0
SF207,20220218,20220218,134514000,13:45:15,9464,1700,13316,79611000,0,0,0
SF207,20220218,20220218,134515000,13:45:17,9464,1700,13316,79611000,0,0,0
SF207,20220218,20220218,134515500,13:45:17,9464,1700,13316,79611000,0,0,0
SF207,20220218,20220218,134516000,13:45:17,9464,1700,13316,79611000,0,0,0
SF207,20220218,20220218,134520000,13:45:23,9464,1700,13316,79611000,0,0,0
SF207,20220218,20220218,134523000,13:45:24,9464,1700,13316,79611000,0,0,0
SF207,20220218,20220218,134523500,13:45:24,9464,1700,13316,79611000,0,0,0
SF207,20220218,20220218,134524000,13:45:24,9464,1700,13316,79611000,0,0,0
SF207,20220218,20220218,134525000,13:45:27,9464,1700,13316,79611000,0,0,0
SF207,20220218,20220218,134530000,13:45:30,9464,1700,13316,79611000,0,0,0
SF207,20220218,20220218,134530500,13:45:31,9464,1700,13316,79611000,0,0,0
SF207,20220218,20220218,134531000,13:45:31,9464,1700,13316,79611000,0,0,0
SF207,20220218,20220218,134532500,13:45:33,9464,1700,13316,79611000,0,0,0
SF207,20220218,20220218,134535000,13:45:35,9464,1700,13316,79611000,0,0,0
SF207,20220218,20220218,134535500,13:45:36,9464,1700,13316,79611000,0,0,0
SF207,20220218,20220218,134536000,13:45:37,9464,1700,13316,79611000,0,0,0
SF207,20220218,20220218,134537500,13:45:38,9464,1700,13316,79611000,0,0,0
SF207,20220218,20220218,134538500,13:45:39,9464,1700,13316,79611000,0,0,0
SF207,20220218,20220218,134539000,13:45:40,9464,1700,13316,79611000,0,0,0
SF207,20220218,20220218,134539500,13:45:40,9464,1700,13316,79611000,0,0,0
SF207,20220218,20220218,134541000,13:45:41,9464,1700,13316,79611000,0,0,0
SF207,20220218,20220218,134541500,13:45:45,9464,1700,13316,79611000,0,0,0
SF207,20220218,20220218,134545500,13:45:46,9464,1700,13316,79611000,0,0,0
SF207,20220218,20220218,134547000,13:45:47,9464,1700,13316,79611000,0,0,0
SF207,20220218,20220218,134547500,13:45:47,9464,1700,13316,79611000,0,0,0
SF207,20220218,20220218,134548000,13:45:48,9464,1700,13316,79611000,0,0,0
SF207,20220218,20220218,134548500,13:45:49,9464,1700,13316,79611000,0,0,0
SF207,20220218,20220218,134550000,13:45:53,9464,1700,13316,79611000,0,0,0
SF207,20220218,20220218,134553500,13:45:54,9464,1700,13316,79611000,0,0,0
SF207,20220218,20220218,134555000,13:45:56,9464,1700,13316,79611000,0,0,0
SF207,20220218,20220218,134555500,13:45:57,9464,1700,13316,79611000,0,0,0
SF207,20220218,20220218,134556000,13:46:00,9464,1700,13316,79611000,0,0,0
SF207,20220218,20220218,134556500,13:46:00,9464,1700,13316,79611000,0,0,0
SF207,20220218,20220218,134559500,13:46:01,9464,1700,13316,79611000,0,0,0
SF207,20220218,20220218,134601000,13:46:02,9464,1700,13316,79611000,0,0,0
SF207,20220218,20220218,134601500,13:46:02,9464,1700,13316,79611000,0,0,0
SF207,20220218,20220218,134602500,13:46:04,9464,1700,13316,79611000,0,0,0
SF207,20220218,20220218,134603000,13:46:04,9464,1700,13316,79611000,0,0,0
SF207,20220218,20220218,134603500,13:46:04,9464,1700,13316,79611000,0,0,0
SF207,20220218,20220218,134605000,13:46:05,9464,1700,13316,79611000,0,0,0
SF207,20220218,20220218,134606000,13:46:06,9464,1700,13316,79611000,0,0,0
SF207,20220218,20220218,134606500,13:46:07,9464,1700,13316,79611000,0,0,0
SF207,20220218,20220218,134607000,13:46:07,9464,1700,13316,79611000,0,0,0
SF207,20220218,20220218,134607500,13:46:08,9464,1700,13316,79611000,0,0,0
SF207,20220218,20220218,134608000,13:46:09,9464,1700,13316,79611000,0,0,0
SF207,20220218,20220218,134609000,13:46:09,9464,1700,13316,79611000,0,0,0
SF207,20220218,20220218,134610000,13:46:11,9464,1700,13316,79611000,0,0,0
SF207,20220218,20220218,134610500,13:46:11,9464,1700,13316,79611000,0,0,0
SF207,20220218,20220218,134611000,13:46:11,9464,1700,13316,79611000,0,0,0
SF207,20220218,20220218,134611500,13:46:11,9464,1700,13316,79611000,0,0,0
SF207,20220218,20220218,134612000,13:46:13,9464,1700,13316,79611000,0,0,0
SF207,20220218,20220218,134613000,13:46:13,9464,1700,13316,79611000,0,0,0
SF207,20220218,20220218,134613500,13:46:14,9464,1700,13316,79611000,0,0,0
SF207,20220218,20220218,134614000,13:46:14,9464,1700,13316,79611000,0,0,0
SF207,20220218,20220218,134615000,13:46:15,9464,1700,13316,79611000,0,0,0
SF207,20220218,20220218,134615500,13:46:17,9464,1700,13316,79611000,0,0,0
SF207,20220218,20220218,134617000,13:46:18,9464,1700,13316,79611000,0,0,0
SF207,20220218,20220218,134621000,13:46:21,9464,1700,13316,79611000,0,0,0
SF207,20220218,20220218,134621500,13:46:21,9464,1700,13316,79611000,0,0,0
SF207,20220218,20220218,134622000,13:46:30,9464,1700,13316,79611000,0,0,0
SF207,20220218,20220218,134623000,13:46:30,9464,1700,13316,79611000,0,0,0
SF207,20220218,20220218,134629000,13:46:31,9464,1700,13316,79611000,0,0,0
SF207,20220218,20220218,134631500,13:46:32,9464,1700,13316,79611000,0,0,0
SF207,20220218,20220218,134632500,13:46:33,9464,1700,13316,79611000,0,0,0
SF207,20220218,20220218,134633000,13:46:33,9464,1700,13316,79611000,0,0,0
SF207,20220218,20220218,134633500,13:46:33,9464,1700,13316,79611000,0,0,0
SF207,20220218,20220218,134634000,13:46:34,9464,1700,13316,79611000,0,0,0
SF207,20220218,20220218,134634500,13:46:35,9464,1700,13316,79611000,0,0,0
SF207,20220218,20220218,134635000,13:46:35,9464,1700,13316,79611000,0,0,0
SF207,20220218,20220218,134637500,13:46:38,9464,1700,13316,79611000,0,0,0
SF207,20220218,20220218,134639500,13:46:40,9464,1700,13316,79611000,0,0,0
SF207,20220218,20220218,134642500,13:46:43,9464,1700,13316,79611000,0,0,0
SF207,20220218,20220218,134651500,13:46:51,9464,1700,13316,79611000,0,0,0
SF207,20220218,20220218,134652000,13:46:52,9464,1700,13316,79611000,0,0,0
SF207,20220218,20220218,134652500,13:46:54,9464,1700,13316,79611000,0,0,0
SF207,20220218,20220218,134653000,13:46:54,9464,1700,13316,79611000,0,0,0
SF207,20220218,20220218,134653500,13:46:55,9464,1700,13316,79611000,0,0,0
SF207,20220218,20220218,134654000,13:46:55,9464,1700,13316,79611000,0,0,0
SF207,20220218,20220218,134655000,13:46:55,9464,1700,13316,79611000,0,0,0
SF207,20220218,20220218,134655500,13:46:55,9464,1700,13316,79611000,0,0,0
SF207,20220218,20220218,134656500,13:46:56,9464,1700,13316,79611000,0,0,0
SF207,20220218,20220218,134657000,13:46:57,9464,1700,13316,79611000,0,0,0
SF207,20220218,20220218,134659000,13:46:59,9464,1700,13316,79611000,0,0,0
SF207,20220218,20220218,134659500,13:47:00,9464,1700,13316,79611000,0,0,0
SF207,20220218,20220218,134700000,13:47:00,9464,1700,13316,79611000,0,0,0
SF207,20220218,20220218,134700500,13:47:00,9464,1700,13316,79611000,0,0,0
SF207,20220218,20220218,134701000,13:47:01,9464,1700,13316,79611000,0,0,0
SF207,20220218,20220218,134701500,13:47:02,9464,1700,13316,79611000,0,0,0
SF207,20220218,20220218,134703500,13:47:04,9464,1700,13316,79611000,0,0,0
SF207,20220218,20220218,134704500,13:47:05,9464,1700,13316,79611000,0,0,0
SF207,20220218,20220218,134705000,13:47:06,9464,1700,13316,79611000,0,0,0
SF207,20220218,20220218,134705500,13:47:06,9464,1700,13316,79611000,0,0,0
SF207,20220218,20220218,134706000,13:47:10,9464,1700,13316,79611000,0,0,0
SF207,20220218,20220218,134706500,13:47:10,9464,1700,13316,79611000,0,0,0
SF207,20220218,20220218,134707000,13:47:10,9464,1700,13316,79611000,0,0,0
SF207,20220218,20220218,134709500,13:47:11,9464,1700,13316,79611000,0,0,0
SF207,20220218,20220218,134712500,13:47:16,9464,1700,13316,79611000,0,0,0
SF207,20220218,20220218,134722000,13:47:26,9464,1700,13316,79611000,0,0,0
SF207,20220218,20220218,134723000,13:47:26,9464,1700,13316,79611000,0,0,0
SF207,20220218,20220218,134723500,13:47:27,9464,1700,13316,79611000,0,0,0
SF207,20220218,20220218,134724500,13:47:27,9464,1700,13316,79611000,0,0,0
SF207,20220218,20220218,134730500,13:47:30,9464,1700,13316,79611000,0,0,0
SF207,20220218,20220218,134733000,13:47:34,9464,1700,13316,79611000,0,0,0
SF207,20220218,20220218,134735500,13:47:36,9464,1700,13316,79611000,0,0,0
SF207,20220218,20220218,134741000,13:47:41,9464,1700,13316,79611000,0,0,0
SF207,20220218,20220218,134741500,13:47:42,9464,1700,13316,79611000,0,0,0
SF207,20220218,20220218,134742000,13:47:42,9464,1700,13316,79611000,0,0,0
SF207,20220218,20220218,134742500,13:47:42,9464,1700,13316,79611000,0,0,0
SF207,20220218,20220218,134743500,13:47:44,9464,1700,13316,79611000,0,0,0
SF207,20220218,20220218,134744000,13:47:44,9464,1700,13316,79611000,0,0,0
SF207,20220218,20220218,134744500,13:47:45,9464,1700,13316,79611000,0,0,0
SF207,20220218,20220218,134745500,13:47:46,9464,1700,13316,79611000,0,0,0
SF207,20220218,20220218,134746000,13:47:47,9464,1700,13316,79611000,0,0,0
SF207,20220218,20220218,134746500,13:47:47,9464,1700,13316,79611000,0,0,0
SF207,20220218,20220218,134747000,13:47:47,9464,1700,13316,79611000,0,0,0
SF207,20220218,20220218,134747500,13:47:47,9464,1700,13316,79611000,0,0,0
SF207,20220218,20220218,134748000,13:47:48,9464,1700,13316,79611000,0,0,0
SF207,20220218,20220218,134749000,13:47:50,9464,1700,13316,79611000,0,0,0
SF207,20220218,20220218,134755000,13:47:55,9464,1700,13316,79611000,0,0,0
SF207,20220218,20220218,134756000,13:47:56,9464,1700,13316,79611000,0,0,0
SF207,20220218,20220218,134758500,13:47:58,9464,1700,13316,79611000,0,0,0
SF207,20220218,20220218,134759500,13:48:00,9464,1700,13316,79611000,0,0,0
SF207,20220218,20220218,134810500,13:48:10,9464,1700,13316,79611000,0,0,0
SF207,20220218,20220218,134813500,13:48:13,9464,1700,13316,79611000,0,0,0
SF207,20220218,20220218,134817000,13:48:18,9464,1700,13316,79611000,0,0,0
SF207,20220218,20220218,134817500,13:48:19,9464,1700,13316,79611000,0,0,0
SF207,20220218,20220218,134818000,13:48:19,9464,1700,13316,79611000,0,0,0
SF207,20220218,20220218,134819000,13:48:20,9464,1700,13316,79611000,0,0,0
SF207,20220218,20220218,134819500,13:48:20,9464,1700,13316,79611000,0,0,0
SF207,20220218,20220218,134820000,13:48:22,9464,1700,13316,79611000,0,0,0
SF207,20220218,20220218,134820500,13:48:22,9464,1700,13316,79611000,0,0,0
SF207,20220218,20220218,134821500,13:48:23,9464,1700,13316,79611000,0,0,0
SF207,20220218,20220218,134822500,13:48:23,9464,1700,13316,79611000,0,0,0
SF207,20220218,20220218,134823000,13:48:23,9464,1700,13316,79611000,0,0,0
SF207,20220218,20220218,134823500,13:48:24,9464,1700,13316,79611000,0,0,0
SF207,20220218,20220218,134826500,13:48:27,9464,1700,13316,79611000,0,0,0
SF207,20220218,20220218,134827000,13:48:28,9464,1700,13316,79611000,0,0,0
SF207,20220218,20220218,134829000,13:48:29,9464,1700,13316,79611000,0,0,0
SF207,20220218,20220218,134830000,13:48:31,9464,1700,13316,79611000,0,0,0
SF207,20220218,20220218,134830500,13:48:31,9464,1700,13316,79611000,0,0,0
SF207,20220218,20220218,134831000,13:48:32,9464,1700,13316,79611000,0,0,0
SF207,20220218,20220218,134831500,13:48:32,9464,1700,13316,79611000,0,0,0
SF207,20220218,20220218,134832000,13:48:32,9464,1700,13316,79611000,0,0,0
SF207,20220218,20220218,134832500,13:48:32,9464,1700,13316,79611000,0,0,0
SF207,20220218,20220218,134833500,13:48:34,9464,1700,13316,79611000,0,0,0
SF207,20220218,20220218,134834000,13:48:36,9464,1700,13316,79611000,0,0,0
SF207,20220218,20220218,134839000,13:48:39,9464,1700,13316,79611000,0,0,0
SF207,20220218,20220218,134839500,13:48:39,9464,1700,13316,79611000,0,0,0
SF207,20220218,20220218,134842500,13:48:43,9464,1700,13316,79611000,0,0,0
SF207,20220218,20220218,134843000,13:48:43,9464,1700,13316,79611000,0,0,0
SF207,20220218,20220218,134843500,13:48:43,9464,1700,13316,79611000,0,0,0
SF207,20220218,20220218,134844000,13:48:44,9464,1700,13316,79611000,0,0,0
SF207,20220218,20220218,134844500,13:48:45,9464,1700,13316,79611000,0,0,0
SF207,20220218,20220218,134845000,13:48:45,9464,1700,13316,79611000,0,0,0
SF207,20220218,20220218,134845500,13:48:45,9464,1700,13316,79611000,0,0,0
SF207,20220218,20220218,134846000,13:48:46,9464,1700,13316,79611000,0,0,0
SF207,20220218,20220218,134846500,13:48:46,9464,1700,13316,79611000,0,0,0
SF207,20220218,20220218,134847000,13:48:47,9464,1700,13316,79611000,0,0,0
SF207,20220218,20220218,134848500,13:48:48,9464,1700,13316,79611000,0,0,0
SF207,20220218,20220218,134852500,13:48:52,9464,1700,13316,79611000,0,0,0
SF207,20220218,20220218,134854500,13:48:56,9464,1700,13316,79611000,0,0,0
SF207,20220218,20220218,134857500,13:48:57,9464,1700,13316,79611000,0,0,0
SF207,20220218,20220218,134858000,13:48:59,9464,1700,13316,79611000,0,0,0
