SM206,20220218,20220218,112003000,11:20:04,8278,15489,52522,637217460,15489,1058,637217460
SM206,20220218,20220218,112004500,11:20:09,8284,15695,52531,645692300,206,9,8474840
SM206,20220218,20220218,112005500,11:20:10,8284,15695,52531,645692300,0,0,0
SM206,20220218,20220218,112006500,11:20:10,8284,15696,52531,645733440,1,0,41140
SM206,20220218,20220218,112007000,11:20:10,8284,15703,52532,646021420,7,1,287980
SM206,20220218,20220218,112007500,11:20:10,8284,15703,52532,646021420,0,0,0
SM206,20220218,20220218,112008000,11:20:10,8284,15703,52532,646021420,0,0,0
SM206,20220218,20220218,112010500,11:20:10,8284,15703,52532,646021420,0,0,0
SM206,20220218,20220218,112011000,11:20:11,8284,15703,52532,646021420,0,0,0
SM206,20220218,20220218,112011500,11:20:12,8284,15703,52532,646021420,0,0,0
SM206,20220218,20220218,112012500,11:20:12,8284,15703,52532,646021420,0,0,0
SM206,20220218,20220218,112015000,11:20:15,8284,15703,52532,646021420,0,0,0
SM206,20220218,20220218,112015500,11:20:16,8284,15703,52532,646021420,0,0,0
SM206,20220218,20220218,112016000,11:20:16,8284,15703,52532,646021420,0,0,0
SM206,20220218,20220218,112016500,11:20:16,8284,15703,52532,646021420,0,0,0
SM206,20220218,20220218,112017000,11:20:17,8284,15703,52532,646021420,0,0,0
SM206,20220218,20220218,112017500,11:20:17,8284,15703,52532,646021420,0,0,0
SM206,20220218,20220218,112018500,11:20:18,8284,15703,52532,646021420,0,0,0
SM206,20220218,20220218,112019500,11:20:20,8282,15711,52532,646350540,8,0,329120
SM206,20220218,20220218,112020000,11:20:20,8282,15712,52533,646391680,1,1,41140
SM206,20220218,20220218,112020500,11:20:21,8282,15712,52533,646391680,0,0,0
SM206,20220218,20220218,112021500,11:20:21,8280,15720,52533,646720800,8,0,329120
SM206,20220218,20220218,112022000,11:20:22,8280,15720,52533,646720800,0,0,0
SM206,20220218,20220218,112029000,11:20:29,8280,15720,52533,646720800,0,0,0
SM206,20220218,20220218,112029500,11:20:30,8280,15720,52533,646720800,0,0,0
SM206,20220218,20220218,112030000,11:20:31,8278,15723,52533,647001450,3,0,280650
SM206,20220218,20220218,112030500,11:20:31,8280,15730,52534,647289500,7,1,288050
SM206,20220218,20220218,112031000,11:20:32,8280,15730,52534,647289500,0,0,0
SM206,20220218,20220218,112031500,11:20:32,8280,15730,52534,647289500,0,0,0
SM206,20220218,20220218,112033000,11:20:33,8280,15730,52534,647289500,0,0,0
SM206,20220218,20220218,112033500,11:20:33,8280,15730,52534,647289500,0,0,0
SM206,20220218,20220218,112034000,11:20:34,8280,15730,52534,647289500,0,0,0
SM206,20220218,20220218,112034500,11:20:35,8282,15731,52533,647330650,1,-1,41150
SM206,20220218,20220218,112035000,11:20:35,8282,15731,52533,647330650,0,0,0
SM206,20220218,20220218,112042500,11:20:42,8282,15731,52533,647330650,0,0,0
SM206,20220218,20220218,112043000,11:20:43,8282,15731,52533,647330650,0,0,0
SM206,20220218,20220218,112043500,11:20:44,8282,15731,52533,647330650,0,0,0
SM206,20220218,20220218,112045000,11:20:45,8282,15732,52534,647371800,1,1,41150
SM206,20220218,20220218,112045500,11:20:46,8282,15733,52535,647412950,1,1,41150
SM206,20220218,20220218,112046000,11:20:46,8282,15733,52535,647412950,0,0,0
SM206,20220218,20220218,112046500,11:20:46,8282,15733,52535,647412950,0,0,0
SM206,20220218,20220218,112047000,11:20:47,8282,15733,52535,647412950,0,0,0
SM206,20220218,20220218,112047500,11:20:48,8282,15733,52535,647412950,0,0,0
SM206,20220218,20220218,112048000,11:20:48,8282,15733,52535,647412950,0,0,0
SM206,20220218,20220218,112048500,11:20:50,8282,15733,52535,647412950,0,0,0
SM206,20220218,20220218,112049000,11:20:50,8282,15733,52535,647412950,0,0,0
SM206,20220218,20220218,112050500,11:20:50,8282,15733,52535,647412950,0,0,0
SM206,20220218,20220218,112051000,11:20:51,8282,15733,52535,647412950,0,0,0
SM206,20220218,20220218,112051500,11:20:52,8282,15733,52535,647412950,0,0,0
SM206,20220218,20220218,112052000,11:20:53,8282,15733,52535,647412950,0,0,0
SM206,20220218,20220218,112052500,11:20:53,8282,15733,52535,647412950,0,0,0
SM206,20220218,20220218,112053000,11:20:53,8282,15733,52535,647412950,0,0,0
SM206,20220218,20220218,112054500,11:20:55,8282,15733,52535,647412950,0,0,0
SM206,20220218,20220218,112055000,11:20:55,8282,15734,52535,647454100,1,0,41150
SM206,20220218,20220218,112055500,11:20:56,8282,15734,52535,647454100,0,0,0
SM206,20220218,20220218,112056000,11:20:56,8282,15734,52535,647454100,0,0,0
SM206,20220218,20220218,112056500,11:20:57,8282,15734,52535,647454100,0,0,0
SM206,20220218,20220218,112057000,11:20:58,8282,15734,52535,647454100,0,0,0
SM206,20220218,20220218,112057500,11:20:58,8282,15734,52535,647454100,0,0,0
SM206,20220218,20220218,112058000,11:20:58,8282,15734,52535,647454100,0,0,0
SM206,20220218,20220218,112058500,11:20:59,8282,15734,52535,647454100,0,0,0
SM206,20220218,20220218,112100500,11:21:01,8282,15734,52535,647454100,0,0,0
SM206,20220218,20220218,112101000,11:21:01,8282,15734,52535,647454100,0,0,0
SM206,20220218,20220218,112101500,11:21:02,8282,15734,52535,647454100,0,0,0
SM206,20220218,20220218,112102000,11:21:03,8282,15734,52535,647454100,0,0,0
SM206,20220218,20220218,112102500,11:21:03,8282,15734,52535,647454100,0,0,0
SM206,20220218,20220218,112103000,11:21:03,8282,15735,52534,647495250,1,-1,41150
SM206,20220218,20220218,112103500,11:21:04,8282,15735,52534,647495250,0,0,0
SM206,20220218,20220218,112104000,11:21:04,8282,15735,52534,647495250,0,0,0
SM206,20220218,20220218,112104500,11:21:05,8282,15735,52534,647495250,0,0,0
SM206,20220218,20220218,112105000,11:21:06,8282,15735,52534,647495250,0,0,0
SM206,20220218,20220218,112105500,11:21:07,8288,15736,52534,647536400,1,0,41150
SM206,20220218,20220218,112106000,11:21:07,8288,15736,52534,647536400,0,0,0
SM206,20220218,20220218,112106500,11:21:08,8288,15736,52534,647536400,0,0,0
SM206,20220218,20220218,112107000,11:21:10,8288,15736,52534,647536400,0,0,0
SM206,20220218,20220218,112107500,11:21:10,8288,15736,52534,647536400,0,0,0
SM206,20220218,20220218,112108000,11:21:10,8288,15736,52534,647536400,0,0,0
SM206,20220218,20220218,112111500,11:21:12,8288,15736,52534,647536400,0,0,0
SM206,20220218,20220218,112112500,11:21:13,8288,15736,52534,647536400,0,0,0
SM206,20220218,20220218,112113000,11:21:13,8286,15737,52534,647577550,1,0,41150
SM206,20220218,20220218,112113500,11:21:13,8286,15737,52534,647577550,0,0,0
SM206,20220218,20220218,112114000,11:21:14,8286,15737,52534,647577550,0,0,0
SM206,20220218,20220218,112116500,11:21:17,8286,15737,52534,647577550,0,0,0
SM206,20220218,20220218,112117000,11:21:17,8286,15737,52534,647577550,0,0,0
SM206,20220218,20220218,112120000,11:21:20,8286,15737,52534,647577550,0,0,0
SM206,20220218,20220218,112125500,11:23:32,8286,15737,52534,647577550,0,0,0
SM206,20220218,20220218,112126000,11:23:33,8286,15737,52534,647577550,0,0,0
SM206,20220218,20220218,112331500,11:23:33,8286,15737,52534,647577550,0,0,0
SM206,20220218,20220218,112333000,11:23:33,8286,15737,52534,647577550,0,0,0
SM206,20220218,20220218,112335000,11:23:35,8286,15737,52534,647577550,0,0,0
SM206,20220218,20220218,112336000,11:23:37,8280,15981,52573,657618150,244,39,10040600
SM206,20220218,20220218,112336500,11:23:38,8280,15981,52573,657618150,0,0,0
SM206,20220218,20220218,112337000,11:23:38,8280,15983,52575,657700450,2,2,82300
SM206,20220218,20220218,112337500,11:23:38,8278,15993,52585,658111950,10,10,411500
SM206,20220218,20220218,112338000,11:23:38,8278,15993,52585,658111950,0,0,0
SM206,20220218,20220218,112338500,11:23:38,8278,16003,52576,658523450,10,-9,411500
SM206,20220218,20220218,112339000,11:23:39,8278,16003,52576,658523450,0,0,0
SM206,20220218,20220218,112339500,11:23:39,8278,16003,52576,658523450,0,0,0
SM206,20220218,20220218,112340000,11:23:40,8274,16014,52586,658976100,11,10,452650
SM206,20220218,20220218,112340500,11:23:40,8274,16020,52585,659223000,6,-1,246900
SM206,20220218,20220218,112341000,11:23:41,8274,16020,52585,659223000,0,0,0
SM206,20220218,20220218,112342500,11:23:43,8276,16021,52585,659264150,1,0,41150
SM206,20220218,20220218,112343000,11:23:43,8276,16025,52589,659428750,4,4,164600
SM206,20220218,20220218,112348000,11:23:48,8276,16025,52589,659428750,0,0,0
SM206,20220218,20220218,112348500,11:23:49,8276,16025,52589,659428750,0,0,0
SM206,20220218,20220218,112349000,11:23:49,8276,16026,52590,659469900,1,1,41150
SM206,20220218,20220218,112349500,11:23:50,8276,16027,52590,659511050,1,0,41150
SM206,20220218,20220218,112350500,11:23:50,8278,16038,52589,659963700,11,-1,452650
SM206,20220218,20220218,112351000,11:23:51,8278,16038,52589,659963700,0,0,0
SM206,20220218,20220218,112351500,11:23:51,8278,16038,52589,659963700,0,0,0
SM206,20220218,20220218,112355000,11:23:55,8278,16038,52589,659963700,0,0,0
SM206,20220218,20220218,112355500,11:23:55,8278,16038,52589,659963700,0,0,0
SM206,20220218,20220218,112356000,11:23:56,8278,16038,52589,659963700,0,0,0
SM206,20220218,20220218,112356500,11:23:56,8278,16038,52589,659963700,0,0,0
SM206,20220218,20220218,112357500,11:23:57,8278,16038,52589,659963700,0,0,0
SM206,20220218,20220218,112358000,11:23:58,8278,16038,52589,659963700,0,0,0
SM206,20220218,20220218,112358500,11:23:58,8280,16039,52589,660004850,1,0,41150
SM206,20220218,20220218,112359000,11:23:59,8280,16039,52589,660004850,0,0,0
SM206,20220218,20220218,112400000,11:24:00,8280,16039,52589,660004850,0,0,0
SM206,20220218,20220218,112400500,11:24:00,8280,16039,52589,660004850,0,0,0
SM206,20220218,20220218,112401000,11:24:01,8280,16039,52589,660004850,0,0,0
SM206,20220218,20220218,112401500,11:24:01,8284,16043,52589,660169450,4,0,164600
SM206,20220218,20220218,112412000,11:24:12,8284,16045,52589,660251750,2,0,82300
SM206,20220218,20220218,112412500,11:24:13,8284,16049,52589,660416350,4,0,164600
SM206,20220218,20220218,112417500,11:24:18,8284,16049,52589,660416350,0,0,0
SM206,20220218,20220218,112418000,11:24:18,8282,16054,52594,660622100,5,5,205750
SM206,20220218,20220218,112418500,11:24:19,8278,16119,52596,663296850,65,2,2674750
SM206,20220218,20220218,112419000,11:24:19,8278,16119,52596,663296850,0,0,0
SM206,20220218,20220218,112419500,11:24:20,8278,16119,52596,663296850,0,0,0
SM206,20220218,20220218,112420000,11:24:20,8278,16119,52596,663296850,0,0,0
SM206,20220218,20220218,112420500,11:24:20,8278,16119,52596,663296850,0,0,0
SM206,20220218,20220218,112421500,11:24:22,8278,16119,52596,663296850,0,0,0
SM206,20220218,20220218,112422000,11:24:22,8280,16124,52592,663502600,5,-4,205750
SM206,20220218,20220218,112422500,11:24:23,8280,16124,52592,663502600,0,0,0
SM206,20220218,20220218,112425000,11:24:25,8280,16124,52592,663502600,0,0,0
SM206,20220218,20220218,112429500,11:24:30,8284,16162,52583,665066300,38,-9,1563700
SM206,20220218,20220218,112430000,11:24:30,8284,16255,52599,668893250,93,16,3826950
SM206,20220218,20220218,112430500,11:24:30,8284,16268,52594,669428200,13,-5,534950
SM206,20220218,20220218,112432500,11:24:33,8284,16269,52595,669469350,1,1,41150
SM206,20220218,20220218,112433000,11:24:33,8284,16269,52595,669469350,0,0,0
SM206,20220218,20220218,112439000,11:24:40,8282,16272,52598,669592800,3,3,123450
SM206,20220218,20220218,112439500,11:24:40,8282,16272,52598,669592800,0,0,0
SM206,20220218,20220218,112441000,11:24:41,8282,16272,52598,669592800,0,0,0
SM206,20220218,20220218,112441500,11:24:41,8282,16272,52598,669592800,0,0,0
SM206,20220218,20220218,112442500,11:24:42,8282,16272,52598,669592800,0,0,0
SM206,20220218,20220218,112445500,11:24:45,8282,16272,52598,669592800,0,0,0
SM206,20220218,20220218,112446000,11:24:46,8280,16281,52606,669963150,9,8,370350
SM206,20220218,20220218,112446500,11:24:46,8280,16281,52606,669963150,0,0,0
SM206,20220218,20220218,112447000,11:24:47,8280,16281,52606,669963150,0,0,0
SM206,20220218,20220218,112448000,11:24:48,8280,16281,52606,669963150,0,0,0
SM206,20220218,20220218,112449000,11:24:49,8280,16281,52606,669963150,0,0,0
SM206,20220218,20220218,112449500,11:24:49,8280,16281,52606,669963150,0,0,0
SM206,20220218,20220218,112450000,11:24:50,8280,16281,52606,669963150,0,0,0
SM206,20220218,20220218,112450500,11:24:50,8280,16281,52606,669963150,0,0,0
SM206,20220218,20220218,112452000,11:24:52,8280,16281,52606,669963150,0,0,0
SM206,20220218,20220218,112452500,11:24:52,8280,16281,52606,669963150,0,0,0
SM206,20220218,20220218,112454000,11:24:54,8280,16281,52606,669963150,0,0,0
SM206,20220218,20220218,112454500,11:24:54,8280,16281,52606,669963150,0,0,0
SM206,20220218,20220218,112455000,11:24:55,8280,16281,52606,669963150,0,0,0
SM206,20220218,20220218,112458000,11:24:58,8280,16281,52606,669963150,0,0,0
SM206,20220218,20220218,112458500,11:24:58,8280,16281,52606,669963150,0,0,0
SM206,20220218,20220218,112459000,11:24:59,8280,16281,52606,669963150,0,0,0
SM206,20220218,20220218,112501000,11:25:02,8284,16282,52605,670004300,1,-1,41150
SM206,20220218,20220218,112501500,11:25:05,8284,16282,52605,670004300,0,0,0
SM206,20220218,20220218,112502000,11:25:05,8284,16282,52605,670004300,0,0,0
SM206,20220218,20220218,112504500,11:25:06,8284,16282,52605,670004300,0,0,0
SM206,20220218,20220218,112506000,11:25:07,8284,16282,52605,670004300,0,0,0
SM206,20220218,20220218,112506500,11:25:07,8286,16291,52599,670374650,9,-6,370350
SM206,20220218,20220218,112507000,11:25:07,8286,16291,52599,670374650,0,0,0
SM206,20220218,20220218,112507500,11:25:07,8286,16291,52599,670374650,0,0,0
SM206,20220218,20220218,112508000,11:25:08,8286,16291,52599,670374650,0,0,0
SM206,20220218,20220218,112508500,11:25:09,8286,16291,52599,670374650,0,0,0
SM206,20220218,20220218,112509000,11:25:09,8286,16291,52599,670374650,0,0,0
SM206,20220218,20220218,112509500,11:25:09,8286,16291,52599,670374650,0,0,0
SM206,20220218,20220218,112510000,11:25:10,8286,16291,52599,670374650,0,0,0
SM206,20220218,20220218,112510500,11:25:10,8286,16291,52599,670374650,0,0,0
SM206,20220218,20220218,112514000,11:25:15,8286,16291,52599,670374650,0,0,0
SM206,20220218,20220218,112515000,11:25:16,8286,16291,52599,670374650,0,0,0
SM206,20220218,20220218,112515500,11:25:16,8284,16292,52599,670415800,1,0,41150
SM206,20220218,20220218,112516000,11:25:16,8286,16293,52600,670456950,1,1,41150
SM206,20220218,20220218,112516500,11:25:16,8286,16295,52600,670539250,2,0,82300
SM206,20220218,20220218,112518000,11:25:19,8286,16295,52600,670539250,0,0,0
SM206,20220218,20220218,112518500,11:25:19,8286,16295,52600,670539250,0,0,0
SM206,20220218,20220218,112519000,11:25:19,8286,16296,52600,670580400,1,0,41150
SM206,20220218,20220218,112519500,11:25:19,8286,16296,52600,670580400,0,0,0
SM206,20220218,20220218,112520500,11:25:21,8286,16296,52600,670580400,0,0,0
SM206,20220218,20220218,112521000,11:25:21,8286,16296,52600,670580400,0,0,0
SM206,20220218,20220218,112521500,11:25:22,8286,16296,52600,670580400,0,0,0
SM206,20220218,20220218,112522000,11:25:22,8288,16297,52601,670621550,1,1,41150
SM206,20220218,20220218,112522500,11:25:22,8288,16297,52601,670621550,0,0,0
SM206,20220218,20220218,112523500,11:25:24,8288,16297,52601,670621550,0,0,0
SM206,20220218,20220218,112526500,11:25:27,8288,16297,52601,670621550,0,0,0
SM206,20220218,20220218,112527000,11:25:27,8288,16297,52601,670621550,0,0,0
SM206,20220218,20220218,112528500,11:25:28,8286,16299,52603,670703850,2,2,82300
SM206,20220218,20220218,112529000,11:25:29,8286,16307,52606,671033050,8,3,329200
SM206,20220218,20220218,112529500,11:25:30,8284,16370,52610,673789200,63,4,2756150
SM206,20220218,20220218,112530000,11:25:30,8282,16375,52615,673995000,5,5,205800
SM206,20220218,20220218,112530500,11:25:31,8280,16376,52614,674036160,1,-1,41160
SM206,20220218,20220218,112531000,11:25:31,8280,16376,52614,674036160,0,0,0
SM206,20220218,20220218,112531500,11:25:32,8280,16376,52614,674036160,0,0,0
SM206,20220218,20220218,112532000,11:25:32,8280,16376,52614,674036160,0,0,0
SM206,20220218,20220218,112532500,11:25:33,8280,16376,52614,674036160,0,0,0
SM206,20220218,20220218,112533500,11:25:33,8282,16382,52614,674283120,6,0,246960
SM206,20220218,20220218,112534000,11:25:34,8282,16382,52614,674283120,0,0,0
SM206,20220218,20220218,112534500,11:25:35,8282,16382,52614,674283120,0,0,0
SM206,20220218,20220218,112535000,11:25:37,8282,16382,52614,674283120,0,0,0
SM206,20220218,20220218,112537500,11:25:38,8284,16384,52616,674365440,2,2,82320
SM206,20220218,20220218,112538000,11:25:38,8284,16385,52617,674406600,1,1,41160
SM206,20220218,20220218,112538500,11:25:39,8284,16385,52617,674406600,0,0,0
SM206,20220218,20220218,112539000,11:25:39,8286,16387,52619,674488920,2,2,82320
SM206,20220218,20220218,112539500,11:25:40,8286,16387,52619,674488920,0,0,0
SM206,20220218,20220218,112540000,11:25:40,8286,16387,52619,674488920,0,0,0
SM206,20220218,20220218,112540500,11:25:41,8286,16387,52619,674488920,0,0,0
SM206,20220218,20220218,112541000,11:25:41,8286,16387,52619,674488920,0,0,0
SM206,20220218,20220218,112542000,11:25:42,8286,16387,52619,674488920,0,0,0
SM206,20220218,20220218,112543000,11:25:43,8286,16387,52619,674488920,0,0,0
SM206,20220218,20220218,112543500,11:25:43,8286,16387,52619,674488920,0,0,0
SM206,20220218,20220218,112544000,11:25:44,8286,16387,52619,674488920,0,0,0
SM206,20220218,20220218,112550500,11:25:51,8286,16387,52619,674488920,0,0,0
SM206,20220218,20220218,112557500,11:25:57,8286,16387,52619,674488920,0,0,0
SM206,20220218,20220218,112558000,11:25:59,8286,16387,52619,674488920,0,0,0
SM206,20220218,20220218,112603500,11:26:04,8286,16394,52619,674777040,7,0,288120
SM206,20220218,20220218,112604000,11:26:05,8286,16394,52619,674777040,0,0,0
SM206,20220218,20220218,112606500,11:26:09,8286,16394,52619,674777040,0,0,0
SM206,20220218,20220218,112607500,11:26:09,8286,16394,52619,674777040,0,0,0
SM206,20220218,20220218,112608000,11:26:09,8286,16394,52619,674777040,0,0,0
SM206,20220218,20220218,112609500,11:26:10,8286,16394,52619,674777040,0,0,0
SM206,20220218,20220218,112610000,11:26:10,8286,16394,52619,674777040,0,0,0
SM206,20220218,20220218,112619000,11:26:19,8286,16394,52619,674777040,0,0,0
SM206,20220218,20220218,112623000,11:26:23,8286,16394,52619,674777040,0,0,0
SM206,20220218,20220218,112623500,11:26:23,8286,16394,52619,674777040,0,0,0
SM206,20220218,20220218,112624000,11:26:24,8286,16394,52619,674777040,0,0,0
SM206,20220218,20220218,112624500,11:26:24,8286,16394,52619,674777040,0,0,0
SM206,20220218,20220218,112625500,11:26:25,8286,16394,52619,674777040,0,0,0
SM206,20220218,20220218,112628000,11:26:28,8286,16394,52619,674777040,0,0,0
SM206,20220218,20220218,112628500,11:26:28,8286,16394,52619,674777040,0,0,0
SM206,20220218,20220218,112630000,11:26:31,8286,16394,52619,674777040,0,0,0
SM206,20220218,20220218,112630500,11:26:31,8286,16394,52619,674777040,0,0,0
SM206,20220218,20220218,112631000,11:26:31,8286,16394,52619,674777040,0,0,0
SM206,20220218,20220218,112632000,11:26:32,8286,16394,52619,674777040,0,0,0
SM206,20220218,20220218,112632500,11:26:32,8286,16394,52619,674777040,0,0,0
SM206,20220218,20220218,112634000,11:26:35,8286,16394,52619,674777040,0,0,0
SM206,20220218,20220218,112635500,11:26:38,8286,16394,52619,674777040,0,0,0
SM206,20220218,20220218,112653000,11:27:10,8286,16394,52619,674777040,0,0,0
SM206,20220218,20220218,112708000,11:27:12,8286,16394,52619,674777040,0,0,0
SM206,20220218,20220218,112712500,11:27:13,8286,16394,52619,674777040,0,0,0
SM206,20220218,20220218,112717000,11:27:17,8286,16394,52619,674777040,0,0,0
SM206,20220218,20220218,112717500,11:27:17,8286,16394,52619,674777040,0,0,0
SM206,20220218,20220218,112718000,11:27:18,8286,16394,52619,674777040,0,0,0
SM206,20220218,20220218,112718500,11:27:19,8286,16394,52619,674777040,0,0,0
SM206,20220218,20220218,112719000,11:27:19,8286,16394,52619,674777040,0,0,0
SM206,20220218,20220218,112719500,11:27:20,8286,16394,52619,674777040,0,0,0
SM206,20220218,20220218,112720000,11:27:20,8286,16394,52619,674777040,0,0,0
SM206,20220218,20220218,112721000,11:27:21,8286,16394,52619,674777040,0,0,0
SM206,20220218,20220218,112723500,11:27:27,8286,16394,52619,674777040,0,0,0
SM206,20220218,20220218,112726500,11:27:27,8286,16394,52619,674777040,0,0,0
SM206,20220218,20220218,112728500,11:27:28,8286,16394,52619,674777040,0,0,0
SM206,20220218,20220218,112731000,11:27:32,8286,16394,52619,674777040,0,0,0
SM206,20220218,20220218,112731500,11:27:35,8286,16394,52619,674777040,0,0,0
SM206,20220218,20220218,112732000,11:27:36,8286,16394,52619,674777040,0,0,0
SM206,20220218,20220218,112734500,11:27:36,8286,16394,52619,674777040,0,0,0
SM206,20220218,20220218,112736500,11:27:38,8286,16394,52619,674777040,0,0,0
SM206,20220218,20220218,112737000,11:27:38,8286,16394,52619,674777040,0,0,0
SM206,20220218,20220218,112737500,11:27:38,8286,16394,52619,674777040,0,0,0
SM206,20220218,20220218,112739000,11:27:39,8286,16394,52619,674777040,0,0,0
SM206,20220218,20220218,112741000,11:27:41,8286,16394,52619,674777040,0,0,0
SM206,20220218,20220218,112741500,11:27:42,8286,16394,52619,674777040,0,0,0
SM206,20220218,20220218,112743000,11:27:43,8286,16394,52619,674777040,0,0,0
SM206,20220218,20220218,112743500,11:27:43,8286,16394,52619,674777040,0,0,0
SM206,20220218,20220218,112744500,11:27:45,8286,16394,52619,674777040,0,0,0
SM206,20220218,20220218,112745000,11:27:46,8276,16397,52618,674900520,3,-1,123480
SM206,20220218,20220218,112745500,11:27:46,8276,16397,52618,674900520,0,0,0
SM206,20220218,20220218,112746500,11:27:47,8276,16397,52618,674900520,0,0,0
SM206,20220218,20220218,112754000,11:27:54,8276,16397,52618,674900520,0,0,0
SM206,20220218,20220218,112754500,11:27:55,8276,16397,52618,674900520,0,0,0
SM206,20220218,20220218,112755000,11:27:55,8276,16397,52618,674900520,0,0,0
SM206,20220218,20220218,112756000,11:27:56,8276,16397,52618,674900520,0,0,0
SM206,20220218,20220218,112756500,11:27:56,8276,16397,52618,674900520,0,0,0
SM206,20220218,20220218,112757000,11:27:57,8276,16397,52618,674900520,0,0,0
SM206,20220218,20220218,112758000,11:27:58,8276,16397,52618,674900520,0,0,0
SM206,20220218,20220218,112759500,11:27:59,8276,16397,52618,674900520,0,0,0
SM206,20220218,20220218,112800000,11:28:01,8284,16399,52616,674982840,2,-2,82320
SM206,20220218,20220218,112800500,11:28:01,8284,16399,52616,674982840,0,0,0
SM206,20220218,20220218,112801000,11:28:01,8284,16399,52616,674982840,0,0,0
SM206,20220218,20220218,112801500,11:28:02,8284,16399,52616,674982840,0,0,0
SM206,20220218,20220218,112802000,11:28:03,8284,16399,52616,674982840,0,0,0
SM206,20220218,20220218,112802500,11:28:03,8284,16399,52616,674982840,0,0,0
SM206,20220218,20220218,112803000,11:28:04,8284,16399,52616,674982840,0,0,0
SM206,20220218,20220218,112810000,11:28:11,8284,16399,52616,674982840,0,0,0
SM206,20220218,20220218,112810500,11:28:12,8284,16399,52616,674982840,0,0,0
SM206,20220218,20220218,112812500,11:28:13,8286,16400,52617,675024000,1,1,41160
SM206,20220218,20220218,112813000,11:28:13,8286,16400,52617,675024000,0,0,0
SM206,20220218,20220218,112814500,11:28:14,8286,16400,52617,675024000,0,0,0
SM206,20220218,20220218,112815500,11:28:15,8288,16435,52617,676464600,35,0,1440600
SM206,20220218,20220218,112816000,11:28:16,8288,16435,52617,676464600,0,0,0
SM206,20220218,20220218,112816500,11:28:16,8288,16435,52617,676464600,0,0,0
SM206,20220218,20220218,112817000,11:28:17,8288,16435,52617,676464600,0,0,0
SM206,20220218,20220218,112817500,11:28:17,8288,16435,52617,676464600,0,0,0
SM206,20220218,20220218,112822000,11:28:22,8288,16435,52617,676464600,0,0,0
SM206,20220218,20220218,112822500,11:28:22,8288,16435,52617,676464600,0,0,0
SM206,20220218,20220218,112823500,11:28:23,8288,16435,52617,676464600,0,0,0
SM206,20220218,20220218,112824000,11:28:24,8288,16435,52617,676464600,0,0,0
SM206,20220218,20220218,112824500,11:28:24,8288,16435,52617,676464600,0,0,0
SM206,20220218,20220218,112825000,11:28:25,8288,16435,52617,676464600,0,0,0
SM206,20220218,20220218,112825500,11:28:25,8286,16437,52618,676546920,2,1,82320
SM206,20220218,20220218,112826000,11:28:26,8284,16480,52651,678316800,43,33,1769880
SM206,20220218,20220218,112826500,11:28:27,8284,16480,52651,678316800,0,0,0
SM206,20220218,20220218,112827000,11:28:27,8284,16480,52651,678316800,0,0,0
SM206,20220218,20220218,112827500,11:28:27,8284,16480,52651,678316800,0,0,0
SM206,20220218,20220218,112828000,11:28:28,8284,16480,52651,678316800,0,0,0
SM206,20220218,20220218,112828500,11:28:28,8284,16480,52651,678316800,0,0,0
SM206,20220218,20220218,112829000,11:28:29,8284,16480,52651,678316800,0,0,0
SM206,20220218,20220218,112829500,11:28:29,8280,16482,52651,678399120,2,0,82320
SM206,20220218,20220218,112830000,11:28:30,8280,16482,52651,678399120,0,0,0
SM206,20220218,20220218,112831000,11:28:31,8280,16482,52651,678399120,0,0,0
SM206,20220218,20220218,112834000,11:28:34,8280,16482,52651,678399120,0,0,0
SM206,20220218,20220218,112834500,11:28:34,8280,16482,52651,678399120,0,0,0
SM206,20220218,20220218,112835500,11:28:37,8280,16482,52651,678399120,0,0,0
SM206,20220218,20220218,112836000,11:28:37,8280,16482,52651,678399120,0,0,0
SM206,20220218,20220218,112837000,11:28:37,8280,16482,52651,678399120,0,0,0
SM206,20220218,20220218,112837500,11:28:38,8280,16482,52651,678399120,0,0,0
SM206,20220218,20220218,112838500,11:28:38,8280,16482,52651,678399120,0,0,0
SM206,20220218,20220218,112839000,11:28:40,8280,16482,52651,678399120,0,0,0
SM206,20220218,20220218,112840000,11:28:40,8280,16482,52651,678399120,0,0,0
SM206,20220218,20220218,112840500,11:28:40,8280,16482,52651,678399120,0,0,0
SM206,20220218,20220218,112841500,11:28:42,8280,16482,52651,678399120,0,0,0
SM206,20220218,20220218,112842000,11:28:42,8280,16482,52651,678399120,0,0,0
SM206,20220218,20220218,112842500,11:28:42,8280,16482,52651,678399120,0,0,0
SM206,20220218,20220218,112843000,11:28:43,8280,16482,52651,678399120,0,0,0
SM206,20220218,20220218,112843500,11:28:44,8280,16482,52651,678399120,0,0,0
SM206,20220218,20220218,112844500,11:28:45,8280,16482,52651,678399120,0,0,0
SM206,20220218,20220218,112845000,11:28:45,8280,16482,52651,678399120,0,0,0
SM206,20220218,20220218,112847000,11:28:47,8280,16482,52651,678399120,0,0,0
SM206,20220218,20220218,112848000,11:28:48,8280,16482,52651,678399120,0,0,0
SM206,20220218,20220218,112848500,11:28:48,8280,16482,52651,678399120,0,0,0
SM206,20220218,20220218,112849000,11:28:49,8280,16482,52651,678399120,0,0,0
SM206,20220218,20220218,112852500,11:28:54,8280,16482,52651,678399120,0,0,0
SM206,20220218,20220218,112853000,11:28:54,8280,16482,52651,678399120,0,0,0
SM206,20220218,20220218,112853500,11:28:54,8280,16482,52651,678399120,0,0,0
SM206,20220218,20220218,112854000,11:28:54,8280,16482,52651,678399120,0,0,0
SM206,20220218,20220218,112854500,11:28:54,8280,16482,52651,678399120,0,0,0
SM206,20220218,20220218,112855500,11:28:56,8280,16482,52651,678399120,0,0,0
SM206,20220218,20220218,112856000,11:28:56,8280,16482,52651,678399120,0,0,0
SM206,20220218,20220218,112857000,11:28:57,8280,16482,52651,678399120,0,0,0
SM206,20220218,20220218,112858500,11:28:59,8280,16482,52651,678399120,0,0,0
SM206,20220218,20220218,112859000,11:28:59,8280,16482,52651,678399120,0,0,0
SM206,20220218,20220218,112859500,11:29:00,8278,16493,52661,678851880,11,10,452760
SM206,20220218,20220218,112900000,11:29:00,8278,16493,52661,678851880,0,0,0
SM206,20220218,20220218,112900500,11:29:01,8278,16493,52661,678851880,0,0,0
SM206,20220218,20220218,112901000,11:29:01,8284,16495,52660,678934200,2,-1,82320
SM206,20220218,20220218,112902000,11:29:02,8284,16495,52660,678934200,0,0,0
SM206,20220218,20220218,112902500,11:29:03,8284,16495,52660,678934200,0,0,0
SM206,20220218,20220218,112903000,11:29:03,8284,16495,52660,678934200,0,0,0
SM206,20220218,20220218,112904500,11:29:04,8284,16495,52660,678934200,0,0,0
SM206,20220218,20220218,112910000,11:29:10,8284,16495,52660,678934200,0,0,0
SM206,20220218,20220218,112910500,11:29:10,8284,16495,52660,678934200,0,0,0
SM206,20220218,20220218,112911000,11:29:11,8284,16495,52660,678934200,0,0,0
SM206,20220218,20220218,112911500,11:29:12,8284,16495,52660,678934200,0,0,0
SM206,20220218,20220218,112912000,11:29:12,8280,16498,52660,679057680,3,0,123480
SM206,20220218,20220218,112912500,11:29:12,8276,16500,52660,679140000,2,0,82320
SM206,20220218,20220218,112913500,11:29:14,8276,16500,52660,679140000,0,0,0
SM206,20220218,20220218,112914000,11:29:14,8276,16500,52660,679140000,0,0,0
SM206,20220218,20220218,112920500,11:29:21,8276,16500,52660,679140000,0,0,0
SM206,20220218,20220218,112921000,11:29:22,8276,16500,52660,679140000,0,0,0
SM206,20220218,20220218,112923000,11:29:24,8278,16501,52661,679181160,1,1,41160
SM206,20220218,20220218,112923500,11:29:24,8278,16501,52661,679181160,0,0,0
SM206,20220218,20220218,112926000,11:29:26,8272,16502,52660,679222320,1,-1,41160
SM206,20220218,20220218,112926500,11:29:26,8272,16502,52660,679222320,0,0,0
SM206,20220218,20220218,112927000,11:29:27,8272,16502,52660,679222320,0,0,0
SM206,20220218,20220218,112928000,11:29:28,8272,16502,52660,679222320,0,0,0
SM206,20220218,20220218,112928500,11:29:29,8272,16502,52660,679222320,0,0,0
SM206,20220218,20220218,112929000,11:29:29,8272,16512,52661,679633920,10,1,411600
SM206,20220218,20220218,112929500,11:29:30,8272,16512,52661,679633920,0,0,0
SM206,20220218,20220218,112930000,11:29:30,8274,16514,52662,679716240,2,1,82320
SM206,20220218,20220218,112930500,11:29:31,8274,16514,52662,679716240,0,0,0
SM206,20220218,20220218,112931000,11:29:32,8274,16514,52662,679716240,0,0,0
SM206,20220218,20220218,112931500,11:29:32,8274,16514,52662,679716240,0,0,0
SM206,20220218,20220218,112932000,11:29:36,8274,16514,52662,679716240,0,0,0
SM206,20220218,20220218,112932500,11:29:36,8274,16514,52662,679716240,0,0,0
SM206,20220218,20220218,112933000,11:29:37,8274,16514,52662,679716240,0,0,0
SM206,20220218,20220218,112933500,11:29:38,8274,16514,52662,679716240,0,0,0
SM206,20220218,20220218,112936500,11:29:38,8274,16514,52662,679716240,0,0,0
SM206,20220218,20220218,112937500,11:29:38,8274,16514,52662,679716240,0,0,0
SM206,20220218,20220218,112938500,11:29:39,8274,16514,52662,679716240,0,0,0
SM206,20220218,20220218,112939000,11:29:39,8274,16514,52662,679716240,0,0,0
SM206,20220218,20220218,112939500,11:29:40,8274,16514,52662,679716240,0,0,0
SM206,20220218,20220218,112940500,11:29:40,8274,16521,52662,680004360,7,0,288120
SM206,20220218,20220218,112941000,11:29:41,8274,16521,52662,680004360,0,0,0
SM206,20220218,20220218,112942000,11:29:43,8272,16522,52663,680045520,1,1,41160
SM206,20220218,20220218,112942500,11:29:44,8272,16522,52663,680045520,0,0,0
SM206,20220218,20220218,112943000,11:29:45,8272,16523,52664,680086680,1,1,41160
SM206,20220218,20220218,112944000,11:29:45,8272,16523,52664,680086680,0,0,0
SM206,20220218,20220218,112944500,11:29:45,8270,16529,52667,680333640,6,3,246960
SM206,20220218,20220218,112945000,11:29:46,8274,16530,52668,680374800,1,1,41160
SM206,20220218,20220218,112945500,11:29:46,8270,16532,52668,680457120,2,0,82320
SM206,20220218,20220218,112946000,11:29:46,8270,16532,52668,680457120,0,0,0
SM206,20220218,20220218,112946500,11:29:47,8270,16532,52668,680457120,0,0,0
SM206,20220218,20220218,112947000,11:29:47,8270,16532,52668,680457120,0,0,0
SM206,20220218,20220218,112947500,11:29:48,8270,16532,52668,680457120,0,0,0
SM206,20220218,20220218,112948000,11:29:49,8270,16532,52668,680457120,0,0,0
SM206,20220218,20220218,112948500,11:29:49,8270,16532,52668,680457120,0,0,0
SM206,20220218,20220218,112949000,11:29:50,8270,16532,52668,680457120,0,0,0
SM206,20220218,20220218,112949500,11:29:50,8270,16532,52668,680457120,0,0,0
SM206,20220218,20220218,112950000,11:29:51,8270,16532,52668,680457120,0,0,0
SM206,20220218,20220218,112950500,11:29:51,8270,16532,52668,680457120,0,0,0
SM206,20220218,20220218,112952000,11:29:52,8272,16533,52668,680498280,1,0,41160
SM206,20220218,20220218,112952500,11:29:53,8272,16533,52668,680498280,0,0,0
SM206,20220218,20220218,112959500,11:30:02,8272,16533,52668,680498280,0,0,0
SM206,20220218,20220218,113000000,11:30:03,8272,16533,52668,680498280,0,0,0
SM206,20220218,20220218,113000500,11:30:03,8272,16533,52668,680498280,0,0,0
SM206,20220218,20220218,133001000,13:30:01,8272,16537,52671,680662920,4,3,164640
SM206,20220218,20220218,133001500,13:30:02,8272,16537,52671,680662920,0,0,0
SM206,20220218,20220218,133002000,13:30:08,8282,16549,52671,681156840,12,0,493920
SM206,20220218,20220218,133002500,13:30:10,8282,16552,52672,681280320,3,1,123480
SM206,20220218,20220218,133008000,13:30:10,8282,16552,52672,681280320,0,0,0
SM206,20220218,20220218,133009500,13:30:10,8284,16579,52650,682391640,27,-22,1111320
SM206,20220218,20220218,133011000,13:30:13,8284,16579,52650,682391640,0,0,0
SM206,20220218,20220218,133012000,13:30:13,8284,16579,52650,682391640,0,0,0
SM206,20220218,20220218,133014000,13:30:16,8284,16579,52650,682391640,0,0,0
SM206,20220218,20220218,133015000,13:30:17,8284,16579,52650,682391640,0,0,0
SM206,20220218,20220218,133023000,13:30:40,8284,16579,52650,682391640,0,0,0
SM206,20220218,20220218,133038000,13:30:40,8284,16579,52650,682391640,0,0,0
SM206,20220218,20220218,133039500,13:30:42,8284,16579,52650,682391640,0,0,0
SM206,20220218,20220218,133042500,13:30:44,8284,16587,52648,682720920,8,-2,329280
SM206,20220218,20220218,133043000,13:30:44,8284,16587,52648,682720920,0,0,0
SM206,20220218,20220218,133043500,13:30:45,8286,16588,52647,682762080,1,-1,41160
SM206,20220218,20220218,133044500,13:30:46,8284,16593,52642,682967880,5,-5,205800
SM206,20220218,20220218,133045000,13:30:46,8284,16593,52642,682967880,0,0,0
SM206,20220218,20220218,133046000,13:30:47,8284,16593,52642,682967880,0,0,0
SM206,20220218,20220218,133046500,13:30:47,8284,16593,52642,682967880,0,0,0
SM206,20220218,20220218,133047000,13:30:48,8284,16593,52642,682967880,0,0,0
SM206,20220218,20220218,133047500,13:30:48,8284,16593,52642,682967880,0,0,0
SM206,20220218,20220218,133048000,13:30:49,8284,16593,52642,682967880,0,0,0
SM206,20220218,20220218,133048500,13:30:49,8284,16593,52642,682967880,0,0,0
SM206,20220218,20220218,133049000,13:30:50,8284,16593,52642,682967880,0,0,0
SM206,20220218,20220218,133049500,13:30:50,8284,16593,52642,682967880,0,0,0
SM206,20220218,20220218,133050000,13:30:51,8284,16593,52642,682967880,0,0,0
SM206,20220218,20220218,133050500,13:30:51,8282,16594,52642,683009040,1,0,41160
SM206,20220218,20220218,133054000,13:30:55,8282,16594,52642,683009040,0,0,0
SM206,20220218,20220218,133054500,13:30:55,8284,16595,52642,683050200,1,0,41160
SM206,20220218,20220218,133055000,13:30:56,8284,16595,52642,683050200,0,0,0
SM206,20220218,20220218,133057000,13:30:58,8282,16597,52642,683132520,2,0,82320
SM206,20220218,20220218,133057500,13:30:58,8282,16597,52642,683132520,0,0,0
SM206,20220218,20220218,133059500,13:30:59,8286,16598,52641,683173680,1,-1,41160
SM206,20220218,20220218,133100000,13:31:00,8288,16602,52639,683338320,4,-2,164640
SM206,20220218,20220218,133100500,13:31:01,8288,16603,52640,683379480,1,1,41160
SM206,20220218,20220218,133101000,13:31:01,8288,16603,52640,683379480,0,0,0
SM206,20220218,20220218,133101500,13:31:01,8288,16603,52640,683379480,0,0,0
SM206,20220218,20220218,133102000,13:31:02,8288,16603,52640,683379480,0,0,0
SM206,20220218,20220218,133102500,13:31:02,8288,16603,52640,683379480,0,0,0
SM206,20220218,20220218,133103000,13:31:03,8288,16603,52640,683379480,0,0,0
SM206,20220218,20220218,133103500,13:31:05,8288,16603,52640,683379480,0,0,0
SM206,20220218,20220218,133104000,13:31:06,8288,16603,52640,683379480,0,0,0
SM206,20220218,20220218,133104500,13:31:06,8288,16605,52642,683461800,2,2,82320
SM206,20220218,20220218,133106000,13:31:08,8288,16605,52642,683461800,0,0,0
SM206,20220218,20220218,133108500,13:31:09,8288,16605,52642,683461800,0,0,0
SM206,20220218,20220218,133109000,13:31:09,8288,16605,52642,683461800,0,0,0
SM206,20220218,20220218,133109500,13:31:10,8288,16605,52642,683461800,0,0,0
SM206,20220218,20220218,133110000,13:31:11,8288,16605,52642,683461800,0,0,0
SM206,20220218,20220218,133111000,13:31:11,8286,16606,52642,683502960,1,0,41160
SM206,20220218,20220218,133111500,13:31:12,8284,16612,52642,683749920,6,0,246960
SM206,20220218,20220218,133112000,13:31:13,8280,16617,52643,683955720,5,1,205800
SM206,20220218,20220218,133112500,13:31:13,8280,16617,52643,683955720,0,0,0
SM206,20220218,20220218,133116000,13:31:16,8280,16617,52643,683955720,0,0,0
SM206,20220218,20220218,133117000,13:31:18,8280,16617,52643,683955720,0,0,0
SM206,20220218,20220218,133117500,13:31:18,8280,16617,52643,683955720,0,0,0
SM206,20220218,20220218,133118000,13:31:19,8280,16617,52643,683955720,0,0,0
SM206,20220218,20220218,133118500,13:31:19,8280,16617,52643,683955720,0,0,0
SM206,20220218,20220218,133119000,13:31:19,8280,16617,52643,683955720,0,0,0
SM206,20220218,20220218,133120000,13:31:20,8280,16617,52643,683955720,0,0,0
SM206,20220218,20220218,133120500,13:31:21,8280,16617,52643,683955720,0,0,0
SM206,20220218,20220218,133121000,13:31:21,8280,16617,52643,683955720,0,0,0
SM206,20220218,20220218,133122000,13:31:23,8280,16617,52643,683955720,0,0,0
SM206,20220218,20220218,133122500,13:31:25,8280,16617,52643,683955720,0,0,0
SM206,20220218,20220218,133123000,13:31:25,8280,16617,52643,683955720,0,0,0
SM206,20220218,20220218,133123500,13:31:25,8280,16617,52643,683955720,0,0,0
SM206,20220218,20220218,133124500,13:31:25,8280,16617,52643,683955720,0,0,0
SM206,20220218,20220218,133158500,13:31:58,8280,16617,52643,683955720,0,0,0
SM206,20220218,20220218,133159500,13:32:00,8276,16618,52643,683996880,1,0,41160
SM206,20220218,20220218,133200000,13:32:01,8272,16630,52649,684490800,12,6,493920
SM206,20220218,20220218,133200500,13:32:01,8276,16632,52650,684573120,2,1,82320
SM206,20220218,20220218,133201000,13:32:01,8276,16632,52650,684573120,0,0,0
SM206,20220218,20220218,133201500,13:32:01,8276,16632,52650,684573120,0,0,0
SM206,20220218,20220218,133202000,13:32:03,8276,16632,52650,684573120,0,0,0
SM206,20220218,20220218,133202500,13:32:04,8276,16632,52650,684573120,0,0,0
SM206,20220218,20220218,133203000,13:32:05,8276,16632,52650,684573120,0,0,0
SM206,20220218,20220218,133203500,13:32:05,8276,16632,52650,684573120,0,0,0
SM206,20220218,20220218,133204000,13:32:05,8276,16632,52650,684573120,0,0,0
SM206,20220218,20220218,133204500,13:32:05,8276,16632,52650,684573120,0,0,0
SM206,20220218,20220218,133206500,13:32:07,8276,16632,52650,684573120,0,0,0
SM206,20220218,20220218,133207000,13:32:07,8276,16632,52650,684573120,0,0,0
SM206,20220218,20220218,133208000,13:32:09,8276,16632,52650,684573120,0,0,0
SM206,20220218,20220218,133210000,13:32:11,8270,16653,52663,685437480,21,13,864360
SM206,20220218,20220218,133210500,13:32:14,8268,16654,52663,685478640,1,0,41160
SM206,20220218,20220218,133211000,13:32:14,8268,16654,52663,685478640,0,0,0
SM206,20220218,20220218,133211500,13:32:15,8268,16656,52662,685560960,2,-1,82320
SM206,20220218,20220218,133214000,13:32:15,8270,16658,52661,685643280,2,-1,82320
SM206,20220218,20220218,133215000,13:32:16,8270,16658,52661,685643280,0,0,0
SM206,20220218,20220218,133215500,13:32:16,8270,16658,52661,685643280,0,0,0
SM206,20220218,20220218,133216500,13:32:17,8270,16658,52661,685643280,0,0,0
SM206,20220218,20220218,133219500,13:32:20,8270,16658,52661,685643280,0,0,0
SM206,20220218,20220218,133220000,13:32:20,8270,16658,52661,685643280,0,0,0
SM206,20220218,20220218,133221500,13:32:22,8272,16659,52661,685684440,1,0,41160
SM206,20220218,20220218,133222000,13:32:22,8272,16659,52661,685684440,0,0,0
SM206,20220218,20220218,133226500,13:32:27,8272,16659,52661,685684440,0,0,0
SM206,20220218,20220218,133227000,13:32:27,8272,16659,52661,685684440,0,0,0
SM206,20220218,20220218,133228500,13:32:32,8272,16659,52661,685684440,0,0,0
SM206,20220218,20220218,133229000,13:32:33,8272,16659,52661,685684440,0,0,0
SM206,20220218,20220218,133232000,13:32:34,8274,16668,52660,686054880,9,-1,370440
SM206,20220218,20220218,133232500,13:32:35,8274,16668,52660,686054880,0,0,0
SM206,20220218,20220218,133234500,13:32:35,8274,16668,52660,686054880,0,0,0
SM206,20220218,20220218,133235000,13:32:36,8274,16668,52660,686054880,0,0,0
SM206,20220218,20220218,133235500,13:32:36,8274,16668,52660,686054880,0,0,0
SM206,20220218,20220218,133236000,13:32:37,8274,16668,52660,686054880,0,0,0
SM206,20220218,20220218,133236500,13:32:37,8274,16669,52661,686096040,1,1,41160
SM206,20220218,20220218,133237000,13:32:37,8274,16669,52661,686096040,0,0,0
SM206,20220218,20220218,133237500,13:32:38,8274,16669,52661,686096040,0,0,0
SM206,20220218,20220218,133239000,13:32:39,8274,16669,52661,686096040,0,0,0
SM206,20220218,20220218,133239500,13:32:40,8274,16669,52661,686096040,0,0,0
SM206,20220218,20220218,133240000,13:32:40,8274,16669,52661,686096040,0,0,0
SM206,20220218,20220218,133240500,13:32:41,8274,16669,52661,686096040,0,0,0
SM206,20220218,20220218,133241000,13:32:41,8274,16669,52661,686096040,0,0,0
SM206,20220218,20220218,133242000,13:32:42,8274,16669,52661,686096040,0,0,0
SM206,20220218,20220218,133242500,13:32:42,8274,16669,52661,686096040,0,0,0
SM206,20220218,20220218,133243000,13:32:43,8272,16670,52660,686137200,1,-1,41160
SM206,20220218,20220218,133243500,13:32:43,8272,16670,52660,686137200,0,0,0
SM206,20220218,20220218,133244000,13:32:44,8272,16670,52660,686137200,0,0,0
SM206,20220218,20220218,133244500,13:32:45,8272,16670,52660,686137200,0,0,0
SM206,20220218,20220218,133245000,13:32:45,8272,16670,52660,686137200,0,0,0
SM206,20220218,20220218,133245500,13:32:45,8272,16670,52660,686137200,0,0,0
SM206,20220218,20220218,133246000,13:32:47,8272,16670,52660,686137200,0,0,0
SM206,20220218,20220218,133246500,13:32:47,8272,16670,52660,686137200,0,0,0
SM206,20220218,20220218,133247000,13:32:47,8270,16672,52660,686219520,2,0,82320
SM206,20220218,20220218,133247500,13:32:48,8270,16672,52660,686219520,0,0,0
SM206,20220218,20220218,133248000,13:32:48,8270,16672,52660,686219520,0,0,0
SM206,20220218,20220218,133248500,13:32:49,8268,16673,52660,686260680,1,0,41160
SM206,20220218,20220218,133249000,13:32:49,8266,16676,52661,686384160,3,1,123480
SM206,20220218,20220218,133249500,13:32:50,8266,16676,52661,686384160,0,0,0
SM206,20220218,20220218,133250000,13:32:52,8266,16676,52661,686384160,0,0,0
SM206,20220218,20220218,133250500,13:32:52,8266,16676,52661,686384160,0,0,0
SM206,20220218,20220218,133251000,13:32:52,8266,16676,52661,686384160,0,0,0
SM206,20220218,20220218,133251500,13:32:53,8266,16676,52661,686384160,0,0,0
SM206,20220218,20220218,133253000,13:32:53,8266,16676,52661,686384160,0,0,0
SM206,20220218,20220218,133253500,13:32:54,8266,16676,52661,686384160,0,0,0
SM206,20220218,20220218,133254000,13:32:54,8266,16676,52661,686384160,0,0,0
SM206,20220218,20220218,133254500,13:32:55,8266,16676,52661,686384160,0,0,0
SM206,20220218,20220218,133255000,13:32:55,8266,16676,52661,686384160,0,0,0
SM206,20220218,20220218,133255500,13:32:56,8266,16676,52661,686384160,0,0,0
SM206,20220218,20220218,133256000,13:32:56,8266,16676,52661,686384160,0,0,0
SM206,20220218,20220218,133256500,13:32:58,8266,16676,52661,686384160,0,0,0
SM206,20220218,20220218,133257500,13:33:00,8266,16678,52659,686466480,2,-2,82320
SM206,20220218,20220218,133300500,13:33:02,8266,16678,52659,686466480,0,0,0
SM206,20220218,20220218,133301000,13:33:02,8266,16678,52659,686466480,0,0,0
SM206,20220218,20220218,133301500,13:33:02,8266,16678,52659,686466480,0,0,0
SM206,20220218,20220218,133302000,13:33:03,8266,16678,52659,686466480,0,0,0
SM206,20220218,20220218,133303500,13:33:04,8266,16678,52659,686466480,0,0,0
SM206,20220218,20220218,133304000,13:33:04,8266,16678,52659,686466480,0,0,0
SM206,20220218,20220218,133305500,13:33:05,8266,16678,52659,686466480,0,0,0
SM206,20220218,20220218,133306000,13:33:06,8266,16678,52659,686466480,0,0,0
SM206,20220218,20220218,133306500,13:33:06,8266,16678,52659,686466480,0,0,0
SM206,20220218,20220218,133307000,13:33:07,8266,16678,52659,686466480,0,0,0
SM206,20220218,20220218,133308500,13:33:09,8266,16678,52659,686466480,0,0,0
SM206,20220218,20220218,133309000,13:33:09,8276,16679,52660,686507640,1,1,41160
SM206,20220218,20220218,133309500,13:33:11,8276,16679,52660,686507640,0,0,0
SM206,20220218,20220218,133310000,13:33:11,8274,16685,52660,686754600,6,0,246960
SM206,20220218,20220218,133310500,13:33:13,8274,16685,52660,686754600,0,0,0
SM206,20220218,20220218,133312500,13:33:14,8274,16685,52660,686754600,0,0,0
SM206,20220218,20220218,133315000,13:33:18,8274,16685,52660,686754600,0,0,0
SM206,20220218,20220218,133315500,13:33:18,8274,16685,52660,686754600,0,0,0
SM206,20220218,20220218,133317000,13:33:18,8274,16685,52660,686754600,0,0,0
SM206,20220218,20220218,133319500,13:33:21,8274,16685,52660,686754600,0,0,0
SM206,20220218,20220218,133325000,13:33:26,8274,16685,52660,686754600,0,0,0
SM206,20220218,20220218,133328500,13:33:30,8274,16685,52660,686754600,0,0,0
SM206,20220218,20220218,133329500,13:33:30,8274,16685,52660,686754600,0,0,0
SM206,20220218,20220218,133331000,13:33:32,8274,16685,52660,686754600,0,0,0
SM206,20220218,20220218,133334000,13:33:34,8274,16685,52660,686754600,0,0,0
SM206,20220218,20220218,133334500,13:33:35,8274,16685,52660,686754600,0,0,0
SM206,20220218,20220218,133335000,13:33:35,8274,16685,52660,686754600,0,0,0
SM206,20220218,20220218,133338500,13:33:39,8274,16685,52660,686754600,0,0,0
SM206,20220218,20220218,133339000,13:33:39,8270,16686,52660,686795760,1,0,41160
SM206,20220218,20220218,133339500,13:33:40,8270,16686,52660,686795760,0,0,0
SM206,20220218,20220218,133341500,13:33:42,8274,16708,52640,687701280,22,-20,905520
SM206,20220218,20220218,133342000,13:33:42,8276,16712,52638,687865920,4,-2,164640
SM206,20220218,20220218,133342500,13:33:42,8276,16713,52638,687907080,1,0,41160
SM206,20220218,20220218,133344000,13:33:45,8274,16729,52644,688565640,16,6,658560
SM206,20220218,20220218,133344500,13:33:45,8274,16729,52644,688565640,0,0,0
SM206,20220218,20220218,133345000,13:33:45,8274,16729,52644,688565640,0,0,0
SM206,20220218,20220218,133353500,13:33:53,8274,16729,52644,688565640,0,0,0
SM206,20220218,20220218,133358500,13:33:59,8274,16729,52644,688565640,0,0,0
SM206,20220218,20220218,133359500,13:34:00,8270,16738,52653,688936080,9,9,370440
SM206,20220218,20220218,133400000,13:34:00,8270,16740,52652,689018400,2,-1,82320
SM206,20220218,20220218,133400500,13:34:01,8270,16740,52652,689018400,0,0,0
SM206,20220218,20220218,133402000,13:34:10,8272,16742,52652,689100720,2,0,82320
SM206,20220218,20220218,133402500,13:34:10,8272,16742,52652,689100720,0,0,0
SM206,20220218,20220218,133403000,13:34:10,8272,16742,52652,689100720,0,0,0
SM206,20220218,20220218,133410000,13:34:11,8276,16744,52653,689183040,2,1,82320
SM206,20220218,20220218,133410500,13:34:12,8276,16744,52653,689183040,0,0,0
SM206,20220218,20220218,133411000,13:34:12,8276,16744,52653,689183040,0,0,0
SM206,20220218,20220218,133412000,13:34:12,8276,16744,52653,689183040,0,0,0
SM206,20220218,20220218,133412500,13:34:13,8276,16744,52653,689183040,0,0,0
SM206,20220218,20220218,133413000,13:34:13,8276,16744,52653,689183040,0,0,0
SM206,20220218,20220218,133413500,13:34:14,8278,16745,52652,689224200,1,-1,41160
SM206,20220218,20220218,133416500,13:34:17,8278,16745,52652,689224200,0,0,0
SM206,20220218,20220218,133418000,13:34:18,8278,16745,52652,689224200,0,0,0
SM206,20220218,20220218,133418500,13:34:19,8280,16746,52651,689265360,1,-1,41160
SM206,20220218,20220218,133420000,13:34:20,8280,16746,52651,689265360,0,0,0
SM206,20220218,20220218,133423500,13:34:24,8280,16747,52651,689306520,1,0,41160
SM206,20220218,20220218,133424500,13:34:24,8280,16747,52651,689306520,0,0,0
SM206,20220218,20220218,133425000,13:34:25,8280,16747,52651,689306520,0,0,0
SM206,20220218,20220218,133430000,13:34:30,8280,16747,52651,689306520,0,0,0
SM206,20220218,20220218,133431000,13:34:31,8280,16747,52651,689306520,0,0,0
SM206,20220218,20220218,133432000,13:34:32,8280,16747,52651,689306520,0,0,0
SM206,20220218,20220218,133433500,13:34:34,8280,16747,52651,689306520,0,0,0
SM206,20220218,20220218,133434000,13:34:34,8276,16748,52651,689347680,1,0,41160
SM206,20220218,20220218,133434500,13:34:35,8276,16748,52651,689347680,0,0,0
SM206,20220218,20220218,133435000,13:34:35,8276,16748,52651,689347680,0,0,0
SM206,20220218,20220218,133441000,13:34:41,8276,16748,52651,689347680,0,0,0
SM206,20220218,20220218,133441500,13:34:43,8276,16748,52651,689347680,0,0,0
SM206,20220218,20220218,133443000,13:34:45,8276,16748,52651,689347680,0,0,0
SM206,20220218,20220218,133449000,13:34:49,8276,16748,52651,689347680,0,0,0
SM206,20220218,20220218,133449500,13:34:49,8276,16748,52651,689347680,0,0,0
SM206,20220218,20220218,133450500,13:34:51,8276,16748,52651,689347680,0,0,0
SM206,20220218,20220218,133451000,13:34:51,8276,16748,52651,689347680,0,0,0
SM206,20220218,20220218,133451500,13:34:52,8276,16748,52651,689347680,0,0,0
SM206,20220218,20220218,133453000,13:34:53,8276,16748,52651,689347680,0,0,0
SM206,20220218,20220218,133454000,13:34:56,8276,16748,52651,689347680,0,0,0
SM206,20220218,20220218,133458000,13:34:58,8276,16748,52651,689347680,0,0,0
SM206,20220218,20220218,133501500,13:35:06,8276,16748,52651,689347680,0,0,0
SM206,20220218,20220218,133502000,13:35:10,8272,16749,52652,689388840,1,1,41160
SM206,20220218,20220218,133504000,13:35:10,8272,16749,52652,689388840,0,0,0
SM206,20220218,20220218,133507000,13:35:10,8272,16749,52652,689388840,0,0,0
SM206,20220218,20220218,133511500,13:35:12,8272,16749,52652,689388840,0,0,0
SM206,20220218,20220218,133512500,13:35:13,8272,16749,52652,689388840,0,0,0
SM206,20220218,20220218,133515500,13:35:16,8272,16749,52652,689388840,0,0,0
SM206,20220218,20220218,133516000,13:35:16,8274,16750,52652,689430000,1,0,41160
SM206,20220218,20220218,133516500,13:35:17,8280,16820,52645,692311200,70,-7,2881200
SM206,20220218,20220218,133517000,13:35:17,8278,16821,52645,692352360,1,0,41160
SM206,20220218,20220218,133517500,13:35:18,8278,16821,52645,692352360,0,0,0
SM206,20220218,20220218,133518500,13:35:19,8278,16821,52645,692352360,0,0,0
SM206,20220218,20220218,133520000,13:35:20,8278,16821,52645,692352360,0,0,0
SM206,20220218,20220218,133521500,13:35:22,8278,16844,52655,693299040,23,10,946680
SM206,20220218,20220218,133522000,13:35:22,8278,16844,52655,693299040,0,0,0
SM206,20220218,20220218,133522500,13:35:23,8276,16865,52672,694163400,21,17,864360
SM206,20220218,20220218,133523000,13:35:23,8276,16865,52672,694163400,0,0,0
SM206,20220218,20220218,133524000,13:35:25,8276,16875,52662,694575000,10,-10,411600
SM206,20220218,20220218,133524500,13:35:25,8278,16876,52662,694616160,1,0,41160
SM206,20220218,20220218,133525000,13:35:25,8278,16877,52663,694657320,1,1,41160
SM206,20220218,20220218,133525500,13:35:26,8278,16877,52663,694657320,0,0,0
SM206,20220218,20220218,133526000,13:35:26,8278,16877,52663,694657320,0,0,0
SM206,20220218,20220218,133540000,13:35:43,8278,16877,52663,694657320,0,0,0
SM206,20220218,20220218,133546000,13:35:46,8278,16877,52663,694657320,0,0,0
SM206,20220218,20220218,133546500,13:35:46,8276,16879,52662,694739640,2,-1,82320
SM206,20220218,20220218,133547000,13:35:47,8274,16882,52665,694863120,3,3,123480
SM206,20220218,20220218,133547500,13:35:48,8274,16885,52665,694986600,3,0,123480
SM206,20220218,20220218,133548000,13:35:48,8274,16885,52665,694986600,0,0,0
SM206,20220218,20220218,133548500,13:35:49,8274,16885,52665,694986600,0,0,0
SM206,20220218,20220218,133549000,13:35:49,8274,16885,52665,694986600,0,0,0
SM206,20220218,20220218,133549500,13:35:49,8274,16885,52665,694986600,0,0,0
SM206,20220218,20220218,133550000,13:35:50,8274,16885,52665,694986600,0,0,0
SM206,20220218,20220218,133550500,13:35:51,8274,16885,52665,694986600,0,0,0
SM206,20220218,20220218,133551500,13:35:52,8278,16886,52664,695027760,1,-1,41160
SM206,20220218,20220218,133552000,13:35:52,8278,16886,52664,695027760,0,0,0
SM206,20220218,20220218,133552500,13:35:53,8278,16886,52664,695027760,0,0,0
SM206,20220218,20220218,133553000,13:35:53,8278,16886,52664,695027760,0,0,0
SM206,20220218,20220218,133553500,13:35:55,8278,16886,52664,695027760,0,0,0
SM206,20220218,20220218,133554500,13:35:56,8278,16886,52664,695027760,0,0,0
SM206,20220218,20220218,133555500,13:35:56,8276,16887,52663,695068920,1,-1,41160
SM206,20220218,20220218,133556000,13:35:56,8276,16887,52663,695068920,0,0,0
SM206,20220218,20220218,133556500,13:35:57,8276,16887,52663,695068920,0,0,0
SM206,20220218,20220218,133557000,13:35:59,8276,16887,52663,695068920,0,0,0
SM206,20220218,20220218,133557500,13:36:01,8276,16887,52663,695068920,0,0,0
SM206,20220218,20220218,133602500,13:36:03,8276,16887,52663,695068920,0,0,0
SM206,20220218,20220218,133604500,13:36:06,8276,16887,52663,695068920,0,0,0
SM206,20220218,20220218,133605500,13:36:07,8276,16887,52663,695068920,0,0,0
SM206,20220218,20220218,133610500,13:36:11,8276,16887,52663,695068920,0,0,0
SM206,20220218,20220218,133614500,13:36:14,8276,16887,52663,695068920,0,0,0
SM206,20220218,20220218,133617500,13:36:19,8276,16887,52663,695068920,0,0,0
SM206,20220218,20220218,133619000,13:36:19,8276,16887,52663,695068920,0,0,0
SM206,20220218,20220218,133622000,13:36:22,8276,16887,52663,695068920,0,0,0
SM206,20220218,20220218,133624500,13:36:24,8276,16887,52663,695068920,0,0,0
SM206,20220218,20220218,133625000,13:36:25,8276,16887,52663,695068920,0,0,0
SM206,20220218,20220218,133628000,13:36:28,8276,16887,52663,695068920,0,0,0
SM206,20220218,20220218,133630000,13:36:30,8276,16887,52663,695068920,0,0,0
SM206,20220218,20220218,133643500,13:36:44,8276,16887,52663,695068920,0,0,0
SM206,20220218,20220218,133647000,13:36:47,8276,16887,52663,695068920,0,0,0
SM206,20220218,20220218,133648000,13:36:48,8276,16887,52663,695068920,0,0,0
SM206,20220218,20220218,133648500,13:36:49,8276,16887,52663,695068920,0,0,0
SM206,20220218,20220218,133649000,13:36:49,8276,16887,52663,695068920,0,0,0
SM206,20220218,20220218,133651000,13:36:51,8276,16887,52663,695068920,0,0,0
SM206,20220218,20220218,133657500,13:36:58,8276,16887,52663,695068920,0,0,0
SM206,20220218,20220218,133659000,13:36:59,8276,16887,52663,695068920,0,0,0
SM206,20220218,20220218,133659500,13:37:00,8276,16887,52663,695068920,0,0,0
SM206,20220218,20220218,133700000,13:37:00,8276,16887,52663,695068920,0,0,0
SM206,20220218,20220218,133709500,13:37:11,8276,16889,52661,695151240,2,-2,82320
SM206,20220218,20220218,133710000,13:37:11,8276,16889,52661,695151240,0,0,0
SM206,20220218,20220218,133710500,13:37:11,8276,16889,52661,695151240,0,0,0
SM206,20220218,20220218,133712000,13:37:13,8276,16890,52661,695192400,1,0,41160
SM206,20220218,20220218,133712500,13:37:13,8276,16890,52661,695192400,0,0,0
SM206,20220218,20220218,133716000,13:37:16,8278,16891,52660,695233560,1,-1,41160
SM206,20220218,20220218,133716500,13:37:17,8278,16891,52660,695233560,0,0,0
SM206,20220218,20220218,133719000,13:37:19,8278,16892,52659,695274720,1,-1,41160
SM206,20220218,20220218,133719500,13:37:20,8278,16892,52659,695274720,0,0,0
SM206,20220218,20220218,133720000,13:37:21,8278,16892,52659,695274720,0,0,0
SM206,20220218,20220218,133721000,13:37:21,8278,16893,52659,695315880,1,0,41160
SM206,20220218,20220218,133724000,13:37:24,8278,16893,52659,695315880,0,0,0
SM206,20220218,20220218,133726000,13:37:26,8278,16893,52659,695315880,0,0,0
SM206,20220218,20220218,133736000,13:37:36,8278,16893,52659,695315880,0,0,0
SM206,20220218,20220218,133742000,13:37:42,8278,16893,52659,695315880,0,0,0
SM206,20220218,20220218,133742500,13:37:43,8280,16894,52659,695357040,1,0,41160
SM206,20220218,20220218,133743500,13:37:44,8280,16894,52659,695357040,0,0,0
SM206,20220218,20220218,133744000,13:37:45,8280,16894,52659,695357040,0,0,0
SM206,20220218,20220218,133744500,13:37:45,8280,16894,52659,695357040,0,0,0
SM206,20220218,20220218,133745000,13:37:45,8280,16894,52659,695357040,0,0,0
SM206,20220218,20220218,133746500,13:37:47,8280,16894,52659,695357040,0,0,0
SM206,20220218,20220218,133748500,13:37:48,8280,16894,52659,695357040,0,0,0
SM206,20220218,20220218,133750500,13:37:51,8280,16894,52659,695357040,0,0,0
SM206,20220218,20220218,133752500,13:37:54,8280,16894,52659,695357040,0,0,0
SM206,20220218,20220218,133757000,13:37:57,8280,16894,52659,695357040,0,0,0
SM206,20220218,20220218,133758500,13:37:59,8280,16894,52659,695357040,0,0,0
SM206,20220218,20220218,133759500,13:38:00,8280,16894,52659,695357040,0,0,0
SM206,20220218,20220218,133802000,13:38:03,8280,16894,52659,695357040,0,0,0
SM206,20220218,20220218,133802500,13:38:05,8280,16894,52659,695357040,0,0,0
SM206,20220218,20220218,133812000,13:38:14,8280,16894,52659,695357040,0,0,0
SM206,20220218,20220218,133812500,13:38:14,8280,16894,52659,695357040,0,0,0
SM206,20220218,20220218,133813000,13:38:15,8280,16894,52659,695357040,0,0,0
SM206,20220218,20220218,133819000,13:38:19,8280,16894,52659,695357040,0,0,0
SM206,20220218,20220218,133820000,13:38:22,8280,16894,52659,695357040,0,0,0
SM206,20220218,20220218,133824500,13:38:41,8280,16894,52659,695357040,0,0,0
SM206,20220218,20220218,133825500,13:38:42,8280,16894,52659,695357040,0,0,0
SM206,20220218,20220218,133840000,13:38:42,8280,16894,52659,695357040,0,0,0
SM206,20220218,20220218,133906000,13:39:06,8280,16894,52659,695357040,0,0,0
SM206,20220218,20220218,133914000,13:39:15,8276,16895,52658,695398200,1,-1,41160
SM206,20220218,20220218,133914500,13:39:16,8274,16896,52658,695439360,1,0,41160
SM206,20220218,20220218,133918000,13:39:19,8274,16896,52658,695439360,0,0,0
SM206,20220218,20220218,133919000,13:39:19,8274,16896,52658,695439360,0,0,0
SM206,20220218,20220218,133920000,13:39:20,8274,16896,52658,695439360,0,0,0
SM206,20220218,20220218,133921500,13:39:21,8276,16898,52658,695521680,2,0,82320
SM206,20220218,20220218,133922500,13:39:23,8276,16898,52658,695521680,0,0,0
SM206,20220218,20220218,133924000,13:39:24,8276,16898,52658,695521680,0,0,0
SM206,20220218,20220218,133925000,13:39:25,8276,16898,52658,695521680,0,0,0
SM206,20220218,20220218,133931000,13:39:31,8276,16898,52658,695521680,0,0,0
SM206,20220218,20220218,133932500,13:39:33,8276,16898,52658,695521680,0,0,0
SM206,20220218,20220218,133934500,13:39:34,8276,16898,52658,695521680,0,0,0
SM206,20220218,20220218,133936000,13:39:36,8276,16898,52658,695521680,0,0,0
SM206,20220218,20220218,133937000,13:39:37,8276,16898,52658,695521680,0,0,0
SM206,20220218,20220218,133940500,13:39:41,8272,16899,52658,695562840,1,0,41160
SM206,20220218,20220218,133941000,13:39:41,8272,16899,52658,695562840,0,0,0
SM206,20220218,20220218,133943500,13:39:43,8268,16929,52654,696797640,30,-4,1234800
SM206,20220218,20220218,133944500,13:39:45,8266,17000,52691,699720000,71,37,2922360
SM206,20220218,20220218,133945000,13:39:45,8264,17013,52695,700255080,13,4,535080
SM206,20220218,20220218,133945500,13:39:46,8266,17015,52695,700337400,2,0,82320
SM206,20220218,20220218,133946000,13:39:47,8266,17015,52695,700337400,0,0,0
SM206,20220218,20220218,133947500,13:39:47,8266,17015,52695,700337400,0,0,0
SM206,20220218,20220218,133950500,13:39:50,8266,17015,52695,700337400,0,0,0
SM206,20220218,20220218,133952500,13:39:53,8266,17015,52695,700337400,0,0,0
SM206,20220218,20220218,133953000,13:39:54,8266,17015,52695,700337400,0,0,0
SM206,20220218,20220218,133953500,13:39:54,8266,17015,52695,700337400,0,0,0
SM206,20220218,20220218,133954500,13:39:55,8266,17015,52695,700337400,0,0,0
SM206,20220218,20220218,133955000,13:39:55,8266,17015,52695,700337400,0,0,0
SM206,20220218,20220218,133955500,13:39:55,8268,17035,52676,701160600,20,-19,823200
SM206,20220218,20220218,133956000,13:39:56,8268,17035,52676,701160600,0,0,0
SM206,20220218,20220218,133956500,13:39:57,8268,17035,52676,701160600,0,0,0
SM206,20220218,20220218,133957000,13:39:58,8268,17035,52676,701160600,0,0,0
SM206,20220218,20220218,133957500,13:40:13,8268,17035,52676,701160600,0,0,0
SM206,20220218,20220218,134009500,13:40:13,8268,17035,52676,701160600,0,0,0
SM206,20220218,20220218,134013000,13:40:13,8268,17035,52676,701160600,0,0,0
SM206,20220218,20220218,134013500,13:40:14,8268,17035,52676,701160600,0,0,0
SM206,20220218,20220218,134015500,13:40:16,8268,17035,52676,701160600,0,0,0
SM206,20220218,20220218,134019000,13:40:19,8268,17035,52676,701160600,0,0,0
SM206,20220218,20220218,134020500,13:40:21,8268,17057,52671,702066120,22,-5,905520
SM206,20220218,20220218,134021000,13:40:21,8268,17057,52671,702066120,0,0,0
SM206,20220218,20220218,134023000,13:40:23,8268,17057,52671,702066120,0,0,0
SM206,20220218,20220218,134023500,13:40:24,8268,17057,52671,702066120,0,0,0
SM206,20220218,20220218,134024000,13:40:24,8268,17057,52671,702066120,0,0,0
SM206,20220218,20220218,134025500,13:40:26,8268,17057,52671,702066120,0,0,0
SM206,20220218,20220218,134028000,13:40:28,8268,17057,52671,702066120,0,0,0
SM206,20220218,20220218,134030500,13:40:31,8268,17057,52671,702066120,0,0,0
SM206,20220218,20220218,134031500,13:40:32,8268,17057,52671,702066120,0,0,0
SM206,20220218,20220218,134032000,13:40:32,8268,17057,52671,702066120,0,0,0
SM206,20220218,20220218,134032500,13:40:32,8268,17057,52671,702066120,0,0,0
SM206,20220218,20220218,134033000,13:40:33,8272,17058,52671,702107280,1,0,41160
SM206,20220218,20220218,134033500,13:40:34,8276,17135,52643,705447950,77,-28,3340670
SM206,20220218,20220218,134034000,13:40:35,8276,17145,52653,705859650,10,10,411700
SM206,20220218,20220218,134035500,13:40:36,8276,17145,52653,705859650,0,0,0
SM206,20220218,20220218,134037000,13:40:37,8276,17145,52653,705859650,0,0,0
SM206,20220218,20220218,134037500,13:40:37,8276,17145,52653,705859650,0,0,0
SM206,20220218,20220218,134041500,13:40:42,8276,17156,52660,706312520,11,7,452870
SM206,20220218,20220218,134042500,13:40:43,8276,17156,52660,706312520,0,0,0
SM206,20220218,20220218,134043000,13:40:44,8276,17156,52660,706312520,0,0,0
SM206,20220218,20220218,134043500,13:40:44,8276,17156,52660,706312520,0,0,0
SM206,20220218,20220218,134044500,13:40:44,8276,17156,52660,706312520,0,0,0
SM206,20220218,20220218,134047000,13:40:47,8276,17161,52660,706518370,5,0,205850
SM206,20220218,20220218,134047500,13:40:47,8276,17161,52660,706518370,0,0,0
SM206,20220218,20220218,134048500,13:40:48,8276,17161,52660,706518370,0,0,0
SM206,20220218,20220218,134049000,13:40:49,8276,17161,52660,706518370,0,0,0
SM206,20220218,20220218,134049500,13:40:49,8274,17165,52664,706683050,4,4,164680
SM206,20220218,20220218,134050000,13:40:50,8274,17171,52667,706930070,6,3,247020
SM206,20220218,20220218,134050500,13:40:50,8274,17171,52667,706930070,0,0,0
SM206,20220218,20220218,134051500,13:40:55,8274,17171,52667,706930070,0,0,0
SM206,20220218,20220218,134055000,13:40:55,8274,17171,52667,706930070,0,0,0
SM206,20220218,20220218,134055500,13:40:57,8274,17171,52667,706930070,0,0,0
SM206,20220218,20220218,134056000,13:40:58,8274,17171,52667,706930070,0,0,0
SM206,20220218,20220218,134107500,13:41:09,8274,17171,52667,706930070,0,0,0
SM206,20220218,20220218,134109000,13:41:10,8274,17171,52667,706930070,0,0,0
SM206,20220218,20220218,134109500,13:41:10,8274,17171,52667,706930070,0,0,0
SM206,20220218,20220218,134110000,13:41:10,8274,17171,52667,706930070,0,0,0
SM206,20220218,20220218,134113000,13:41:13,8274,17171,52667,706930070,0,0,0
SM206,20220218,20220218,134114000,13:41:15,8274,17171,52667,706930070,0,0,0
SM206,20220218,20220218,134114500,13:41:16,8274,17171,52667,706930070,0,0,0
SM206,20220218,20220218,134115000,13:41:16,8274,17171,52667,706930070,0,0,0
SM206,20220218,20220218,134118500,13:41:19,8274,17171,52667,706930070,0,0,0
SM206,20220218,20220218,134119500,13:41:20,8274,17171,52667,706930070,0,0,0
SM206,20220218,20220218,134120000,13:41:22,8274,17171,52667,706930070,0,0,0
SM206,20220218,20220218,134121500,13:41:24,8274,17171,52667,706930070,0,0,0
SM206,20220218,20220218,134130500,13:41:31,8274,17171,52667,706930070,0,0,0
SM206,20220218,20220218,134131000,13:41:31,8276,17179,52662,707259430,8,-5,329360
SM206,20220218,20220218,134131500,13:41:32,8278,17186,52665,707547620,7,3,288190
SM206,20220218,20220218,134132000,13:41:33,8278,17186,52665,707547620,0,0,0
SM206,20220218,20220218,134132500,13:41:33,8278,17186,52665,707547620,0,0,0
SM206,20220218,20220218,134133000,13:41:33,8278,17186,52665,707547620,0,0,0
SM206,20220218,20220218,134133500,13:41:34,8278,17186,52665,707547620,0,0,0
SM206,20220218,20220218,134134000,13:41:34,8276,17195,52667,707918150,9,2,370530
SM206,20220218,20220218,134134500,13:41:34,8276,17195,52667,707918150,0,0,0
SM206,20220218,20220218,134135000,13:41:35,8276,17195,52667,707918150,0,0,0
SM206,20220218,20220218,134135500,13:41:35,8276,17195,52667,707918150,0,0,0
SM206,20220218,20220218,134136000,13:41:39,8276,17195,52667,707918150,0,0,0
SM206,20220218,20220218,134136500,13:41:39,8276,17195,52667,707918150,0,0,0
SM206,20220218,20220218,134137500,13:41:41,8276,17195,52667,707918150,0,0,0
SM206,20220218,20220218,134142000,13:41:42,8276,17195,52667,707918150,0,0,0
SM206,20220218,20220218,134144500,13:41:45,8276,17195,52667,707918150,0,0,0
SM206,20220218,20220218,134150000,13:41:50,8276,17195,52667,707918150,0,0,0
SM206,20220218,20220218,134153000,13:41:54,8276,17195,52667,707918150,0,0,0
SM206,20220218,20220218,134202000,13:42:10,8276,17195,52667,707918150,0,0,0
SM206,20220218,20220218,134210000,13:42:12,8276,17195,52667,707918150,0,0,0
SM206,20220218,20220218,134210500,13:42:12,8276,17195,52667,707918150,0,0,0
SM206,20220218,20220218,134211500,13:42:12,8276,17195,52667,707918150,0,0,0
SM206,20220218,20220218,134213500,13:42:14,8276,17195,52667,707918150,0,0,0
SM206,20220218,20220218,134214000,13:42:14,8276,17195,52667,707918150,0,0,0
SM206,20220218,20220218,134221000,13:42:21,8276,17195,52667,707918150,0,0,0
SM206,20220218,20220218,134226000,13:42:27,8272,17197,52666,708000490,2,-1,82340
SM206,20220218,20220218,134226500,13:42:28,8272,17197,52666,708000490,0,0,0
SM206,20220218,20220218,134227000,13:42:28,8272,17197,52666,708000490,0,0,0
SM206,20220218,20220218,134249000,13:42:49,8272,17197,52666,708000490,0,0,0
SM206,20220218,20220218,134254500,13:42:54,8272,17197,52666,708000490,0,0,0
SM206,20220218,20220218,134257000,13:42:59,8270,17209,52677,708494530,12,11,494040
SM206,20220218,20220218,134257500,13:42:59,8270,17209,52677,708494530,0,0,0
SM206,20220218,20220218,134258000,13:42:59,8270,17209,52677,708494530,0,0,0
SM206,20220218,20220218,134300000,13:43:01,8270,17209,52677,708494530,0,0,0
SM206,20220218,20220218,134310000,13:43:12,8270,17209,52677,708494530,0,0,0
SM206,20220218,20220218,134314000,13:43:14,8270,17209,52677,708494530,0,0,0
SM206,20220218,20220218,134314500,13:43:15,8270,17209,52677,708494530,0,0,0
SM206,20220218,20220218,134315000,13:43:15,8270,17209,52677,708494530,0,0,0
SM206,20220218,20220218,134318500,13:43:18,8270,17209,52677,708494530,0,0,0
SM206,20220218,20220218,134319000,13:43:19,8270,17209,52677,708494530,0,0,0
SM206,20220218,20220218,134319500,13:43:20,8270,17209,52677,708494530,0,0,0
SM206,20220218,20220218,134321500,13:43:21,8270,17209,52677,708494530,0,0,0
SM206,20220218,20220218,134322500,13:43:23,8270,17209,52677,708494530,0,0,0
SM206,20220218,20220218,134323500,13:43:24,8270,17209,52677,708494530,0,0,0
SM206,20220218,20220218,134324000,13:43:24,8270,17209,52677,708494530,0,0,0
SM206,20220218,20220218,134326500,13:43:27,8270,17209,52677,708494530,0,0,0
SM206,20220218,20220218,134327000,13:43:27,8270,17209,52677,708494530,0,0,0
SM206,20220218,20220218,134328500,13:43:29,8270,17209,52677,708494530,0,0,0
SM206,20220218,20220218,134329500,13:43:30,8270,17209,52677,708494530,0,0,0
SM206,20220218,20220218,134332500,13:43:32,8270,17209,52677,708494530,0,0,0
SM206,20220218,20220218,134338000,13:43:38,8270,17209,52677,708494530,0,0,0
SM206,20220218,20220218,134339000,13:43:55,8270,17209,52677,708494530,0,0,0
SM206,20220218,20220218,134340000,13:43:57,8270,17209,52677,708494530,0,0,0
SM206,20220218,20220218,134346000,13:44:04,8270,17209,52677,708494530,0,0,0
SM206,20220218,20220218,134356000,13:44:04,8270,17209,52677,708494530,0,0,0
SM206,20220218,20220218,134416000,13:44:17,8270,17209,52677,708494530,0,0,0
SM206,20220218,20220218,134418000,13:44:18,8270,17209,52677,708494530,0,0,0
SM206,20220218,20220218,134422500,13:44:23,8270,17209,52677,708494530,0,0,0
SM206,20220218,20220218,134425000,13:44:25,8270,17209,52677,708494530,0,0,0
SM206,20220218,20220218,134429000,13:44:29,8270,17209,52677,708494530,0,0,0
SM206,20220218,20220218,134443000,13:44:43,8270,17209,52677,708494530,0,0,0
SM206,20220218,20220218,134444000,13:44:44,8270,17209,52677,708494530,0,0,0
SM206,20220218,20220218,134444500,13:44:45,8270,17209,52677,708494530,0,0,0
SM206,20220218,20220218,134449000,13:44:50,8270,17209,52677,708494530,0,0,0
SM206,20220218,20220218,134449500,13:44:50,8270,17209,52677,708494530,0,0,0
SM206,20220218,20220218,134450000,13:44:50,8270,17209,52677,708494530,0,0,0
SM206,20220218,20220218,134451500,13:44:52,8270,17209,52677,708494530,0,0,0
SM206,20220218,20220218,134453500,13:44:54,8270,17209,52677,708494530,0,0,0
SM206,20220218,20220218,134457500,13:44:57,8270,17209,52677,708494530,0,0,0
SM206,20220218,20220218,134500000,13:45:00,8270,17209,52677,708494530,0,0,0
SM206,20220218,20220218,134500500,13:45:01,8270,17209,52677,708494530,0,0,0
SM206,20220218,20220218,134503000,13:45:03,8270,17209,52677,708494530,0,0,0
SM206,20220218,20220218,134504500,13:45:08,8270,17209,52677,708494530,0,0,0
SM206,20220218,20220218,134508000,13:45:09,8270,17209,52677,708494530,0,0,0
SM206,20220218,20220218,134510500,13:45:11,8270,17211,52677,708576870,2,0,82340
SM206,20220218,20220218,134511000,13:45:11,8270,17211,52677,708576870,0,0,0
SM206,20220218,20220218,134511500,13:45:11,8270,17211,52677,708576870,0,0,0
SM206,20220218,20220218,134512000,13:45:12,8272,17215,52677,708741550,4,0,164680
SM206,20220218,20220218,134512500,13:45:13,8272,17215,52677,708741550,0,0,0
SM206,20220218,20220218,134513000,13:45:14,8272,17215,52677,708741550,0,0,0
SM206,20220218,20220218,134513500,13:45:15,8274,17216,52677,708782720,1,0,41170
SM206,20220218,20220218,134514000,13:45:15,8274,17216,52677,708782720,0,0,0
SM206,20220218,20220218,134514500,13:45:16,8274,17216,52677,708782720,0,0,0
SM206,20220218,20220218,134515000,13:45:17,8274,17216,52677,708782720,0,0,0
SM206,20220218,20220218,134515500,13:45:17,8278,17217,52677,708823890,1,0,41170
SM206,20220218,20220218,134516000,13:45:17,8278,17217,52677,708823890,0,0,0
SM206,20220218,20220218,134516500,13:45:17,8278,17217,52677,708823890,0,0,0
SM206,20220218,20220218,134517000,13:45:20,8278,17217,52677,708823890,0,0,0
SM206,20220218,20220218,134518000,13:45:21,8278,17217,52677,708823890,0,0,0
SM206,20220218,20220218,134520500,13:45:23,8280,17220,52678,708947400,3,1,123510
SM206,20220218,20220218,134521000,13:45:23,8280,17221,52679,708988570,1,1,41170
SM206,20220218,20220218,134521500,13:45:23,8280,17221,52679,708988570,0,0,0
SM206,20220218,20220218,134522000,13:45:24,8280,17221,52679,708988570,0,0,0
SM206,20220218,20220218,134523500,13:45:24,8282,17222,52679,709029740,1,0,41170
SM206,20220218,20220218,134524000,13:45:24,8282,17224,52679,709112080,2,0,82340
SM206,20220218,20220218,134524500,13:45:26,8282,17225,52680,709153250,1,1,41170
SM206,20220218,20220218,134525000,13:45:26,8282,17225,52680,709153250,0,0,0
SM206,20220218,20220218,134525500,13:45:27,8282,17225,52680,709153250,0,0,0
SM206,20220218,20220218,134526000,13:45:27,8282,17225,52680,709153250,0,0,0
SM206,20220218,20220218,134527000,13:45:30,8282,17225,52680,709153250,0,0,0
SM206,20220218,20220218,134527500,13:45:30,8282,17225,52680,709153250,0,0,0
SM206,20220218,20220218,134529500,13:45:30,8282,17226,52681,709194420,1,1,41170
SM206,20220218,20220218,134531000,13:45:31,8282,17226,52681,709194420,0,0,0
SM206,20220218,20220218,134531500,13:45:32,8282,17226,52681,709194420,0,0,0
SM206,20220218,20220218,134532000,13:45:32,8282,17226,52681,709194420,0,0,0
SM206,20220218,20220218,134532500,13:45:33,8282,17231,52684,709400270,5,3,205850
SM206,20220218,20220218,134533000,13:45:33,8282,17231,52684,709400270,0,0,0
SM206,20220218,20220218,134533500,13:45:34,8282,17231,52684,709400270,0,0,0
SM206,20220218,20220218,134534000,13:45:35,8282,17231,52684,709400270,0,0,0
SM206,20220218,20220218,134534500,13:45:35,8282,17232,52684,709441440,1,0,41170
SM206,20220218,20220218,134535000,13:45:35,8282,17232,52684,709441440,0,0,0
SM206,20220218,20220218,134535500,13:45:36,8282,17232,52684,709441440,0,0,0
SM206,20220218,20220218,134536000,13:45:37,8282,17232,52684,709441440,0,0,0
SM206,20220218,20220218,134536500,13:45:37,8282,17232,52684,709441440,0,0,0
SM206,20220218,20220218,134537000,13:45:37,8282,17232,52684,709441440,0,0,0
SM206,20220218,20220218,134537500,13:45:38,8282,17232,52684,709441440,0,0,0
SM206,20220218,20220218,134539000,13:45:40,8282,17232,52684,709441440,0,0,0
SM206,20220218,20220218,134539500,13:45:40,8282,17232,52684,709441440,0,0,0
SM206,20220218,20220218,134540000,13:45:40,8282,17232,52684,709441440,0,0,0
SM206,20220218,20220218,134540500,13:45:41,8278,17235,52681,709564950,3,-3,123510
SM206,20220218,20220218,134541000,13:45:41,8278,17235,52681,709564950,0,0,0
SM206,20220218,20220218,134541500,13:45:45,8278,17235,52681,709564950,0,0,0
SM206,20220218,20220218,134542000,13:45:45,8278,17235,52681,709564950,0,0,0
SM206,20220218,20220218,134542500,13:45:46,8278,17235,52681,709564950,0,0,0
SM206,20220218,20220218,134543000,13:45:46,8278,17235,52681,709564950,0,0,0
SM206,20220218,20220218,134545500,13:45:46,8278,17235,52681,709564950,0,0,0
SM206,20220218,20220218,134547000,13:45:47,8278,17235,52681,709564950,0,0,0
SM206,20220218,20220218,134559000,13:46:01,8278,17235,52681,709564950,0,0,0
SM206,20220218,20220218,134600500,13:46:01,8278,17235,52681,709564950,0,0,0
SM206,20220218,20220218,134601000,13:46:02,8278,17235,52681,709564950,0,0,0
SM206,20220218,20220218,134601500,13:46:02,8284,17239,52682,709729630,4,1,164680
SM206,20220218,20220218,134602000,13:46:03,8284,17239,52682,709729630,0,0,0
SM206,20220218,20220218,134602500,13:46:04,8284,17239,52682,709729630,0,0,0
SM206,20220218,20220218,134603000,13:46:04,8284,17239,52682,709729630,0,0,0
SM206,20220218,20220218,134603500,13:46:04,8284,17239,52682,709729630,0,0,0
SM206,20220218,20220218,134604000,13:46:05,8284,17243,52679,709894310,4,-3,164680
SM206,20220218,20220218,134604500,13:46:05,8284,17243,52679,709894310,0,0,0
SM206,20220218,20220218,134607000,13:46:07,8284,17243,52679,709894310,0,0,0
SM206,20220218,20220218,134607500,13:46:08,8284,17243,52679,709894310,0,0,0
SM206,20220218,20220218,134610000,13:46:11,8284,17243,52679,709894310,0,0,0
SM206,20220218,20220218,134610500,13:46:11,8284,17243,52679,709894310,0,0,0
SM206,20220218,20220218,134611000,13:46:11,8284,17243,52679,709894310,0,0,0
SM206,20220218,20220218,134611500,13:46:11,8284,17243,52679,709894310,0,0,0
SM206,20220218,20220218,134613500,13:46:14,8284,17243,52679,709894310,0,0,0
SM206,20220218,20220218,134617000,13:46:18,8284,17243,52679,709894310,0,0,0
SM206,20220218,20220218,134620000,13:46:20,8284,17244,52678,709935480,1,-1,41170
SM206,20220218,20220218,134620500,13:46:21,8284,17244,52678,709935480,0,0,0
SM206,20220218,20220218,134623000,13:46:30,8284,17244,52678,709935480,0,0,0
SM206,20220218,20220218,134630000,13:46:31,8284,17244,52678,709935480,0,0,0
SM206,20220218,20220218,134630500,13:46:31,8284,17244,52678,709935480,0,0,0
SM206,20220218,20220218,134633500,13:46:33,8282,17254,52677,710347180,10,-1,411700
SM206,20220218,20220218,134634000,13:46:34,8282,17254,52677,710347180,0,0,0
SM206,20220218,20220218,134634500,13:46:35,8282,17254,52677,710347180,0,0,0
SM206,20220218,20220218,134635000,13:46:35,8282,17254,52677,710347180,0,0,0
SM206,20220218,20220218,134636000,13:46:37,8282,17254,52677,710347180,0,0,0
SM206,20220218,20220218,134636500,13:46:37,8282,17254,52677,710347180,0,0,0
SM206,20220218,20220218,134638000,13:46:38,8282,17254,52677,710347180,0,0,0
SM206,20220218,20220218,134638500,13:46:39,8282,17254,52677,710347180,0,0,0
SM206,20220218,20220218,134639000,13:46:39,8282,17254,52677,710347180,0,0,0
SM206,20220218,20220218,134642500,13:46:43,8282,17254,52677,710347180,0,0,0
SM206,20220218,20220218,134651500,13:46:51,8282,17254,52677,710347180,0,0,0
SM206,20220218,20220218,134652000,13:46:52,8282,17254,52677,710347180,0,0,0
SM206,20220218,20220218,134652500,13:46:53,8282,17254,52677,710347180,0,0,0
SM206,20220218,20220218,134700500,13:47:00,8282,17254,52677,710347180,0,0,0
SM206,20220218,20220218,134701500,13:47:02,8282,17254,52677,710347180,0,0,0
SM206,20220218,20220218,134702000,13:47:02,8280,17255,52676,710388350,1,-1,41170
SM206,20220218,20220218,134703500,13:47:04,8280,17255,52676,710388350,0,0,0
SM206,20220218,20220218,134706500,13:47:10,8280,17255,52676,710388350,0,0,0
SM206,20220218,20220218,134709000,13:47:11,8280,17255,52676,710388350,0,0,0
SM206,20220218,20220218,134710500,13:47:12,8280,17255,52676,710388350,0,0,0
SM206,20220218,20220218,134711500,13:47:16,8280,17256,52677,710429520,1,1,41170
SM206,20220218,20220218,134720000,13:47:20,8280,17256,52677,710429520,0,0,0
SM206,20220218,20220218,134726500,13:47:27,8280,17256,52677,710429520,0,0,0
SM206,20220218,20220218,134727000,13:47:27,8280,17256,52677,710429520,0,0,0
SM206,20220218,20220218,134727500,13:47:28,8280,17256,52677,710429520,0,0,0
SM206,20220218,20220218,134728500,13:47:28,8280,17256,52677,710429520,0,0,0
SM206,20220218,20220218,134730000,13:47:30,8280,17256,52677,710429520,0,0,0
SM206,20220218,20220218,134731500,13:47:31,8280,17256,52677,710429520,0,0,0
SM206,20220218,20220218,134732000,13:47:32,8280,17256,52677,710429520,0,0,0
SM206,20220218,20220218,134734000,13:47:36,8280,17256,52677,710429520,0,0,0
SM206,20220218,20220218,134738500,13:47:39,8280,17256,52677,710429520,0,0,0
SM206,20220218,20220218,134741000,13:47:41,8280,17256,52677,710429520,0,0,0
SM206,20220218,20220218,134741500,13:47:42,8280,17256,52677,710429520,0,0,0
SM206,20220218,20220218,134743500,13:47:44,8280,17256,52677,710429520,0,0,0
SM206,20220218,20220218,134745500,13:47:46,8280,17256,52677,710429520,0,0,0
SM206,20220218,20220218,134746000,13:47:47,8280,17256,52677,710429520,0,0,0
SM206,20220218,20220218,134746500,13:47:47,8280,17256,52677,710429520,0,0,0
SM206,20220218,20220218,134747500,13:47:47,8280,17256,52677,710429520,0,0,0
SM206,20220218,20220218,134748000,13:47:48,8280,17256,52677,710429520,0,0,0
SM206,20220218,20220218,134759500,13:48:00,8280,17256,52677,710429520,0,0,0
SM206,20220218,20220218,134801500,13:48:01,8280,17256,52677,710429520,0,0,0
SM206,20220218,20220218,134804000,13:48:04,8280,17256,52677,710429520,0,0,0
SM206,20220218,20220218,134805500,13:48:05,8280,17256,52677,710429520,0,0,0
SM206,20220218,20220218,134806500,13:48:06,8280,17256,52677,710429520,0,0,0
SM206,20220218,20220218,134808000,13:48:08,8280,17256,52677,710429520,0,0,0
SM206,20220218,20220218,134813500,13:48:13,8280,17256,52677,710429520,0,0,0
SM206,20220218,20220218,134817000,13:48:18,8280,17256,52677,710429520,0,0,0
SM206,20220218,20220218,134817500,13:48:19,8278,17258,52676,710511860,2,-1,82340
SM206,20220218,20220218,134818000,13:48:19,8282,17309,52707,712611530,51,31,2099670
SM206,20220218,20220218,134818500,13:48:20,8282,17315,52708,712858550,6,1,247020
SM206,20220218,20220218,134823500,13:48:24,8282,17315,52708,712858550,0,0,0
SM206,20220218,20220218,134824000,13:48:24,8282,17315,52708,712858550,0,0,0
SM206,20220218,20220218,134832000,13:48:32,8282,17315,52708,712858550,0,0,0
SM206,20220218,20220218,134835000,13:48:36,8282,17315,52708,712858550,0,0,0
SM206,20220218,20220218,134835500,13:48:37,8282,17315,52708,712858550,0,0,0
SM206,20220218,20220218,134839000,13:48:39,8282,17315,52708,712858550,0,0,0
SM206,20220218,20220218,134839500,13:48:39,8282,17315,52708,712858550,0,0,0
SM206,20220218,20220218,134843500,13:48:43,8282,17315,52708,712858550,0,0,0
SM206,20220218,20220218,134845000,13:48:45,8282,17315,52708,712858550,0,0,0
SM206,20220218,20220218,134845500,13:48:45,8282,17315,52708,712858550,0,0,0
SM206,20220218,20220218,134846000,13:48:46,8282,17315,52708,712858550,0,0,0
SM206,20220218,20220218,134846500,13:48:46,8282,17315,52708,712858550,0,0,0
SM206,20220218,20220218,134850000,13:48:50,8282,17315,52708,712858550,0,0,0
SM206,20220218,20220218,134851500,13:48:51,8282,17315,52708,712858550,0,0,0
SM206,20220218,20220218,134852000,13:48:52,8282,17327,52708,713352590,12,0,494040
SM206,20220218,20220218,134852500,13:48:52,8282,17327,52708,713352590,0,0,0
SM206,20220218,20220218,134853000,13:48:54,8282,17327,52708,713352590,0,0,0
SM206,20220218,20220218,134855500,13:48:56,8282,17327,52708,713352590,0,0,0
SM206,20220218,20220218,134856000,13:48:57,8282,17327,52708,713352590,0,0,0
SM206,20220218,20220218,134857000,13:48:57,8282,17329,52709,713434930,2,1,82340
SM206,20220218,20220218,134857500,13:48:57,8282,17329,52709,713434930,0,0,0
SM206,20220218,20220218,134900500,13:49:01,8282,17329,52709,713434930,0,0,0
SM206,20220218,20220218,134906000,13:49:06,8282,17329,52709,713434930,0,0,0
SM206,20220218,20220218,134912500,13:49:13,8282,17329,52709,713434930,0,0,0
SM206,20220218,20220218,134913000,13:49:13,8280,17330,52709,713476100,1,0,41170
SM206,20220218,20220218,134923000,13:49:24,8280,17330,52709,713476100,0,0,0
SM206,20220218,20220218,134923500,13:49:24,8280,17330,52709,713476100,0,0,0
SM206,20220218,20220218,134924500,13:49:25,8280,17330,52709,713476100,0,0,0
SM206,20220218,20220218,134925000,13:49:25,8280,17330,52709,713476100,0,0,0
SM206,20220218,20220218,134927000,13:49:27,8280,17330,52709,713476100,0,0,0
SM206,20220218,20220218,134932000,13:49:32,8280,17330,52709,713476100,0,0,0
SM206,20220218,20220218,134932500,13:49:32,8280,17330,52709,713476100,0,0,0
SM206,20220218,20220218,134933000,13:49:33,8280,17330,52709,713476100,0,0,0
SM206,20220218,20220218,134934000,13:49:34,8280,17330,52709,713476100,0,0,0
SM206,20220218,20220218,134934500,13:49:35,8280,17330,52709,713476100,0,0,0
SM206,20220218,20220218,134937000,13:49:37,8280,17330,52709,713476100,0,0,0
SM206,20220218,20220218,134941000,13:49:41,8280,17330,52709,713476100,0,0,0
SM206,20220218,20220218,134947500,13:49:47,8280,17330,52709,713476100,0,0,0
SM206,20220218,20220218,134948500,13:49:48,8280,17384,52728,715699280,54,19,2223180
SM206,20220218,20220218,134949000,13:49:49,8280,17384,52728,715699280,0,0,0
SM206,20220218,20220218,134950500,13:49:51,8280,17405,52718,716563850,21,-10,864570
SM206,20220218,20220218,134951000,13:49:51,8280,17405,52718,716563850,0,0,0
SM206,20220218,20220218,134951500,13:49:52,8280,17405,52718,716563850,0,0,0
SM206,20220218,20220218,134952000,13:49:52,8280,17405,52718,716563850,0,0,0
SM206,20220218,20220218,134954000,13:49:55,8280,17405,52718,716563850,0,0,0
SM206,20220218,20220218,134955500,13:49:56,8280,17405,52718,716563850,0,0,0
SM206,20220218,20220218,134956000,13:49:56,8280,17405,52718,716563850,0,0,0
SM206,20220218,20220218,135000500,13:50:00,8280,17405,52718,716563850,0,0,0
SM206,20220218,20220218,135001000,13:50:01,8280,17405,52718,716563850,0,0,0
SM206,20220218,20220218,135001500,13:50:02,8280,17405,52718,716563850,0,0,0
SM206,20220218,20220218,135002000,13:50:02,8280,17405,52718,716563850,0,0,0
SM206,20220218,20220218,135005000,13:50:05,8280,17405,52718,716563850,0,0,0
SM206,20220218,20220218,135005500,13:50:06,8280,17407,52716,716646190,2,-2,82340
SM206,20220218,20220218,135006000,13:50:06,8280,17407,52716,716646190,0,0,0
SM206,20220218,20220218,135006500,13:50:07,8280,17407,52716,716646190,0,0,0
SM206,20220218,20220218,135009000,13:50:26,8280,17407,52716,716646190,0,0,0
SM206,20220218,20220218,135024000,13:50:26,8280,17407,52716,716646190,0,0,0
SM206,20220218,20220218,135034500,13:50:37,8280,17407,52716,716646190,0,0,0
SM206,20220218,20220218,135043500,13:50:44,8280,17407,52716,716646190,0,0,0
SM206,20220218,20220218,135044500,13:50:45,8280,17407,52716,716646190,0,0,0
SM206,20220218,20220218,135047500,13:50:48,8280,17407,52716,716646190,0,0,0
SM206,20220218,20220218,135048000,13:50:48,8280,17407,52716,716646190,0,0,0
SM206,20220218,20220218,135050500,13:50:51,8280,17407,52716,716646190,0,0,0
SM206,20220218,20220218,135057000,13:50:57,8280,17407,52716,716646190,0,0,0
SM206,20220218,20220218,135057500,13:50:58,8280,17407,52716,716646190,0,0,0
SM206,20220218,20220218,135058500,13:50:59,8280,17407,52716,716646190,0,0,0
SM206,20220218,20220218,135059500,13:51:00,8280,17407,52716,716646190,0,0,0
SM206,20220218,20220218,135102500,13:51:02,8280,17407,52716,716646190,0,0,0
SM206,20220218,20220218,135103000,13:51:03,8280,17407,52716,716646190,0,0,0
SM206,20220218,20220218,135103500,13:51:03,8280,17407,52716,716646190,0,0,0
SM206,20220218,20220218,135105500,13:51:06,8280,17407,52716,716646190,0,0,0
SM206,20220218,20220218,135107000,13:51:20,8280,17407,52716,716646190,0,0,0
SM206,20220218,20220218,135118500,13:51:21,8280,17407,52716,716646190,0,0,0
SM206,20220218,20220218,135123000,13:51:23,8280,17407,52716,716646190,0,0,0
SM206,20220218,20220218,135123500,13:51:24,8280,17407,52716,716646190,0,0,0
SM206,20220218,20220218,135124000,13:51:24,8280,17407,52716,716646190,0,0,0
SM206,20220218,20220218,135126500,13:51:27,8280,17409,52718,716728530,2,2,82340
SM206,20220218,20220218,135128000,13:51:28,8282,17410,52718,716769700,1,0,41170
SM206,20220218,20220218,135128500,13:51:29,8282,17410,52718,716769700,0,0,0
SM206,20220218,20220218,135129000,13:51:29,8282,17410,52718,716769700,0,0,0
SM206,20220218,20220218,135132500,13:51:33,8282,17410,52718,716769700,0,0,0
SM206,20220218,20220218,135134000,13:51:34,8282,17410,52718,716769700,0,0,0
SM206,20220218,20220218,135135500,13:51:35,8282,17410,52718,716769700,0,0,0
SM206,20220218,20220218,135137500,13:51:38,8282,17410,52718,716769700,0,0,0
SM206,20220218,20220218,135142000,13:51:42,8282,17410,52718,716769700,0,0,0
SM206,20220218,20220218,135143000,13:51:43,8282,17410,52718,716769700,0,0,0
SM206,20220218,20220218,135146000,13:51:46,8282,17410,52718,716769700,0,0,0
SM206,20220218,20220218,135154000,13:51:54,8282,17410,52718,716769700,0,0,0
SM206,20220218,20220218,135156000,13:51:56,8282,17410,52718,716769700,0,0,0
SM206,20220218,20220218,135158000,13:51:58,8282,17410,52718,716769700,0,0,0
SM206,20220218,20220218,135159500,13:51:59,8282,17410,52718,716769700,0,0,0
SM206,20220218,20220218,135201500,13:52:03,8282,17410,52718,716769700,0,0,0
SM206,20220218,20220218,135203000,13:52:04,8282,17411,52719,716810870,1,1,41170
SM206,20220218,20220218,135203500,13:52:04,8282,17411,52719,716810870,0,0,0
SM206,20220218,20220218,135205000,13:52:05,8282,17411,52719,716810870,0,0,0
SM206,20220218,20220218,135207500,13:52:10,8282,17411,52719,716810870,0,0,0
SM206,20220218,20220218,135208000,13:52:10,8282,17411,52719,716810870,0,0,0
SM206,20220218,20220218,135209000,13:52:10,8280,17412,52719,716852040,1,0,41170
SM206,20220218,20220218,135209500,13:52:11,8280,17412,52719,716852040,0,0,0
SM206,20220218,20220218,135211500,13:52:12,8280,17412,52719,716852040,0,0,0
SM206,20220218,20220218,135212000,13:52:12,8280,17412,52719,716852040,0,0,0
SM206,20220218,20220218,135214000,13:52:14,8280,17412,52719,716852040,0,0,0
SM206,20220218,20220218,135220500,13:52:24,8280,17412,52719,716852040,0,0,0
SM206,20220218,20220218,135226500,13:52:27,8280,17412,52719,716852040,0,0,0
SM206,20220218,20220218,135227000,13:52:27,8280,17412,52719,716852040,0,0,0
SM206,20220218,20220218,135227500,13:52:27,8280,17412,52719,716852040,0,0,0
SM206,20220218,20220218,135229000,13:52:29,8280,17412,52719,716852040,0,0,0
SM206,20220218,20220218,135229500,13:52:31,8280,17412,52719,716852040,0,0,0
SM206,20220218,20220218,135230000,13:52:31,8280,17412,52719,716852040,0,0,0
SM206,20220218,20220218,135239500,13:52:45,8280,17412,52719,716852040,0,0,0
SM206,20220218,20220218,135253000,13:52:53,8280,17412,52719,716852040,0,0,0
SM206,20220218,20220218,135253500,13:52:54,8280,17412,52719,716852040,0,0,0
SM206,20220218,20220218,135256000,13:52:56,8280,17412,52719,716852040,0,0,0
SM206,20220218,20220218,135256500,13:52:57,8280,17412,52719,716852040,0,0,0
SM206,20220218,20220218,135258000,13:52:58,8280,17413,52718,716893210,1,-1,41170
SM206,20220218,20220218,135302000,13:53:02,8280,17413,52718,716893210,0,0,0
SM206,20220218,20220218,135302500,13:53:03,8280,17413,52718,716893210,0,0,0
SM206,20220218,20220218,135304000,13:53:06,8280,17413,52718,716893210,0,0,0
SM206,20220218,20220218,135308500,13:53:09,8282,17424,52717,717346080,11,-1,452870
SM206,20220218,20220218,135309000,13:53:09,8282,17424,52717,717346080,0,0,0
SM206,20220218,20220218,135309500,13:53:09,8282,17424,52717,717346080,0,0,0
SM206,20220218,20220218,135311000,13:53:11,8282,17424,52717,717346080,0,0,0
SM206,20220218,20220218,135315000,13:53:15,8282,17424,52717,717346080,0,0,0
SM206,20220218,20220218,135316000,13:53:16,8282,17424,52717,717346080,0,0,0
SM206,20220218,20220218,135322500,13:53:23,8282,17424,52717,717346080,0,0,0
SM206,20220218,20220218,135323000,13:53:23,8282,17424,52717,717346080,0,0,0
SM206,20220218,20220218,135327500,13:53:28,8282,17424,52717,717346080,0,0,0
SM206,20220218,20220218,135333500,13:53:33,8282,17424,52717,717346080,0,0,0
SM206,20220218,20220218,135334000,13:53:35,8282,17424,52717,717346080,0,0,0
SM206,20220218,20220218,135335000,13:53:36,8282,17424,52717,717346080,0,0,0
SM206,20220218,20220218,135335500,13:53:36,8282,17424,52717,717346080,0,0,0
SM206,20220218,20220218,135336000,13:53:44,8278,17465,52727,719034050,41,10,1687970
SM206,20220218,20220218,135336500,13:53:44,8278,17465,52727,719034050,0,0,0
SM206,20220218,20220218,135344000,13:53:45,8278,17465,52727,719034050,0,0,0
SM206,20220218,20220218,135344500,13:53:45,8278,17465,52727,719034050,0,0,0
SM206,20220218,20220218,135345500,13:53:46,8278,17465,52727,719034050,0,0,0
SM206,20220218,20220218,135346000,13:53:47,8278,17465,52727,719034050,0,0,0
SM206,20220218,20220218,135346500,13:53:47,8278,17465,52727,719034050,0,0,0
SM206,20220218,20220218,135348500,13:53:49,8278,17465,52727,719034050,0,0,0
SM206,20220218,20220218,135349500,13:53:50,8278,17465,52727,719034050,0,0,0
SM206,20220218,20220218,135350500,13:53:52,8278,17465,52727,719034050,0,0,0
SM206,20220218,20220218,135351500,13:53:53,8278,17465,52727,719034050,0,0,0
SM206,20220218,20220218,135352000,13:53:53,8274,17467,52729,719116390,2,2,82340
SM206,20220218,20220218,135352500,13:53:53,8274,17467,52729,719116390,0,0,0
SM206,20220218,20220218,135406500,13:54:09,8274,17467,52729,719116390,0,0,0
SM206,20220218,20220218,135408000,13:54:09,8274,17467,52729,719116390,0,0,0
SM206,20220218,20220218,135411500,13:54:12,8274,17467,52729,719116390,0,0,0
SM206,20220218,20220218,135412000,13:54:12,8274,17467,52729,719116390,0,0,0
SM206,20220218,20220218,135412500,13:54:13,8274,17467,52729,719116390,0,0,0
SM206,20220218,20220218,135413000,13:54:13,8274,17467,52729,719116390,0,0,0
SM206,20220218,20220218,135422500,13:54:22,8272,17470,52729,719239900,3,0,123510
SM206,20220218,20220218,135423000,13:54:23,8272,17470,52729,719239900,0,0,0
SM206,20220218,20220218,135423500,13:54:23,8272,17470,52729,719239900,0,0,0
SM206,20220218,20220218,135424000,13:54:24,8272,17470,52729,719239900,0,0,0
SM206,20220218,20220218,135425000,13:54:25,8272,17470,52729,719239900,0,0,0
SM206,20220218,20220218,135425500,13:54:26,8272,17470,52729,719239900,0,0,0
SM206,20220218,20220218,135436000,13:54:36,8274,17471,52728,719281070,1,-1,41170
SM206,20220218,20220218,135436500,13:54:36,8274,17471,52728,719281070,0,0,0
SM206,20220218,20220218,135437000,13:54:37,8274,17471,52728,719281070,0,0,0
SM206,20220218,20220218,135438000,13:54:38,8276,17491,52728,720104470,20,0,823400
SM206,20220218,20220218,135438500,13:54:39,8276,17494,52731,720227980,3,3,123510
SM206,20220218,20220218,135439000,13:54:39,8276,17501,52738,720516170,7,7,288190
SM206,20220218,20220218,135439500,13:54:40,8276,17502,52738,720557340,1,0,41170
SM206,20220218,20220218,135440500,13:54:41,8276,17502,52738,720557340,0,0,0
SM206,20220218,20220218,135444500,13:54:44,8276,17503,52739,720598510,1,1,41170
SM206,20220218,20220218,135445000,13:54:45,8276,17503,52739,720598510,0,0,0
SM206,20220218,20220218,135445500,13:54:45,8276,17503,52739,720598510,0,0,0
SM206,20220218,20220218,135452500,13:54:52,8276,17503,52739,720598510,0,0,0
SM206,20220218,20220218,135454500,13:54:55,8276,17503,52739,720598510,0,0,0
SM206,20220218,20220218,135455500,13:54:55,8276,17503,52739,720598510,0,0,0
SM206,20220218,20220218,135459500,13:55:00,8276,17503,52739,720598510,0,0,0
SM206,20220218,20220218,135500000,13:55:00,8276,17503,52739,720598510,0,0,0
SM206,20220218,20220218,135500500,13:55:00,8276,17503,52739,720598510,0,0,0
SM206,20220218,20220218,135501000,13:55:01,8276,17503,52739,720598510,0,0,0
SM206,20220218,20220218,135506000,13:55:06,8276,17503,52739,720598510,0,0,0
SM206,20220218,20220218,135506500,13:55:06,8276,17503,52739,720598510,0,0,0
SM206,20220218,20220218,135510500,13:55:12,8276,17503,52739,720598510,0,0,0
SM206,20220218,20220218,135512000,13:55:12,8276,17503,52739,720598510,0,0,0
SM206,20220218,20220218,135513000,13:55:14,8276,17503,52739,720598510,0,0,0
SM206,20220218,20220218,135513500,13:55:15,8278,17519,52741,721257230,16,2,658720
SM206,20220218,20220218,135515000,13:55:15,8278,17519,52741,721257230,0,0,0
SM206,20220218,20220218,135515500,13:55:16,8278,17519,52741,721257230,0,0,0
SM206,20220218,20220218,135518000,13:55:24,8278,17519,52741,721257230,0,0,0
SM206,20220218,20220218,135518500,13:55:25,8278,17519,52741,721257230,0,0,0
SM206,20220218,20220218,135520500,13:55:25,8278,17519,52741,721257230,0,0,0
SM206,20220218,20220218,135523000,13:55:25,8278,17519,52741,721257230,0,0,0
SM206,20220218,20220218,135525000,13:55:26,8278,17519,52741,721257230,0,0,0
SM206,20220218,20220218,135530000,13:55:30,8278,17519,52741,721257230,0,0,0
SM206,20220218,20220218,135536000,13:55:36,8278,17519,52741,721257230,0,0,0
SM206,20220218,20220218,135540500,13:55:41,8278,17519,52741,721257230,0,0,0
SM206,20220218,20220218,135545000,13:55:45,8278,17519,52741,721257230,0,0,0
SM206,20220218,20220218,135546500,13:55:47,8278,17519,52741,721257230,0,0,0
SM206,20220218,20220218,135550500,13:55:50,8278,17519,52741,721257230,0,0,0
SM206,20220218,20220218,135552000,13:55:52,8278,17519,52741,721257230,0,0,0
SM206,20220218,20220218,135552500,13:55:52,8278,17519,52741,721257230,0,0,0
SM206,20220218,20220218,135554000,13:55:54,8278,17519,52741,721257230,0,0,0
SM206,20220218,20220218,135554500,13:55:54,8278,17519,52741,721257230,0,0,0
SM206,20220218,20220218,135555000,13:55:55,8278,17519,52741,721257230,0,0,0
SM206,20220218,20220218,135556500,13:55:58,8278,17519,52741,721257230,0,0,0
SM206,20220218,20220218,135559000,13:55:59,8274,17530,52752,721710100,11,11,452870
SM206,20220218,20220218,135600500,13:56:02,8274,17531,52753,721751270,1,1,41170
SM206,20220218,20220218,135601000,13:56:03,8274,17531,52753,721751270,0,0,0
SM206,20220218,20220218,135602000,13:56:05,8274,17531,52753,721751270,0,0,0
SM206,20220218,20220218,135606500,13:56:23,8274,17531,52753,721751270,0,0,0
SM206,20220218,20220218,135637000,13:56:39,8274,17531,52753,721751270,0,0,0
SM206,20220218,20220218,135637500,13:56:39,8276,17537,52752,721998290,6,-1,247020
SM206,20220218,20220218,135638000,13:56:39,8276,17537,52752,721998290,0,0,0
SM206,20220218,20220218,135638500,13:56:39,8278,17539,52752,722080630,2,0,82340
SM206,20220218,20220218,135640500,13:56:41,8278,17539,52752,722080630,0,0,0
SM206,20220218,20220218,135641000,13:56:41,8278,17539,52752,722080630,0,0,0
SM206,20220218,20220218,135644500,13:56:47,8278,17539,52752,722080630,0,0,0
SM206,20220218,20220218,135648500,13:56:50,8278,17539,52752,722080630,0,0,0
SM206,20220218,20220218,135649000,13:56:50,8278,17539,52752,722080630,0,0,0
SM206,20220218,20220218,135649500,13:56:50,8278,17539,52752,722080630,0,0,0
SM206,20220218,20220218,135654000,13:56:54,8274,17543,52752,722245310,4,0,164680
SM206,20220218,20220218,135654500,13:56:55,8274,17543,52752,722245310,0,0,0
SM206,20220218,20220218,135657000,13:56:57,8274,17543,52752,722245310,0,0,0
SM206,20220218,20220218,135700500,13:57:01,8274,17543,52752,722245310,0,0,0
SM206,20220218,20220218,135701000,13:57:02,8274,17543,52752,722245310,0,0,0
SM206,20220218,20220218,135701500,13:57:02,8274,17543,52752,722245310,0,0,0
SM206,20220218,20220218,135702000,13:57:02,8276,17555,52751,722739350,12,-1,494040
SM206,20220218,20220218,135702500,13:57:03,8274,17582,52768,723850940,27,17,1111590
SM206,20220218,20220218,135703000,13:57:03,8274,17584,52767,723933280,2,-1,82340
SM206,20220218,20220218,135703500,13:57:04,8274,17584,52767,723933280,0,0,0
SM206,20220218,20220218,135704000,13:57:04,8274,17584,52767,723933280,0,0,0
SM206,20220218,20220218,135704500,13:57:04,8274,17584,52767,723933280,0,0,0
SM206,20220218,20220218,135705000,13:57:05,8274,17584,52767,723933280,0,0,0
