SM205,20220218,20220218,112003000,11:20:03,8300,89153,142529,3667754420,89153,142529,3667754420
SM205,20220218,20220218,112004500,11:20:09,8296,89238,142543,3671251320,85,14,3496900
SM205,20220218,20220218,112005000,11:20:10,8296,89238,142543,3671251320,0,0,0
SM205,20220218,20220218,112006000,11:20:10,8296,89238,142543,3671251320,0,0,0
SM205,20220218,20220218,112006500,11:20:10,8298,89250,142553,3671745000,12,10,493680
SM205,20220218,20220218,112007000,11:20:10,8300,89259,142562,3672115260,9,9,370260
SM205,20220218,20220218,112007500,11:20:10,8298,89279,142578,3672938060,20,16,822800
SM205,20220218,20220218,112008000,11:20:10,8302,89283,142582,3673102620,4,4,164560
SM205,20220218,20220218,112009000,11:20:10,8302,89283,142582,3673102620,0,0,0
SM205,20220218,20220218,112009500,11:20:10,8302,89283,142582,3673102620,0,0,0
SM205,20220218,20220218,112010500,11:20:10,8302,89285,142582,3673184900,2,0,82280
SM205,20220218,20220218,112011000,11:20:11,8302,89285,142582,3673184900,0,0,0
SM205,20220218,20220218,112011500,11:20:12,8298,89286,142583,3673226040,1,1,41140
SM205,20220218,20220218,112012000,11:20:12,8298,89286,142583,3673226040,0,0,0
SM205,20220218,20220218,112012500,11:20:12,8300,89287,142584,3673267180,1,1,41140
SM205,20220218,20220218,112013000,11:20:13,8302,89343,142552,3675571020,56,-32,2303840
SM205,20220218,20220218,112013500,11:20:13,8302,89343,142552,3675571020,0,0,0
SM205,20220218,20220218,112014000,11:20:14,8302,89343,142552,3675571020,0,0,0
SM205,20220218,20220218,112015000,11:20:15,8302,89345,142553,3675653300,2,1,82280
SM205,20220218,20220218,112015500,11:20:16,8302,89417,142521,3678615380,72,-32,2962080
SM205,20220218,20220218,112016000,11:20:16,8302,89420,142521,3678738800,3,0,123420
SM205,20220218,20220218,112016500,11:20:16,8300,89425,142518,3678944500,5,-3,205700
SM205,20220218,20220218,112017000,11:20:17,8300,89425,142518,3678944500,0,0,0
SM205,20220218,20220218,112017500,11:20:17,8302,89427,142519,3679026780,2,1,82280
SM205,20220218,20220218,112018000,11:20:18,8302,89427,142519,3679026780,0,0,0
SM205,20220218,20220218,112018500,11:20:18,8300,89428,142520,3679067920,1,1,41140
SM205,20220218,20220218,112019000,11:20:19,8298,89433,142520,3679273620,5,0,205700
SM205,20220218,20220218,112019500,11:20:20,8298,89433,142520,3679273620,0,0,0
SM205,20220218,20220218,112020000,11:20:20,8298,89443,142530,3679685020,10,10,411400
SM205,20220218,20220218,112020500,11:20:20,8298,89444,142531,3679726160,1,1,41140
SM205,20220218,20220218,112021500,11:20:21,8298,89444,142531,3679726160,0,0,0
SM205,20220218,20220218,112022000,11:20:22,8298,89446,142533,3679808440,2,2,82280
SM205,20220218,20220218,112023500,11:20:23,8298,89451,142538,3680014140,5,5,205700
SM205,20220218,20220218,112026000,11:20:26,8298,89452,142539,3680055280,1,1,41140
SM205,20220218,20220218,112026500,11:20:26,8296,89453,142539,3680096420,1,0,41140
SM205,20220218,20220218,112027500,11:20:28,8296,89453,142539,3680096420,0,0,0
SM205,20220218,20220218,112028500,11:20:28,8298,89457,142543,3680260980,4,4,164560
SM205,20220218,20220218,112029000,11:20:29,8298,89473,142559,3680919220,16,16,658240
SM205,20220218,20220218,112029500,11:20:30,8298,89485,142567,3681412900,12,8,493680
SM205,20220218,20220218,112030000,11:20:31,8296,89496,142577,3681865440,11,10,452540
SM205,20220218,20220218,112030500,11:20:31,8298,89512,142586,3682523680,16,9,658240
SM205,20220218,20220218,112031000,11:20:32,8298,89517,142586,3682729380,5,0,205700
SM205,20220218,20220218,112032000,11:20:32,8298,89519,142587,3682811660,2,1,82280
SM205,20220218,20220218,112032500,11:20:32,8298,89520,142588,3682852800,1,1,41140
SM205,20220218,20220218,112033000,11:20:33,8298,89521,142588,3682893940,1,0,41140
SM205,20220218,20220218,112033500,11:20:33,8298,89521,142588,3682893940,0,0,0
SM205,20220218,20220218,112034000,11:20:34,8298,89524,142587,3683017360,3,-1,123420
SM205,20220218,20220218,112034500,11:20:34,8298,89524,142587,3683017360,0,0,0
SM205,20220218,20220218,112036500,11:20:37,8300,89527,142587,3683140780,3,0,123420
SM205,20220218,20220218,112037000,11:20:37,8298,89528,142586,3683181920,1,-1,41140
SM205,20220218,20220218,112038000,11:20:38,8298,89528,142586,3683181920,0,0,0
SM205,20220218,20220218,112039000,11:20:39,8298,89528,142586,3683181920,0,0,0
SM205,20220218,20220218,112039500,11:20:40,8302,89599,142563,3686102860,71,-23,2920940
SM205,20220218,20220218,112041500,11:20:41,8300,89604,142563,3686308560,5,0,205700
SM205,20220218,20220218,112042000,11:20:42,8302,89605,142563,3686349700,1,0,41140
SM205,20220218,20220218,112042500,11:20:42,8302,89605,142563,3686349700,0,0,0
SM205,20220218,20220218,112043000,11:20:43,8302,89606,142563,3686390840,1,0,41140
SM205,20220218,20220218,112044500,11:20:45,8300,89607,142563,3686431980,1,0,41140
SM205,20220218,20220218,112045000,11:20:45,8300,89617,142553,3686843380,10,-10,411400
SM205,20220218,20220218,112045500,11:20:46,8300,89618,142554,3686884520,1,1,41140
SM205,20220218,20220218,112046000,11:20:46,8300,89619,142555,3686925660,1,1,41140
SM205,20220218,20220218,112046500,11:20:46,8302,89622,142552,3687049080,3,-3,123420
SM205,20220218,20220218,112047000,11:20:47,8300,89643,142551,3687913020,21,-1,863940
SM205,20220218,20220218,112047500,11:20:48,8300,89645,142549,3687995300,2,-2,82280
SM205,20220218,20220218,112050500,11:20:50,8300,89652,142544,3688283280,7,-5,287980
SM205,20220218,20220218,112051000,11:20:51,8300,89652,142544,3688283280,0,0,0
SM205,20220218,20220218,112051500,11:20:51,8302,89656,142544,3688447840,4,0,164560
SM205,20220218,20220218,112052000,11:20:53,8298,89666,142544,3688859240,10,0,411400
SM205,20220218,20220218,112052500,11:20:53,8302,89667,142544,3688900380,1,0,41140
SM205,20220218,20220218,112053000,11:20:53,8302,89667,142544,3688900380,0,0,0
SM205,20220218,20220218,112054500,11:20:55,8302,89672,142545,3689106080,5,1,205700
SM205,20220218,20220218,112055000,11:20:55,8300,89675,142547,3689229500,3,2,123420
SM205,20220218,20220218,112056000,11:20:56,8302,89676,142547,3689270640,1,0,41140
SM205,20220218,20220218,112056500,11:20:56,8302,89696,142552,3690093440,20,5,822800
SM205,20220218,20220218,112057000,11:20:58,8304,89703,142555,3690381420,7,3,287980
SM205,20220218,20220218,112057500,11:20:58,8304,89712,142554,3690751680,9,-1,370260
SM205,20220218,20220218,112058000,11:20:58,8302,89715,142556,3690875100,3,2,123420
SM205,20220218,20220218,112058500,11:20:59,8302,89715,142556,3690875100,0,0,0
SM205,20220218,20220218,112059000,11:20:59,8304,89718,142557,3690998520,3,1,123420
SM205,20220218,20220218,112059500,11:21:00,8304,89719,142558,3691039660,1,1,41140
SM205,20220218,20220218,112100000,11:21:00,8304,89721,142558,3691121940,2,0,82280
SM205,20220218,20220218,112100500,11:21:01,8306,89736,142570,3691739040,15,12,617100
SM205,20220218,20220218,112101000,11:21:01,8304,89794,142578,3694125160,58,8,2386120
SM205,20220218,20220218,112101500,11:21:02,8304,89795,142578,3694166300,1,0,41140
SM205,20220218,20220218,112102000,11:21:02,8304,89795,142578,3694166300,0,0,0
SM205,20220218,20220218,112102500,11:21:03,8304,89795,142578,3694166300,0,0,0
SM205,20220218,20220218,112103000,11:21:03,8300,89800,142579,3694372000,5,1,205700
SM205,20220218,20220218,112103500,11:21:04,8302,89805,142579,3694577700,5,0,205700
SM205,20220218,20220218,112104000,11:21:04,8302,89805,142579,3694577700,0,0,0
SM205,20220218,20220218,112104500,11:21:05,8302,89811,142579,3694824540,6,0,246840
SM205,20220218,20220218,112105000,11:21:05,8302,89812,142580,3694865680,1,1,41140
SM205,20220218,20220218,112105500,11:21:06,8306,89887,142596,3697951180,75,16,3085500
SM205,20220218,20220218,112106000,11:21:07,8306,89906,142595,3698732840,19,-1,781660
SM205,20220218,20220218,112107000,11:21:10,8306,89910,142595,3698897400,4,0,164560
SM205,20220218,20220218,112107500,11:21:10,8306,89912,142595,3698979680,2,0,82280
SM205,20220218,20220218,112108000,11:21:10,8306,89913,142595,3699020820,1,0,41140
SM205,20220218,20220218,112108500,11:21:10,8306,89918,142595,3699226520,5,0,205700
SM205,20220218,20220218,112110000,11:21:10,8306,89927,142587,3699596780,9,-8,370260
SM205,20220218,20220218,112111000,11:21:11,8304,89928,142587,3699637920,1,0,41140
SM205,20220218,20220218,112112500,11:21:13,8304,90077,142504,3705767780,149,-83,6129860
SM205,20220218,20220218,112113000,11:21:13,8302,90083,142504,3706014620,6,0,246840
SM205,20220218,20220218,112113500,11:21:13,8302,90087,142505,3706179180,4,1,164560
SM205,20220218,20220218,112114000,11:21:14,8302,90087,142505,3706179180,0,0,0
SM205,20220218,20220218,112114500,11:21:14,8302,90087,142505,3706179180,0,0,0
SM205,20220218,20220218,112115000,11:21:15,8302,90087,142505,3706179180,0,0,0
SM205,20220218,20220218,112116500,11:21:17,8304,90100,142508,3706714000,13,3,534820
SM205,20220218,20220218,112117000,11:21:17,8304,90114,142514,3707289960,14,6,575960
SM205,20220218,20220218,112117500,11:21:18,8304,90115,142515,3707331100,1,1,41140
SM205,20220218,20220218,112118000,11:21:18,8304,90120,142520,3707536800,5,5,205700
SM205,20220218,20220218,112119500,11:21:19,8304,90121,142521,3707577940,1,1,41140
SM205,20220218,20220218,112120000,11:21:20,8304,90123,142523,3707660220,2,2,82280
SM205,20220218,20220218,112121000,11:21:22,8304,90124,142524,3707701360,1,1,41140
SM205,20220218,20220218,112123000,11:21:23,8304,90124,142524,3707701360,0,0,0
SM205,20220218,20220218,112124000,11:21:24,8304,90127,142527,3707824780,3,3,123420
SM205,20220218,20220218,112125000,11:22:29,8304,90131,142531,3707989340,4,4,164560
SM205,20220218,20220218,112125500,11:23:32,8304,90131,142531,3707989340,0,0,0
SM205,20220218,20220218,112126000,11:23:33,8304,90131,142531,3707989340,0,0,0
SM205,20220218,20220218,112332500,11:23:33,8304,90131,142531,3707989340,0,0,0
SM205,20220218,20220218,112334500,11:23:34,8292,90753,142515,3734485950,622,-16,26496610
SM205,20220218,20220218,112335000,11:23:35,8292,90753,142515,3734485950,0,0,0
SM205,20220218,20220218,112335500,11:23:35,8294,90755,142515,3734568250,2,0,82300
SM205,20220218,20220218,112336000,11:23:36,8294,90756,142515,3734609400,1,0,41150
SM205,20220218,20220218,112336500,11:23:38,8296,90758,142515,3734691700,2,0,82300
SM205,20220218,20220218,112337000,11:23:38,8292,90767,142515,3735062050,9,0,370350
SM205,20220218,20220218,112337500,11:23:38,8292,90769,142515,3735144350,2,0,82300
SM205,20220218,20220218,112338000,11:23:38,8292,90769,142515,3735144350,0,0,0
SM205,20220218,20220218,112338500,11:23:38,8292,90769,142515,3735144350,0,0,0
SM205,20220218,20220218,112339000,11:23:39,8294,90770,142515,3735185500,1,0,41150
SM205,20220218,20220218,112339500,11:23:39,8290,90788,142509,3735926200,18,-6,740700
SM205,20220218,20220218,112340000,11:23:40,8286,90822,142537,3737325300,34,28,1399100
SM205,20220218,20220218,112340500,11:23:40,8286,90826,142536,3737489900,4,-1,164600
SM205,20220218,20220218,112341000,11:23:41,8286,90827,142537,3737531050,1,1,41150
SM205,20220218,20220218,112341500,11:23:42,8286,90828,142537,3737572200,1,0,41150
SM205,20220218,20220218,112342000,11:23:42,8290,90829,142536,3737613350,1,-1,41150
SM205,20220218,20220218,112342500,11:23:42,8290,90829,142536,3737613350,0,0,0
SM205,20220218,20220218,112343000,11:23:43,8288,90831,142536,3737695650,2,0,82300
SM205,20220218,20220218,112343500,11:23:43,8288,90831,142536,3737695650,0,0,0
SM205,20220218,20220218,112344000,11:23:48,8288,90832,142536,3737736800,1,0,41150
SM205,20220218,20220218,112345000,11:23:48,8288,90832,142536,3737736800,0,0,0
SM205,20220218,20220218,112345500,11:23:48,8290,90835,142536,3737860250,3,0,123450
SM205,20220218,20220218,112348000,11:23:48,8288,90840,142536,3738066000,5,0,205750
SM205,20220218,20220218,112348500,11:23:49,8290,90850,142526,3738477500,10,-10,411500
SM205,20220218,20220218,112349000,11:23:49,8288,90851,142527,3738518650,1,1,41150
SM205,20220218,20220218,112349500,11:23:50,8288,90853,142526,3738600950,2,-1,82300
SM205,20220218,20220218,112350000,11:23:50,8288,90853,142526,3738600950,0,0,0
SM205,20220218,20220218,112350500,11:23:50,8290,90864,142525,3739053600,11,-1,452650
SM205,20220218,20220218,112351000,11:23:51,8290,90889,142503,3740082350,25,-22,1028750
SM205,20220218,20220218,112351500,11:23:51,8290,90923,142489,3741481450,34,-14,1399100
SM205,20220218,20220218,112352000,11:23:52,8290,90945,142480,3742386750,22,-9,905300
SM205,20220218,20220218,112352500,11:23:52,8290,90947,142480,3742469050,2,0,82300
SM205,20220218,20220218,112353000,11:23:53,8290,90952,142478,3742674800,5,-2,205750
SM205,20220218,20220218,112353500,11:23:53,8290,90954,142477,3742757100,2,-1,82300
SM205,20220218,20220218,112354000,11:23:54,8290,90954,142477,3742757100,0,0,0
SM205,20220218,20220218,112354500,11:23:55,8290,90958,142476,3742921700,4,-1,164600
SM205,20220218,20220218,112355000,11:23:55,8288,90967,142475,3743292050,9,-1,370350
SM205,20220218,20220218,112355500,11:23:55,8288,90968,142475,3743333200,1,0,41150
SM205,20220218,20220218,112356000,11:23:56,8288,90969,142474,3743374350,1,-1,41150
SM205,20220218,20220218,112357500,11:23:57,8286,90972,142476,3743497800,3,2,123450
SM205,20220218,20220218,112358000,11:23:58,8286,90972,142476,3743497800,0,0,0
SM205,20220218,20220218,112358500,11:23:58,8292,90994,142478,3744403100,22,2,905300
SM205,20220218,20220218,112359000,11:23:59,8294,90996,142478,3744485400,2,0,82300
SM205,20220218,20220218,112400000,11:24:00,8296,91000,142477,3744650000,4,-1,164600
SM205,20220218,20220218,112400500,11:24:00,8294,91002,142476,3744732300,2,-1,82300
SM205,20220218,20220218,112401000,11:24:01,8300,91016,142490,3745308400,14,14,576100
SM205,20220218,20220218,112401500,11:24:01,8298,91020,142490,3745473000,4,0,164600
SM205,20220218,20220218,112402000,11:24:02,8298,91021,142489,3745514150,1,-1,41150
SM205,20220218,20220218,112402500,11:24:02,8294,91022,142490,3745555300,1,1,41150
SM205,20220218,20220218,112403000,11:24:03,8294,91024,142490,3745637600,2,0,82300
SM205,20220218,20220218,112403500,11:24:04,8298,91025,142489,3745678750,1,-1,41150
SM205,20220218,20220218,112404000,11:24:04,8298,91035,142490,3746090250,10,1,411500
SM205,20220218,20220218,112404500,11:24:04,8298,91041,142490,3746337150,6,0,246900
SM205,20220218,20220218,112405000,11:24:05,8300,91042,142491,3746378300,1,1,41150
SM205,20220218,20220218,112405500,11:24:05,8300,91042,142491,3746378300,0,0,0
SM205,20220218,20220218,112406500,11:24:06,8296,91043,142491,3746419450,1,0,41150
SM205,20220218,20220218,112407000,11:24:07,8296,91043,142491,3746419450,0,0,0
SM205,20220218,20220218,112407500,11:24:08,8296,91043,142491,3746419450,0,0,0
SM205,20220218,20220218,112408000,11:24:08,8296,91043,142491,3746419450,0,0,0
SM205,20220218,20220218,112408500,11:24:08,8296,91043,142491,3746419450,0,0,0
SM205,20220218,20220218,112409000,11:24:11,8296,91043,142491,3746419450,0,0,0
SM205,20220218,20220218,112410500,11:24:12,8296,91043,142491,3746419450,0,0,0
SM205,20220218,20220218,112411500,11:24:12,8298,91045,142490,3746501750,2,-1,82300
SM205,20220218,20220218,112412000,11:24:12,8298,91048,142491,3746625200,3,1,123450
SM205,20220218,20220218,112412500,11:24:13,8298,91049,142491,3746666350,1,0,41150
SM205,20220218,20220218,112413000,11:24:13,8298,91050,142491,3746707500,1,0,41150
SM205,20220218,20220218,112415000,11:24:15,8300,91051,142491,3746748650,1,0,41150
SM205,20220218,20220218,112416500,11:24:17,8300,91051,142491,3746748650,0,0,0
SM205,20220218,20220218,112417000,11:24:17,8298,91054,142491,3746872100,3,0,123450
SM205,20220218,20220218,112417500,11:24:18,8298,91055,142491,3746913250,1,0,41150
SM205,20220218,20220218,112418000,11:24:18,8296,91085,142491,3748147750,30,0,1234500
SM205,20220218,20220218,112418500,11:24:19,8294,91089,142494,3748312350,4,3,164600
SM205,20220218,20220218,112419000,11:24:19,8294,91089,142494,3748312350,0,0,0
SM205,20220218,20220218,112419500,11:24:19,8294,91091,142495,3748394650,2,1,82300
SM205,20220218,20220218,112420000,11:24:20,8294,91093,142497,3748476950,2,2,82300
SM205,20220218,20220218,112420500,11:24:20,8294,91093,142497,3748476950,0,0,0
SM205,20220218,20220218,112421000,11:24:21,8296,91094,142496,3748518100,1,-1,41150
SM205,20220218,20220218,112421500,11:24:22,8294,91095,142496,3748559250,1,0,41150
SM205,20220218,20220218,112422000,11:24:22,8294,91095,142496,3748559250,0,0,0
SM205,20220218,20220218,112423000,11:24:23,8296,91096,142495,3748600400,1,-1,41150
SM205,20220218,20220218,112423500,11:24:24,8294,91097,142495,3748641550,1,0,41150
SM205,20220218,20220218,112425000,11:24:25,8294,91098,142495,3748682700,1,0,41150
SM205,20220218,20220218,112426000,11:24:26,8294,91106,142496,3749011900,8,1,329200
SM205,20220218,20220218,112427500,11:24:28,8294,91108,142496,3749094200,2,0,82300
SM205,20220218,20220218,112428000,11:24:28,8294,91109,142496,3749135350,1,0,41150
SM205,20220218,20220218,112429000,11:24:29,8294,91109,142496,3749135350,0,0,0
SM205,20220218,20220218,112429500,11:24:29,8296,91131,142494,3750040650,22,-2,905300
SM205,20220218,20220218,112430000,11:24:30,8296,91145,142497,3750616750,14,3,576100
SM205,20220218,20220218,112432000,11:24:32,8298,91147,142495,3750699050,2,-2,82300
SM205,20220218,20220218,112432500,11:24:32,8300,91148,142495,3750740200,1,0,41150
SM205,20220218,20220218,112433000,11:24:33,8298,91149,142494,3750781350,1,-1,41150
SM205,20220218,20220218,112434000,11:24:34,8298,91149,142494,3750781350,0,0,0
SM205,20220218,20220218,112436000,11:24:36,8298,91149,142494,3750781350,0,0,0
SM205,20220218,20220218,112438000,11:24:39,8298,91151,142492,3750863650,2,-2,82300
SM205,20220218,20220218,112439000,11:24:40,8298,91154,142494,3750987100,3,2,123450
SM205,20220218,20220218,112440000,11:24:40,8300,91155,142494,3751028250,1,0,41150
SM205,20220218,20220218,112440500,11:24:40,8300,91155,142494,3751028250,0,0,0
SM205,20220218,20220218,112441500,11:24:41,8300,91155,142494,3751028250,0,0,0
SM205,20220218,20220218,112442500,11:24:42,8300,91157,142494,3751110550,2,0,82300
SM205,20220218,20220218,112445500,11:24:45,8298,91158,142494,3751151700,1,0,41150
SM205,20220218,20220218,112446000,11:24:46,8298,91158,142494,3751151700,0,0,0
SM205,20220218,20220218,112446500,11:24:46,8298,91158,142494,3751151700,0,0,0
SM205,20220218,20220218,112448500,11:24:48,8298,91178,142513,3751974700,20,19,823000
SM205,20220218,20220218,112449000,11:24:49,8298,91182,142516,3752139300,4,3,164600
SM205,20220218,20220218,112449500,11:24:49,8298,91184,142517,3752221600,2,1,82300
SM205,20220218,20220218,112450000,11:24:50,8298,91184,142517,3752221600,0,0,0
SM205,20220218,20220218,112450500,11:24:50,8298,91187,142520,3752345050,3,3,123450
SM205,20220218,20220218,112451000,11:24:51,8300,91205,142532,3753085750,18,12,740700
SM205,20220218,20220218,112451500,11:24:52,8300,91206,142532,3753126900,1,0,41150
SM205,20220218,20220218,112452000,11:24:52,8300,91208,142532,3753209200,2,0,82300
SM205,20220218,20220218,112452500,11:24:52,8298,91210,142533,3753291500,2,1,82300
SM205,20220218,20220218,112453000,11:24:53,8300,91212,142534,3753373800,2,1,82300
SM205,20220218,20220218,112453500,11:24:53,8300,91213,142534,3753414950,1,0,41150
SM205,20220218,20220218,112454000,11:24:54,8300,91216,142536,3753538400,3,2,123450
SM205,20220218,20220218,112454500,11:24:54,8300,91217,142537,3753579550,1,1,41150
SM205,20220218,20220218,112455000,11:24:55,8300,91217,142537,3753579550,0,0,0
SM205,20220218,20220218,112458000,11:24:58,8300,91218,142537,3753620700,1,0,41150
SM205,20220218,20220218,112458500,11:24:58,8300,91218,142537,3753620700,0,0,0
SM205,20220218,20220218,112459000,11:24:59,8300,91218,142537,3753620700,0,0,0
SM205,20220218,20220218,112459500,11:24:59,8300,91218,142537,3753620700,0,0,0
SM205,20220218,20220218,112500000,11:25:00,8300,91218,142537,3753620700,0,0,0
SM205,20220218,20220218,112501000,11:25:02,8304,91233,142547,3754237950,15,10,617250
SM205,20220218,20220218,112501500,11:25:03,8304,91233,142547,3754237950,0,0,0
SM205,20220218,20220218,112502000,11:25:05,8304,91233,142547,3754237950,0,0,0
SM205,20220218,20220218,112504500,11:25:06,8304,91245,142549,3754731750,12,2,493800
SM205,20220218,20220218,112506000,11:25:07,8304,91245,142549,3754731750,0,0,0
SM205,20220218,20220218,112506500,11:25:07,8304,91245,142549,3754731750,0,0,0
SM205,20220218,20220218,112507000,11:25:07,8302,91246,142548,3754772900,1,-1,41150
SM205,20220218,20220218,112508000,11:25:08,8302,91247,142547,3754814050,1,-1,41150
SM205,20220218,20220218,112508500,11:25:08,8302,91249,142547,3754896350,2,0,82300
SM205,20220218,20220218,112509500,11:25:09,8304,91251,142547,3754978650,2,0,82300
SM205,20220218,20220218,112513000,11:25:13,8304,91251,142547,3754978650,0,0,0
SM205,20220218,20220218,112513500,11:25:15,8304,91251,142547,3754978650,0,0,0
SM205,20220218,20220218,112514000,11:25:15,8304,91252,142548,3755019800,1,1,41150
SM205,20220218,20220218,112514500,11:25:15,8300,91256,142551,3755184400,4,3,164600
SM205,20220218,20220218,112515000,11:25:16,8302,91261,142556,3755390150,5,5,205750
SM205,20220218,20220218,112515500,11:25:16,8302,91262,142557,3755431300,1,1,41150
SM205,20220218,20220218,112516000,11:25:16,8302,91269,142558,3755719350,7,1,288050
SM205,20220218,20220218,112516500,11:25:16,8304,91271,142560,3755801650,2,2,82300
SM205,20220218,20220218,112517000,11:25:17,8304,91271,142560,3755801650,0,0,0
SM205,20220218,20220218,112517500,11:25:18,8304,91274,142563,3755925100,3,3,123450
SM205,20220218,20220218,112518000,11:25:18,8304,91276,142565,3756007400,2,2,82300
SM205,20220218,20220218,112518500,11:25:19,8304,91277,142565,3756048550,1,0,41150
SM205,20220218,20220218,112519000,11:25:19,8306,91283,142564,3756295450,6,-1,246900
SM205,20220218,20220218,112519500,11:25:19,8306,91285,142564,3756377750,2,0,82300
SM205,20220218,20220218,112520500,11:25:21,8306,91285,142564,3756377750,0,0,0
SM205,20220218,20220218,112521000,11:25:21,8306,91285,142564,3756377750,0,0,0
SM205,20220218,20220218,112521500,11:25:22,8306,91285,142564,3756377750,0,0,0
SM205,20220218,20220218,112522000,11:25:22,8306,91286,142565,3756418900,1,1,41150
SM205,20220218,20220218,112522500,11:25:22,8306,91286,142565,3756418900,0,0,0
SM205,20220218,20220218,112523000,11:25:23,8306,91287,142565,3756460050,1,0,41150
SM205,20220218,20220218,112523500,11:25:24,8306,91287,142565,3756460050,0,0,0
SM205,20220218,20220218,112524500,11:25:25,8306,91288,142566,3756501200,1,1,41150
SM205,20220218,20220218,112526000,11:25:26,8306,91288,142566,3756501200,0,0,0
SM205,20220218,20220218,112526500,11:25:27,8306,91288,142566,3756501200,0,0,0
SM205,20220218,20220218,112527000,11:25:27,8306,91289,142567,3756542350,1,1,41150
SM205,20220218,20220218,112528500,11:25:28,8304,91297,142567,3756871550,8,0,329200
SM205,20220218,20220218,112529000,11:25:29,8304,91312,142572,3757488800,15,5,617250
SM205,20220218,20220218,112529500,11:25:30,8302,91321,142578,3757859150,9,6,370350
SM205,20220218,20220218,112530000,11:25:30,8300,91323,142580,3757941450,2,2,82300
SM205,20220218,20220218,112530500,11:25:31,8298,91324,142580,3757982600,1,0,41150
SM205,20220218,20220218,112531000,11:25:31,8298,91329,142582,3758188350,5,2,205750
SM205,20220218,20220218,112531500,11:25:32,8298,91329,142582,3758188350,0,0,0
SM205,20220218,20220218,112532000,11:25:32,8298,91331,142584,3758270650,2,2,82300
SM205,20220218,20220218,112533500,11:25:33,8300,91344,142591,3758805600,13,7,534950
SM205,20220218,20220218,112534000,11:25:34,8300,91344,142591,3758805600,0,0,0
SM205,20220218,20220218,112534500,11:25:35,8300,91346,142591,3758887900,2,0,82300
SM205,20220218,20220218,112535000,11:25:36,8300,91346,142591,3758887900,0,0,0
SM205,20220218,20220218,112537500,11:25:38,8302,91348,142592,3758970200,2,1,82300
SM205,20220218,20220218,112538000,11:25:38,8302,91349,142593,3759011350,1,1,41150
SM205,20220218,20220218,112538500,11:25:39,8302,91355,142598,3759258250,6,5,246900
SM205,20220218,20220218,112539000,11:25:39,8304,91365,142598,3759669750,10,0,411500
SM205,20220218,20220218,112539500,11:25:40,8302,91366,142598,3759710900,1,0,41150
SM205,20220218,20220218,112540000,11:25:40,8302,91381,142598,3760328150,15,0,617250
SM205,20220218,20220218,112540500,11:25:40,8302,91386,142598,3760533900,5,0,205750
SM205,20220218,20220218,112541000,11:25:41,8302,91389,142598,3760657350,3,0,123450
SM205,20220218,20220218,112542000,11:25:42,8302,91394,142603,3760863100,5,5,205750
SM205,20220218,20220218,112543000,11:25:43,8304,91395,142603,3760904250,1,0,41150
SM205,20220218,20220218,112543500,11:25:43,8304,91401,142606,3761151150,6,3,246900
SM205,20220218,20220218,112544000,11:25:44,8304,91401,142606,3761151150,0,0,0
SM205,20220218,20220218,112545000,11:25:45,8300,91404,142605,3761274600,3,-1,123450
SM205,20220218,20220218,112545500,11:25:46,8300,91404,142605,3761274600,0,0,0
SM205,20220218,20220218,112546000,11:25:47,8300,91404,142605,3761274600,0,0,0
SM205,20220218,20220218,112547000,11:25:48,8302,91405,142605,3761315750,1,0,41150
SM205,20220218,20220218,112547500,11:25:48,8300,91406,142605,3761356900,1,0,41150
SM205,20220218,20220218,112550000,11:25:50,8300,91406,142605,3761356900,0,0,0
SM205,20220218,20220218,112550500,11:25:51,8300,91406,142605,3761356900,0,0,0
SM205,20220218,20220218,112552000,11:25:52,8300,91406,142605,3761356900,0,0,0
SM205,20220218,20220218,112553500,11:25:54,8300,91406,142605,3761356900,0,0,0
SM205,20220218,20220218,112554000,11:25:54,8300,91406,142605,3761356900,0,0,0
SM205,20220218,20220218,112555500,11:25:56,8300,91406,142605,3761356900,0,0,0
SM205,20220218,20220218,112557000,11:25:57,8302,91411,142609,3761562650,5,4,205750
SM205,20220218,20220218,112557500,11:25:57,8302,91412,142610,3761603800,1,1,41150
SM205,20220218,20220218,112558000,11:25:59,8302,91412,142610,3761603800,0,0,0
SM205,20220218,20220218,112558500,11:25:59,8302,91417,142610,3761809550,5,0,205750
SM205,20220218,20220218,112600500,11:26:01,8304,91418,142610,3761850700,1,0,41150
SM205,20220218,20220218,112601000,11:26:01,8304,91418,142610,3761850700,0,0,0
SM205,20220218,20220218,112604500,11:26:05,8304,91424,142604,3762097600,6,-6,246900
SM205,20220218,20220218,112605000,11:26:05,8304,91426,142604,3762179900,2,0,82300
SM205,20220218,20220218,112605500,11:26:06,8304,91426,142604,3762179900,0,0,0
SM205,20220218,20220218,112606000,11:26:06,8304,91426,142604,3762179900,0,0,0
SM205,20220218,20220218,112607000,11:26:09,8302,91427,142604,3762221050,1,0,41150
SM205,20220218,20220218,112607500,11:26:09,8304,91437,142599,3762632550,10,-5,411500
SM205,20220218,20220218,112608000,11:26:09,8304,91438,142598,3762673700,1,-1,41150
SM205,20220218,20220218,112609000,11:26:09,8304,91438,142598,3762673700,0,0,0
SM205,20220218,20220218,112609500,11:26:10,8304,91438,142598,3762673700,0,0,0
SM205,20220218,20220218,112611000,11:26:11,8300,91439,142598,3762714850,1,0,41150
SM205,20220218,20220218,112611500,11:26:13,8300,91439,142598,3762714850,0,0,0
SM205,20220218,20220218,112612000,11:26:14,8304,91440,142598,3762756000,1,0,41150
SM205,20220218,20220218,112612500,11:26:14,8304,91440,142598,3762756000,0,0,0
SM205,20220218,20220218,112614000,11:26:15,8304,91441,142598,3762797150,1,0,41150
SM205,20220218,20220218,112614500,11:26:15,8300,91442,142598,3762838300,1,0,41150
SM205,20220218,20220218,112615000,11:26:16,8304,91447,142600,3763044050,5,2,205750
SM205,20220218,20220218,112617000,11:26:17,8304,91447,142600,3763044050,0,0,0
SM205,20220218,20220218,112617500,11:26:17,8304,91448,142600,3763085200,1,0,41150
SM205,20220218,20220218,112618000,11:26:18,8300,91449,142600,3763126350,1,0,41150
SM205,20220218,20220218,112619000,11:26:19,8300,91450,142600,3763167500,1,0,41150
SM205,20220218,20220218,112619500,11:26:20,8300,91450,142600,3763167500,0,0,0
SM205,20220218,20220218,112620000,11:26:20,8300,91450,142600,3763167500,0,0,0
SM205,20220218,20220218,112620500,11:26:20,8300,91450,142600,3763167500,0,0,0
SM205,20220218,20220218,112621000,11:26:21,8302,91451,142600,3763208650,1,0,41150
SM205,20220218,20220218,112622000,11:26:22,8302,91451,142600,3763208650,0,0,0
SM205,20220218,20220218,112622500,11:26:23,8302,91451,142600,3763208650,0,0,0
SM205,20220218,20220218,112623000,11:26:23,8302,91451,142600,3763208650,0,0,0
SM205,20220218,20220218,112624500,11:26:24,8302,91451,142600,3763208650,0,0,0
SM205,20220218,20220218,112625000,11:26:25,8302,91452,142601,3763249800,1,1,41150
SM205,20220218,20220218,112625500,11:26:25,8300,91453,142601,3763290950,1,0,41150
SM205,20220218,20220218,112626500,11:26:26,8302,91455,142600,3763373250,2,-1,82300
SM205,20220218,20220218,112628000,11:26:28,8300,91459,142600,3763537850,4,0,164600
SM205,20220218,20220218,112628500,11:26:28,8302,91464,142600,3763743600,5,0,205750
SM205,20220218,20220218,112629500,11:26:30,8302,91464,142600,3763743600,0,0,0
SM205,20220218,20220218,112630000,11:26:31,8302,91464,142600,3763743600,0,0,0
SM205,20220218,20220218,112630500,11:26:31,8302,91465,142600,3763784750,1,0,41150
SM205,20220218,20220218,112631000,11:26:31,8302,91470,142603,3763990500,5,3,205750
SM205,20220218,20220218,112632000,11:26:32,8302,91475,142603,3764196250,5,0,205750
SM205,20220218,20220218,112632500,11:26:32,8302,91476,142603,3764237400,1,0,41150
SM205,20220218,20220218,112633000,11:26:33,8302,91476,142603,3764237400,0,0,0
SM205,20220218,20220218,112634000,11:26:34,8302,91479,142603,3764360850,3,0,123450
SM205,20220218,20220218,112635000,11:26:37,8302,91480,142604,3764402000,1,1,41150
SM205,20220218,20220218,112635500,11:26:38,8300,91483,142604,3764525450,3,0,123450
SM205,20220218,20220218,112637500,11:27:10,8300,91483,142604,3764525450,0,0,0
SM205,20220218,20220218,112638500,11:27:10,8300,91483,142604,3764525450,0,0,0
SM205,20220218,20220218,112653000,11:27:10,8300,91500,142611,3765225000,17,7,699550
SM205,20220218,20220218,112710000,11:27:12,8300,91500,142611,3765225000,0,0,0
SM205,20220218,20220218,112714500,11:27:15,8300,91500,142611,3765225000,0,0,0
SM205,20220218,20220218,112717000,11:27:17,8300,91573,142582,3768228950,73,-29,3003950
SM205,20220218,20220218,112717500,11:27:17,8298,91574,142583,3768270100,1,1,41150
SM205,20220218,20220218,112719500,11:27:20,8298,91575,142583,3768311250,1,0,41150
SM205,20220218,20220218,112720000,11:27:20,8298,91575,142583,3768311250,0,0,0
SM205,20220218,20220218,112721000,11:27:21,8300,91576,142583,3768352400,1,0,41150
SM205,20220218,20220218,112722000,11:27:22,8298,91577,142583,3768393550,1,0,41150
SM205,20220218,20220218,112722500,11:27:23,8298,91577,142583,3768393550,0,0,0
SM205,20220218,20220218,112723000,11:27:27,8300,91578,142583,3768434700,1,0,41150
SM205,20220218,20220218,112723500,11:27:27,8298,91580,142583,3768517000,2,0,82300
SM205,20220218,20220218,112724000,11:27:27,8298,91581,142583,3768558150,1,0,41150
SM205,20220218,20220218,112726000,11:27:27,8298,91583,142583,3768640450,2,0,82300
SM205,20220218,20220218,112727000,11:27:27,8298,91583,142583,3768640450,0,0,0
SM205,20220218,20220218,112727500,11:27:27,8298,91583,142583,3768640450,0,0,0
SM205,20220218,20220218,112730500,11:27:31,8298,91584,142584,3768681600,1,1,41150
SM205,20220218,20220218,112731500,11:27:35,8296,91595,142581,3769134250,11,-3,452650
SM205,20220218,20220218,112732000,11:27:35,8296,91595,142581,3769134250,0,0,0
SM205,20220218,20220218,112732500,11:27:36,8296,91595,142581,3769134250,0,0,0
SM205,20220218,20220218,112735000,11:27:36,8294,91600,142580,3769340000,5,-1,205750
SM205,20220218,20220218,112736000,11:27:37,8296,91601,142579,3769381150,1,-1,41150
SM205,20220218,20220218,112736500,11:27:38,8294,91604,142577,3769504600,3,-2,123450
SM205,20220218,20220218,112737000,11:27:38,8294,91623,142577,3770286450,19,0,781850
SM205,20220218,20220218,112737500,11:27:38,8294,91627,142577,3770451050,4,0,164600
SM205,20220218,20220218,112738500,11:27:39,8292,91630,142577,3770574500,3,0,123450
SM205,20220218,20220218,112739000,11:27:39,8292,91630,142577,3770574500,0,0,0
SM205,20220218,20220218,112740000,11:27:40,8292,91631,142578,3770615650,1,1,41150
SM205,20220218,20220218,112740500,11:27:40,8296,91633,142579,3770697950,2,1,82300
SM205,20220218,20220218,112741000,11:27:41,8292,91634,142579,3770739100,1,0,41150
SM205,20220218,20220218,112741500,11:27:41,8292,91634,142579,3770739100,0,0,0
SM205,20220218,20220218,112742000,11:27:42,8298,91642,142572,3771068300,8,-7,329200
SM205,20220218,20220218,112742500,11:27:43,8290,91651,142572,3771438650,9,0,370350
SM205,20220218,20220218,112743000,11:27:43,8292,91652,142572,3771479800,1,0,41150
SM205,20220218,20220218,112743500,11:27:43,8292,91652,142572,3771479800,0,0,0
SM205,20220218,20220218,112744500,11:27:45,8292,91657,142572,3771685550,5,0,205750
SM205,20220218,20220218,112745000,11:27:46,8290,91665,142568,3772014750,8,-4,329200
SM205,20220218,20220218,112745500,11:27:46,8290,91665,142568,3772014750,0,0,0
SM205,20220218,20220218,112746000,11:27:46,8290,91668,142565,3772138200,3,-3,123450
SM205,20220218,20220218,112746500,11:27:47,8290,91668,142565,3772138200,0,0,0
SM205,20220218,20220218,112749000,11:27:54,8288,91669,142565,3772179350,1,0,41150
SM205,20220218,20220218,112749500,11:27:54,8288,91670,142565,3772220500,1,0,41150
SM205,20220218,20220218,112754000,11:27:54,8292,91684,142566,3772796600,14,1,576100
SM205,20220218,20220218,112754500,11:27:55,8294,91685,142567,3772837750,1,1,41150
SM205,20220218,20220218,112756500,11:27:56,8294,91685,142567,3772837750,0,0,0
SM205,20220218,20220218,112757000,11:27:57,8296,91693,142573,3773166950,8,6,329200
SM205,20220218,20220218,112757500,11:27:57,8296,91694,142573,3773208100,1,0,41150
SM205,20220218,20220218,112758000,11:27:58,8296,91695,142574,3773249250,1,1,41150
SM205,20220218,20220218,112759000,11:27:59,8298,91697,142573,3773331550,2,-1,82300
SM205,20220218,20220218,112800000,11:28:01,8298,91705,142574,3773660750,8,1,329200
SM205,20220218,20220218,112801000,11:28:01,8298,91706,142575,3773701900,1,1,41150
SM205,20220218,20220218,112801500,11:28:02,8298,91706,142575,3773701900,0,0,0
SM205,20220218,20220218,112802000,11:28:03,8298,91709,142577,3773825350,3,2,123450
SM205,20220218,20220218,112803000,11:28:04,8300,91710,142577,3773866500,1,0,41150
SM205,20220218,20220218,112806500,11:28:10,8300,91711,142577,3773907650,1,0,41150
SM205,20220218,20220218,112807000,11:28:10,8300,91717,142572,3774154550,6,-5,246900
SM205,20220218,20220218,112807500,11:28:11,8300,91717,142572,3774154550,0,0,0
SM205,20220218,20220218,112810000,11:28:11,8300,91750,142571,3775512500,33,-1,1357950
SM205,20220218,20220218,112810500,11:28:11,8300,91750,142571,3775512500,0,0,0
SM205,20220218,20220218,112811000,11:28:12,8300,91755,142571,3775718250,5,0,205750
SM205,20220218,20220218,112811500,11:28:12,8300,91774,142571,3776500100,19,0,781850
SM205,20220218,20220218,112812500,11:28:13,8298,91780,142569,3776747000,6,-2,246900
SM205,20220218,20220218,112813500,11:28:14,8300,91781,142568,3776788150,1,-1,41150
SM205,20220218,20220218,112814500,11:28:14,8300,91781,142568,3776788150,0,0,0
SM205,20220218,20220218,112815000,11:28:15,8300,91783,142568,3776870450,2,0,82300
SM205,20220218,20220218,112815500,11:28:15,8300,91849,142555,3779586350,66,-13,2715900
SM205,20220218,20220218,112816000,11:28:16,8300,91876,142546,3780697400,27,-9,1111050
SM205,20220218,20220218,112816500,11:28:16,8302,91879,142546,3780820850,3,0,123450
SM205,20220218,20220218,112817000,11:28:17,8298,91919,142539,3782466850,40,-7,1646000
SM205,20220218,20220218,112817500,11:28:17,8298,91919,142539,3782466850,0,0,0
SM205,20220218,20220218,112818000,11:28:18,8298,91919,142539,3782466850,0,0,0
SM205,20220218,20220218,112820000,11:28:20,8302,91920,142540,3782508000,1,1,41150
SM205,20220218,20220218,112820500,11:28:20,8302,91921,142541,3782549150,1,1,41150
SM205,20220218,20220218,112821500,11:28:22,8302,91922,142541,3782590300,1,0,41150
SM205,20220218,20220218,112822000,11:28:22,8302,91922,142541,3782590300,0,0,0
SM205,20220218,20220218,112823000,11:28:23,8302,91922,142541,3782590300,0,0,0
SM205,20220218,20220218,112823500,11:28:23,8302,91922,142541,3782590300,0,0,0
SM205,20220218,20220218,112824000,11:28:24,8302,91927,142545,3782796050,5,4,205750
SM205,20220218,20220218,112824500,11:28:24,8300,91928,142545,3782837200,1,0,41150
SM205,20220218,20220218,112825000,11:28:25,8302,91930,142546,3782919500,2,1,82300
SM205,20220218,20220218,112825500,11:28:25,8298,91955,142541,3783948250,25,-5,1028750
SM205,20220218,20220218,112826000,11:28:26,8296,91957,142541,3784030550,2,0,82300
SM205,20220218,20220218,112826500,11:28:27,8298,91959,142542,3784112850,2,1,82300
SM205,20220218,20220218,112827500,11:28:27,8296,91961,142543,3784195150,2,1,82300
SM205,20220218,20220218,112828000,11:28:28,8296,91961,142543,3784195150,0,0,0
SM205,20220218,20220218,112828500,11:28:28,8298,91962,142543,3784236300,1,0,41150
SM205,20220218,20220218,112829000,11:28:29,8298,91964,142544,3784318600,2,1,82300
SM205,20220218,20220218,112829500,11:28:29,8294,91972,142545,3784647800,8,1,329200
SM205,20220218,20220218,112830000,11:28:30,8292,91982,142543,3785059300,10,-2,411500
SM205,20220218,20220218,112832500,11:28:33,8292,91983,142543,3785100450,1,0,41150
SM205,20220218,20220218,112834500,11:28:34,8292,91984,142544,3785141600,1,1,41150
SM205,20220218,20220218,112835000,11:28:35,8292,91984,142544,3785141600,0,0,0
SM205,20220218,20220218,112835500,11:28:37,8292,91984,142544,3785141600,0,0,0
SM205,20220218,20220218,112836500,11:28:37,8292,91985,142545,3785182750,1,1,41150
SM205,20220218,20220218,112837000,11:28:37,8290,91986,142545,3785223900,1,0,41150
SM205,20220218,20220218,112837500,11:28:38,8296,91991,142549,3785429650,5,4,205750
SM205,20220218,20220218,112838500,11:28:38,8296,91991,142549,3785429650,0,0,0
SM205,20220218,20220218,112839000,11:28:40,8296,91991,142549,3785429650,0,0,0
SM205,20220218,20220218,112839500,11:28:40,8290,91998,142553,3785717700,7,4,288050
SM205,20220218,20220218,112840000,11:28:40,8290,91998,142553,3785717700,0,0,0
SM205,20220218,20220218,112841500,11:28:41,8296,92002,142550,3785882300,4,-3,164600
SM205,20220218,20220218,112842000,11:28:42,8296,92002,142550,3785882300,0,0,0
SM205,20220218,20220218,112843000,11:28:43,8296,92002,142550,3785882300,0,0,0
SM205,20220218,20220218,112844500,11:28:45,8290,92008,142554,3786129200,6,4,246900
SM205,20220218,20220218,112845000,11:28:45,8290,92008,142554,3786129200,0,0,0
SM205,20220218,20220218,112846500,11:28:46,8292,92009,142554,3786170350,1,0,41150
SM205,20220218,20220218,112847000,11:28:47,8292,92009,142554,3786170350,0,0,0
SM205,20220218,20220218,112847500,11:28:48,8292,92009,142554,3786170350,0,0,0
SM205,20220218,20220218,112848500,11:28:48,8292,92009,142554,3786170350,0,0,0
SM205,20220218,20220218,112849000,11:28:49,8292,92009,142554,3786170350,0,0,0
SM205,20220218,20220218,112852500,11:28:53,8292,92009,142554,3786170350,0,0,0
SM205,20220218,20220218,112853500,11:28:54,8288,92010,142554,3786211500,1,0,41150
SM205,20220218,20220218,112854000,11:28:54,8288,92010,142554,3786211500,0,0,0
SM205,20220218,20220218,112854500,11:28:54,8288,92019,142555,3786581850,9,1,370350
SM205,20220218,20220218,112856500,11:28:56,8290,92021,142555,3786664150,2,0,82300
SM205,20220218,20220218,112857000,11:28:57,8290,92021,142555,3786664150,0,0,0
SM205,20220218,20220218,112857500,11:28:58,8290,92022,142555,3786705300,1,0,41150
SM205,20220218,20220218,112858000,11:28:58,8288,92029,142555,3786993350,7,0,288050
SM205,20220218,20220218,112858500,11:28:59,8288,92029,142555,3786993350,0,0,0
SM205,20220218,20220218,112859000,11:28:59,8292,92030,142555,3787034500,1,0,41150
SM205,20220218,20220218,112859500,11:29:00,8294,92040,142555,3787446000,10,0,411500
SM205,20220218,20220218,112900000,11:29:00,8292,92043,142558,3787569450,3,3,123450
SM205,20220218,20220218,112900500,11:29:01,8292,92044,142558,3787610600,1,0,41150
SM205,20220218,20220218,112901000,11:29:01,8294,92045,142559,3787651750,1,1,41150
SM205,20220218,20220218,112901500,11:29:02,8294,92045,142559,3787651750,0,0,0
SM205,20220218,20220218,112902000,11:29:02,8294,92046,142559,3787692900,1,0,41150
SM205,20220218,20220218,112904000,11:29:04,8290,92047,142560,3787734050,1,1,41150
SM205,20220218,20220218,112904500,11:29:04,8290,92047,142560,3787734050,0,0,0
SM205,20220218,20220218,112905000,11:29:05,8290,92047,142560,3787734050,0,0,0
SM205,20220218,20220218,112905500,11:29:06,8290,92047,142560,3787734050,0,0,0
SM205,20220218,20220218,112906000,11:29:06,8290,92047,142560,3787734050,0,0,0
SM205,20220218,20220218,112910000,11:29:10,8294,92050,142558,3787857500,3,-2,123450
SM205,20220218,20220218,112910500,11:29:10,8294,92050,142558,3787857500,0,0,0
SM205,20220218,20220218,112911000,11:29:11,8294,92050,142558,3787857500,0,0,0
SM205,20220218,20220218,112911500,11:29:12,8294,92050,142558,3787857500,0,0,0
SM205,20220218,20220218,112912000,11:29:12,8294,92050,142558,3787857500,0,0,0
SM205,20220218,20220218,112912500,11:29:12,8292,92051,142558,3787898650,1,0,41150
SM205,20220218,20220218,112913500,11:29:14,8292,92052,142558,3787939800,1,0,41150
SM205,20220218,20220218,112914000,11:29:14,8292,92052,142558,3787939800,0,0,0
SM205,20220218,20220218,112914500,11:29:15,8292,92052,142558,3787939800,0,0,0
SM205,20220218,20220218,112915000,11:29:15,8292,92052,142558,3787939800,0,0,0
SM205,20220218,20220218,112916000,11:29:16,8292,92055,142559,3788063250,3,1,123450
SM205,20220218,20220218,112916500,11:29:18,8290,92057,142558,3788145550,2,-1,82300
SM205,20220218,20220218,112917500,11:29:21,8292,92058,142559,3788186700,1,1,41150
SM205,20220218,20220218,112918000,11:29:21,8290,92059,142558,3788227850,1,-1,41150
SM205,20220218,20220218,112920500,11:29:21,8288,92082,142553,3789174300,23,-5,946450
SM205,20220218,20220218,112921000,11:29:22,8288,92083,142554,3789215450,1,1,41150
SM205,20220218,20220218,112921500,11:29:24,8286,92085,142552,3789297750,2,-2,82300
SM205,20220218,20220218,112923000,11:29:24,8288,92086,142553,3789338900,1,1,41150
SM205,20220218,20220218,112924000,11:29:24,8286,92092,142552,3789585800,6,-1,246900
SM205,20220218,20220218,112924500,11:29:24,8286,92092,142552,3789585800,0,0,0
SM205,20220218,20220218,112926000,11:29:26,8284,92093,142552,3789626950,1,0,41150
SM205,20220218,20220218,112926500,11:29:26,8286,92095,142552,3789709250,2,0,82300
SM205,20220218,20220218,112928000,11:29:28,8286,92097,142554,3789791550,2,2,82300
SM205,20220218,20220218,112928500,11:29:28,8284,92102,142556,3789997300,5,2,205750
SM205,20220218,20220218,112929000,11:29:29,8282,92128,142556,3791067200,26,0,1069900
SM205,20220218,20220218,112929500,11:29:30,8282,92147,142544,3791849050,19,-12,781850
SM205,20220218,20220218,112930000,11:29:30,8284,92148,142544,3791890200,1,0,41150
SM205,20220218,20220218,112930500,11:29:31,8282,92149,142544,3791931350,1,0,41150
SM205,20220218,20220218,112931000,11:29:32,8282,92149,142544,3791931350,0,0,0
SM205,20220218,20220218,112931500,11:29:32,8288,92154,142548,3792137100,5,4,205750
SM205,20220218,20220218,112932000,11:29:36,8284,92158,142549,3792301700,4,1,164600
SM205,20220218,20220218,112932500,11:29:36,8284,92158,142549,3792301700,0,0,0
SM205,20220218,20220218,112933000,11:29:37,8284,92158,142549,3792301700,0,0,0
SM205,20220218,20220218,112933500,11:29:38,8284,92159,142549,3792342850,1,0,41150
SM205,20220218,20220218,112936500,11:29:38,8284,92171,142547,3792836650,12,-2,493800
SM205,20220218,20220218,112937000,11:29:38,8284,92179,142553,3793165850,8,6,329200
SM205,20220218,20220218,112938000,11:29:38,8284,92180,142552,3793207000,1,-1,41150
SM205,20220218,20220218,112938500,11:29:39,8284,92181,142552,3793248150,1,0,41150
SM205,20220218,20220218,112939000,11:29:39,8284,92181,142552,3793248150,0,0,0
SM205,20220218,20220218,112939500,11:29:40,8284,92181,142552,3793248150,0,0,0
SM205,20220218,20220218,112940500,11:29:40,8284,92185,142552,3793412750,4,0,164600
SM205,20220218,20220218,112941000,11:29:41,8284,92188,142554,3793536200,3,2,123450
SM205,20220218,20220218,112941500,11:29:42,8284,92189,142554,3793577350,1,0,41150
SM205,20220218,20220218,112942000,11:29:42,8282,92190,142554,3793618500,1,0,41150
SM205,20220218,20220218,112942500,11:29:44,8286,92191,142554,3793659650,1,0,41150
SM205,20220218,20220218,112943000,11:29:45,8282,92194,142554,3793783100,3,0,123450
SM205,20220218,20220218,112944000,11:29:45,8282,92194,142554,3793783100,0,0,0
SM205,20220218,20220218,112944500,11:29:45,8280,92220,142548,3794853000,26,-6,1069900
SM205,20220218,20220218,112945000,11:29:46,8280,92231,142548,3795305650,11,0,452650
SM205,20220218,20220218,112945500,11:29:46,8280,92235,142547,3795470250,4,-1,164600
SM205,20220218,20220218,112946000,11:29:46,8280,92240,142547,3795676000,5,0,205750
SM205,20220218,20220218,112946500,11:29:47,8280,92242,142547,3795758300,2,0,82300
SM205,20220218,20220218,112947500,11:29:48,8280,92244,142547,3795840600,2,0,82300
SM205,20220218,20220218,112948500,11:29:49,8280,92244,142547,3795840600,0,0,0
SM205,20220218,20220218,112949000,11:29:50,8278,92247,142547,3795964050,3,0,123450
SM205,20220218,20220218,112950000,11:29:51,8280,92248,142547,3796005200,1,0,41150
SM205,20220218,20220218,112951000,11:29:52,8278,92254,142546,3796252100,6,-1,246900
SM205,20220218,20220218,112952000,11:29:52,8278,92255,142546,3796293250,1,0,41150
SM205,20220218,20220218,112952500,11:29:53,8280,92256,142546,3796334400,1,0,41150
SM205,20220218,20220218,112953000,11:29:54,8280,92259,142546,3796457850,3,0,123450
SM205,20220218,20220218,112954000,11:29:54,8284,92260,142546,3796499000,1,0,41150
SM205,20220218,20220218,112954500,11:29:54,8280,92263,142546,3796622450,3,0,123450
SM205,20220218,20220218,112955000,11:29:55,8280,92263,142546,3796622450,0,0,0
SM205,20220218,20220218,112955500,11:29:56,8284,92264,142546,3796663600,1,0,41150
SM205,20220218,20220218,112956000,11:29:56,8282,92268,142546,3796828200,4,0,164600
SM205,20220218,20220218,112956500,11:30:00,8282,92269,142547,3796869350,1,1,41150
SM205,20220218,20220218,112957000,11:30:00,8282,92272,142547,3796992800,3,0,123450
SM205,20220218,20220218,112957500,11:30:02,8284,92274,142547,3797075100,2,0,82300
SM205,20220218,20220218,112959500,11:30:02,8284,92282,142544,3797404300,8,-3,329200
SM205,20220218,20220218,113000000,11:30:03,8284,92282,142544,3797404300,0,0,0
SM205,20220218,20220218,133001000,13:30:01,8296,92321,142533,3799009150,39,-11,1604850
SM205,20220218,20220218,133001500,13:30:02,8288,92349,142547,3800161350,28,14,1152200
SM205,20220218,20220218,133002000,13:30:08,8296,92416,142568,3802918400,67,21,2757050
SM205,20220218,20220218,133002500,13:30:10,8292,92429,142568,3803453350,13,0,534950
SM205,20220218,20220218,133008000,13:30:10,8294,92488,142584,3805881200,59,16,2427850
SM205,20220218,20220218,133009500,13:30:10,8294,92494,142582,3806128100,6,-2,246900
SM205,20220218,20220218,133010500,13:30:12,8294,92505,142572,3806580750,11,-10,452650
SM205,20220218,20220218,133011000,13:30:13,8294,92509,142572,3806745350,4,0,164600
SM205,20220218,20220218,133012500,13:30:13,8294,92509,142572,3806745350,0,0,0
SM205,20220218,20220218,133013500,13:30:14,8294,92509,142572,3806745350,0,0,0
SM205,20220218,20220218,133014000,13:30:15,8298,92512,142573,3806868800,3,1,123450
SM205,20220218,20220218,133014500,13:30:16,8296,92515,142572,3806992250,3,-1,123450
SM205,20220218,20220218,133015000,13:30:17,8298,92517,142574,3807074550,2,2,82300
SM205,20220218,20220218,133016500,13:30:18,8300,92519,142573,3807156850,2,-1,82300
SM205,20220218,20220218,133017000,13:30:18,8300,92519,142573,3807156850,0,0,0
SM205,20220218,20220218,133018000,13:30:19,8298,92521,142575,3807239150,2,2,82300
SM205,20220218,20220218,133018500,13:30:20,8298,92522,142576,3807280300,1,1,41150
SM205,20220218,20220218,133019500,13:30:20,8298,92528,142576,3807527200,6,0,246900
SM205,20220218,20220218,133020000,13:30:21,8300,92530,142577,3807609500,2,1,82300
SM205,20220218,20220218,133020500,13:30:21,8300,92530,142577,3807609500,0,0,0
SM205,20220218,20220218,133021000,13:30:21,8298,92532,142579,3807691800,2,2,82300
SM205,20220218,20220218,133022000,13:30:38,8298,92533,142579,3807732950,1,0,41150
SM205,20220218,20220218,133022500,13:30:38,8300,92534,142579,3807774100,1,0,41150
SM205,20220218,20220218,133023000,13:30:39,8298,92535,142578,3807815250,1,-1,41150
SM205,20220218,20220218,133038000,13:30:40,8296,92664,142548,3813123600,129,-30,5308350
SM205,20220218,20220218,133038500,13:30:42,8296,92665,142547,3813164750,1,-1,41150
SM205,20220218,20220218,133040500,13:30:42,8296,92665,142547,3813164750,0,0,0
SM205,20220218,20220218,133041000,13:30:43,8296,92666,142547,3813205900,1,0,41150
SM205,20220218,20220218,133042500,13:30:44,8292,92669,142546,3813329350,3,-1,123450
SM205,20220218,20220218,133043000,13:30:44,8296,92670,142546,3813370500,1,0,41150
SM205,20220218,20220218,133043500,13:30:45,8296,92670,142546,3813370500,0,0,0
SM205,20220218,20220218,133044000,13:30:46,8294,92672,142546,3813452800,2,0,82300
SM205,20220218,20220218,133044500,13:30:46,8292,92692,142548,3814275800,20,2,823000
SM205,20220218,20220218,133045000,13:30:46,8292,92692,142548,3814275800,0,0,0
SM205,20220218,20220218,133045500,13:30:47,8292,92693,142548,3814316950,1,0,41150
SM205,20220218,20220218,133046000,13:30:47,8292,92693,142548,3814316950,0,0,0
SM205,20220218,20220218,133046500,13:30:47,8292,92693,142548,3814316950,0,0,0
SM205,20220218,20220218,133047000,13:30:48,8292,92696,142548,3814440400,3,0,123450
SM205,20220218,20220218,133047500,13:30:48,8292,92696,142548,3814440400,0,0,0
SM205,20220218,20220218,133048000,13:30:49,8292,92698,142549,3814522700,2,1,82300
SM205,20220218,20220218,133048500,13:30:49,8292,92698,142549,3814522700,0,0,0
SM205,20220218,20220218,133049500,13:30:50,8292,92698,142549,3814522700,0,0,0
SM205,20220218,20220218,133050000,13:30:51,8294,92699,142549,3814563850,1,0,41150
SM205,20220218,20220218,133050500,13:30:51,8294,92699,142549,3814563850,0,0,0
SM205,20220218,20220218,133051000,13:30:52,8294,92699,142549,3814563850,0,0,0
SM205,20220218,20220218,133052000,13:30:53,8292,92703,142553,3814728450,4,4,164600
SM205,20220218,20220218,133053000,13:30:54,8292,92703,142553,3814728450,0,0,0
SM205,20220218,20220218,133053500,13:30:54,8292,92703,142553,3814728450,0,0,0
SM205,20220218,20220218,133054000,13:30:54,8292,92709,142556,3814975350,6,3,246900
SM205,20220218,20220218,133054500,13:30:55,8292,92710,142555,3815016500,1,-1,41150
SM205,20220218,20220218,133055000,13:30:56,8292,92710,142555,3815016500,0,0,0
SM205,20220218,20220218,133055500,13:30:56,8292,92710,142555,3815016500,0,0,0
SM205,20220218,20220218,133056000,13:30:57,8292,92711,142555,3815057650,1,0,41150
SM205,20220218,20220218,133057000,13:30:58,8290,92716,142551,3815263400,5,-4,205750
SM205,20220218,20220218,133057500,13:30:58,8296,92718,142550,3815345700,2,-1,82300
SM205,20220218,20220218,133058000,13:30:58,8296,92718,142550,3815345700,0,0,0
SM205,20220218,20220218,133058500,13:30:59,8296,92718,142550,3815345700,0,0,0
SM205,20220218,20220218,133059500,13:30:59,8296,92718,142550,3815345700,0,0,0
SM205,20220218,20220218,133100000,13:31:00,8296,92721,142550,3815469150,3,0,123450
SM205,20220218,20220218,133100500,13:31:01,8296,92723,142549,3815551450,2,-1,82300
SM205,20220218,20220218,133101000,13:31:01,8296,92727,142546,3815716050,4,-3,164600
SM205,20220218,20220218,133101500,13:31:01,8296,92727,142546,3815716050,0,0,0
SM205,20220218,20220218,133102000,13:31:02,8296,92727,142546,3815716050,0,0,0
SM205,20220218,20220218,133102500,13:31:02,8296,92728,142545,3815757200,1,-1,41150
SM205,20220218,20220218,133103000,13:31:03,8296,92737,142537,3816127550,9,-8,370350
SM205,20220218,20220218,133103500,13:31:04,8298,92752,142526,3816744800,15,-11,617250
SM205,20220218,20220218,133104000,13:31:06,8298,92757,142523,3816950550,5,-3,205750
SM205,20220218,20220218,133104500,13:31:06,8300,92774,142511,3817650100,17,-12,699550
SM205,20220218,20220218,133105500,13:31:07,8300,92786,142502,3818143900,12,-9,493800
SM205,20220218,20220218,133106000,13:31:08,8296,92823,142473,3819666450,37,-29,1522550
SM205,20220218,20220218,133107500,13:31:08,8296,92825,142473,3819748750,2,0,82300
SM205,20220218,20220218,133108500,13:31:09,8296,92826,142473,3819789900,1,0,41150
SM205,20220218,20220218,133109000,13:31:09,8296,92826,142473,3819789900,0,0,0
SM205,20220218,20220218,133110000,13:31:11,8296,92826,142473,3819789900,0,0,0
SM205,20220218,20220218,133110500,13:31:11,8296,92827,142472,3819831050,1,-1,41150
SM205,20220218,20220218,133111000,13:31:11,8296,92831,142469,3819995650,4,-3,164600
SM205,20220218,20220218,133111500,13:31:12,8294,92838,142476,3820283700,7,7,288050
SM205,20220218,20220218,133112000,13:31:13,8292,92841,142478,3820407150,3,2,123450
SM205,20220218,20220218,133112500,13:31:13,8290,92845,142474,3820571750,4,-4,164600
SM205,20220218,20220218,133114000,13:31:15,8290,92847,142474,3820654050,2,0,82300
SM205,20220218,20220218,133114500,13:31:15,8290,92847,142474,3820654050,0,0,0
SM205,20220218,20220218,133115000,13:31:15,8292,92848,142474,3820695200,1,0,41150
SM205,20220218,20220218,133115500,13:31:15,8292,92849,142475,3820736350,1,1,41150
SM205,20220218,20220218,133116000,13:31:16,8292,92849,142475,3820736350,0,0,0
SM205,20220218,20220218,133116500,13:31:17,8290,92851,142473,3820818650,2,-2,82300
SM205,20220218,20220218,133117000,13:31:18,8290,92881,142446,3822053150,30,-27,1234500
SM205,20220218,20220218,133117500,13:31:18,8290,92882,142445,3822094300,1,-1,41150
SM205,20220218,20220218,133118000,13:31:19,8292,92908,142434,3823164200,26,-11,1069900
SM205,20220218,20220218,133118500,13:31:19,8290,92910,142435,3823246500,2,1,82300
SM205,20220218,20220218,133120000,13:31:20,8288,92913,142435,3823369950,3,0,123450
SM205,20220218,20220218,133120500,13:31:21,8288,92913,142435,3823369950,0,0,0
SM205,20220218,20220218,133121000,13:31:21,8288,92913,142435,3823369950,0,0,0
SM205,20220218,20220218,133121500,13:31:22,8288,92913,142435,3823369950,0,0,0
SM205,20220218,20220218,133122000,13:31:22,8286,92925,142446,3823863750,12,11,493800
SM205,20220218,20220218,133122500,13:31:25,8286,92928,142443,3823987200,3,-3,123450
SM205,20220218,20220218,133123000,13:31:25,8286,92929,142443,3824028350,1,0,41150
SM205,20220218,20220218,133123500,13:31:25,8286,92929,142443,3824028350,0,0,0
SM205,20220218,20220218,133124500,13:31:25,8284,92930,142444,3824069500,1,1,41150
SM205,20220218,20220218,133156000,13:31:56,8286,92931,142444,3824110650,1,0,41150
SM205,20220218,20220218,133158500,13:31:58,8286,92933,142442,3824192950,2,-2,82300
SM205,20220218,20220218,133159500,13:32:00,8286,92934,142441,3824234100,1,-1,41150
SM205,20220218,20220218,133200000,13:32:01,8282,93128,142435,3832217200,194,-6,7983100
SM205,20220218,20220218,133200500,13:32:01,8286,93167,142446,3833822050,39,11,1604850
SM205,20220218,20220218,133201000,13:32:01,8284,93190,142443,3834768500,23,-3,946450
SM205,20220218,20220218,133201500,13:32:01,8284,93190,142443,3834768500,0,0,0
SM205,20220218,20220218,133202000,13:32:03,8284,93190,142443,3834768500,0,0,0
SM205,20220218,20220218,133202500,13:32:04,8288,93194,142446,3834933100,4,3,164600
SM205,20220218,20220218,133203000,13:32:05,8286,93195,142446,3834974250,1,0,41150
SM205,20220218,20220218,133203500,13:32:05,8286,93195,142446,3834974250,0,0,0
SM205,20220218,20220218,133204000,13:32:05,8286,93197,142445,3835056550,2,-1,82300
SM205,20220218,20220218,133205000,13:32:05,8286,93197,142445,3835056550,0,0,0
SM205,20220218,20220218,133205500,13:32:06,8286,93197,142445,3835056550,0,0,0
SM205,20220218,20220218,133206000,13:32:07,8286,93197,142445,3835056550,0,0,0
SM205,20220218,20220218,133206500,13:32:07,8286,93197,142445,3835056550,0,0,0
SM205,20220218,20220218,133207000,13:32:07,8286,93198,142444,3835097700,1,-1,41150
SM205,20220218,20220218,133207500,13:32:07,8286,93198,142444,3835097700,0,0,0
SM205,20220218,20220218,133208000,13:32:09,8286,93198,142444,3835097700,0,0,0
SM205,20220218,20220218,133208500,13:32:10,8286,93198,142444,3835097700,0,0,0
SM205,20220218,20220218,133209000,13:32:10,8288,93202,142440,3835262300,4,-4,164600
SM205,20220218,20220218,133209500,13:32:10,8286,93203,142440,3835303450,1,0,41150
SM205,20220218,20220218,133210000,13:32:11,8284,93258,142453,3837566700,55,13,2263250
SM205,20220218,20220218,133210500,13:32:13,8282,93259,142453,3837607850,1,0,41150
SM205,20220218,20220218,133211000,13:32:14,8282,93260,142453,3837649000,1,0,41150
SM205,20220218,20220218,133213000,13:32:15,8282,93260,142453,3837649000,0,0,0
SM205,20220218,20220218,133213500,13:32:15,8282,93260,142453,3837649000,0,0,0
SM205,20220218,20220218,133215500,13:32:16,8282,93262,142453,3837731300,2,0,82300
SM205,20220218,20220218,133216000,13:32:17,8282,93263,142453,3837772450,1,0,41150
SM205,20220218,20220218,133216500,13:32:17,8282,93267,142454,3837937050,4,1,164600
SM205,20220218,20220218,133217000,13:32:17,8282,93268,142454,3837978200,1,0,41150
SM205,20220218,20220218,133217500,13:32:18,8282,93268,142454,3837978200,0,0,0
SM205,20220218,20220218,133218000,13:32:18,8282,93268,142454,3837978200,0,0,0
SM205,20220218,20220218,133218500,13:32:19,8280,93269,142455,3838019350,1,1,41150
SM205,20220218,20220218,133219500,13:32:20,8280,93269,142455,3838019350,0,0,0
SM205,20220218,20220218,133220000,13:32:20,8280,93269,142455,3838019350,0,0,0
SM205,20220218,20220218,133220500,13:32:21,8280,93274,142452,3838225100,5,-3,205750
SM205,20220218,20220218,133221000,13:32:21,8282,93279,142447,3838430850,5,-5,205750
SM205,20220218,20220218,133221500,13:32:22,8282,93283,142446,3838595450,4,-1,164600
SM205,20220218,20220218,133222000,13:32:22,8282,93284,142445,3838636600,1,-1,41150
SM205,20220218,20220218,133222500,13:32:23,8282,93295,142435,3839089250,11,-10,452650
SM205,20220218,20220218,133223000,13:32:24,8282,93306,142429,3839541900,11,-6,452650
SM205,20220218,20220218,133224000,13:32:24,8282,93311,142432,3839747650,5,3,205750
SM205,20220218,20220218,133224500,13:32:25,8282,93311,142432,3839747650,0,0,0
SM205,20220218,20220218,133225500,13:32:26,8282,93318,142435,3840035700,7,3,288050
SM205,20220218,20220218,133226000,13:32:27,8282,93319,142435,3840076850,1,0,41150
SM205,20220218,20220218,133226500,13:32:27,8280,93326,142429,3840364900,7,-6,288050
SM205,20220218,20220218,133227000,13:32:27,8284,93336,142432,3840776400,10,3,411500
SM205,20220218,20220218,133227500,13:32:28,8284,93336,142432,3840776400,0,0,0
SM205,20220218,20220218,133228000,13:32:32,8280,93341,142427,3840982150,5,-5,205750
SM205,20220218,20220218,133228500,13:32:32,8280,93341,142427,3840982150,0,0,0
SM205,20220218,20220218,133229000,13:32:33,8280,93347,142422,3841229050,6,-5,246900
SM205,20220218,20220218,133232000,13:32:34,8280,93347,142422,3841229050,0,0,0
SM205,20220218,20220218,133234500,13:32:35,8280,93347,142422,3841229050,0,0,0
SM205,20220218,20220218,133235000,13:32:36,8284,93375,142419,3842381250,28,-3,1152200
SM205,20220218,20220218,133235500,13:32:36,8284,93375,142419,3842381250,0,0,0
SM205,20220218,20220218,133236000,13:32:37,8286,93378,142420,3842504700,3,1,123450
SM205,20220218,20220218,133236500,13:32:37,8286,93378,142420,3842504700,0,0,0
SM205,20220218,20220218,133237500,13:32:37,8286,93378,142420,3842504700,0,0,0
SM205,20220218,20220218,133239000,13:32:39,8286,93378,142420,3842504700,0,0,0
SM205,20220218,20220218,133239500,13:32:40,8286,93378,142420,3842504700,0,0,0
SM205,20220218,20220218,133240000,13:32:40,8282,93379,142420,3842545850,1,0,41150
SM205,20220218,20220218,133240500,13:32:40,8282,93379,142420,3842545850,0,0,0
SM205,20220218,20220218,133241000,13:32:41,8284,93380,142420,3842587000,1,0,41150
SM205,20220218,20220218,133241500,13:32:42,8284,93380,142420,3842587000,0,0,0
SM205,20220218,20220218,133242000,13:32:42,8284,93384,142416,3842751600,4,-4,164600
SM205,20220218,20220218,133242500,13:32:42,8284,93387,142416,3842875050,3,0,123450
SM205,20220218,20220218,133243000,13:32:43,8282,93390,142418,3842998500,3,2,123450
SM205,20220218,20220218,133243500,13:32:43,8282,93391,142418,3843039650,1,0,41150
SM205,20220218,20220218,133244000,13:32:44,8282,93396,142421,3843245400,5,3,205750
SM205,20220218,20220218,133244500,13:32:45,8282,93396,142421,3843245400,0,0,0
SM205,20220218,20220218,133245000,13:32:45,8284,93401,142423,3843451150,5,2,205750
SM205,20220218,20220218,133245500,13:32:45,8284,93401,142423,3843451150,0,0,0
SM205,20220218,20220218,133246000,13:32:47,8280,93402,142423,3843492300,1,0,41150
SM205,20220218,20220218,133246500,13:32:47,8282,93406,142426,3843656900,4,3,164600
SM205,20220218,20220218,133247000,13:32:47,8280,93409,142427,3843780350,3,1,123450
SM205,20220218,20220218,133247500,13:32:48,8280,93409,142427,3843780350,0,0,0
SM205,20220218,20220218,133248000,13:32:48,8278,93433,142413,3844767950,24,-14,987600
SM205,20220218,20220218,133248500,13:32:49,8280,93460,142416,3845879000,27,3,1111050
SM205,20220218,20220218,133249000,13:32:49,8276,93461,142417,3845920150,1,1,41150
SM205,20220218,20220218,133249500,13:32:50,8278,93462,142418,3845961300,1,1,41150
SM205,20220218,20220218,133250000,13:32:52,8278,93464,142420,3846043600,2,2,82300
SM205,20220218,20220218,133250500,13:32:52,8276,93465,142420,3846084750,1,0,41150
SM205,20220218,20220218,133251000,13:32:52,8276,93465,142420,3846084750,0,0,0
SM205,20220218,20220218,133251500,13:32:53,8276,93467,142421,3846167050,2,1,82300
SM205,20220218,20220218,133252500,13:32:53,8276,93469,142419,3846249350,2,-2,82300
SM205,20220218,20220218,133253500,13:32:54,8278,93470,142419,3846290500,1,0,41150
SM205,20220218,20220218,133254000,13:32:54,8278,93472,142417,3846372800,2,-2,82300
SM205,20220218,20220218,133255000,13:32:55,8280,93473,142417,3846413950,1,0,41150
SM205,20220218,20220218,133255500,13:32:55,8280,93475,142416,3846496250,2,-1,82300
SM205,20220218,20220218,133256000,13:32:56,8278,93491,142415,3847154650,16,-1,658400
SM205,20220218,20220218,133256500,13:32:58,8278,93491,142415,3847154650,0,0,0
SM205,20220218,20220218,133259500,13:33:01,8280,93493,142416,3847236950,2,1,82300
SM205,20220218,20220218,133300000,13:33:01,8280,93493,142416,3847236950,0,0,0
SM205,20220218,20220218,133300500,13:33:01,8278,93494,142416,3847278100,1,0,41150
SM205,20220218,20220218,133301000,13:33:02,8280,93495,142417,3847319250,1,1,41150
SM205,20220218,20220218,133301500,13:33:02,8280,93500,142418,3847525000,5,1,205750
SM205,20220218,20220218,133302000,13:33:03,8280,93501,142419,3847566150,1,1,41150
SM205,20220218,20220218,133302500,13:33:03,8282,93503,142419,3847648450,2,0,82300
SM205,20220218,20220218,133303000,13:33:04,8282,93503,142419,3847648450,0,0,0
SM205,20220218,20220218,133303500,13:33:04,8280,93508,142419,3847854200,5,0,205750
SM205,20220218,20220218,133304000,13:33:04,8280,93508,142419,3847854200,0,0,0
SM205,20220218,20220218,133304500,13:33:05,8280,93508,142419,3847854200,0,0,0
SM205,20220218,20220218,133305000,13:33:05,8280,93509,142419,3847895350,1,0,41150
SM205,20220218,20220218,133305500,13:33:05,8284,93516,142422,3848183400,7,3,288050
SM205,20220218,20220218,133306000,13:33:06,8280,93518,142423,3848265700,2,1,82300
SM205,20220218,20220218,133306500,13:33:06,8280,93518,142423,3848265700,0,0,0
SM205,20220218,20220218,133307000,13:33:07,8280,93518,142423,3848265700,0,0,0
SM205,20220218,20220218,133308500,13:33:09,8284,93519,142424,3848306850,1,1,41150
SM205,20220218,20220218,133309000,13:33:09,8284,93520,142425,3848348000,1,1,41150
SM205,20220218,20220218,133309500,13:33:11,8284,93521,142425,3848389150,1,0,41150
SM205,20220218,20220218,133310000,13:33:11,8282,93531,142423,3848800650,10,-2,411500
SM205,20220218,20220218,133310500,13:33:12,8282,93531,142423,3848800650,0,0,0
SM205,20220218,20220218,133312500,13:33:14,8286,93532,142423,3848841800,1,0,41150
SM205,20220218,20220218,133313500,13:33:14,8284,93534,142423,3848924100,2,0,82300
SM205,20220218,20220218,133314000,13:33:17,8284,93534,142423,3848924100,0,0,0
SM205,20220218,20220218,133315000,13:33:18,8284,93534,142423,3848924100,0,0,0
SM205,20220218,20220218,133315500,13:33:18,8284,93537,142423,3849047550,3,0,123450
SM205,20220218,20220218,133317000,13:33:18,8286,93538,142423,3849088700,1,0,41150
SM205,20220218,20220218,133318000,13:33:19,8284,93541,142425,3849212150,3,2,123450
SM205,20220218,20220218,133318500,13:33:19,8284,93541,142425,3849212150,0,0,0
SM205,20220218,20220218,133319500,13:33:20,8284,93541,142425,3849212150,0,0,0
SM205,20220218,20220218,133320000,13:33:21,8284,93541,142425,3849212150,0,0,0
SM205,20220218,20220218,133324500,13:33:25,8284,93541,142425,3849212150,0,0,0
SM205,20220218,20220218,133325000,13:33:26,8284,93542,142426,3849253300,1,1,41150
SM205,20220218,20220218,133325500,13:33:27,8284,93544,142428,3849335600,2,2,82300
SM205,20220218,20220218,133326000,13:33:28,8284,93545,142428,3849376750,1,0,41150
SM205,20220218,20220218,133328500,13:33:30,8284,93550,142426,3849582500,5,-2,205750
SM205,20220218,20220218,133329000,13:33:30,8284,93550,142426,3849582500,0,0,0
SM205,20220218,20220218,133330000,13:33:30,8284,93551,142426,3849623650,1,0,41150
SM205,20220218,20220218,133331000,13:33:32,8282,93554,142426,3849747100,3,0,123450
SM205,20220218,20220218,133332000,13:33:32,8284,93562,142425,3850076300,8,-1,329200
SM205,20220218,20220218,133332500,13:33:33,8284,93563,142424,3850117450,1,-1,41150
SM205,20220218,20220218,133333500,13:33:33,8280,93564,142424,3850158600,1,0,41150
SM205,20220218,20220218,133334000,13:33:34,8284,93568,142422,3850323200,4,-2,164600
SM205,20220218,20220218,133334500,13:33:35,8284,93568,142422,3850323200,0,0,0
SM205,20220218,20220218,133337500,13:33:37,8280,93569,142421,3850364350,1,-1,41150
SM205,20220218,20220218,133338500,13:33:39,8280,93572,142420,3850487800,3,-1,123450
SM205,20220218,20220218,133339000,13:33:39,8278,93574,142419,3850570100,2,-1,82300
SM205,20220218,20220218,133339500,13:33:40,8280,93575,142419,3850611250,1,0,41150
SM205,20220218,20220218,133340500,13:33:41,8280,93575,142419,3850611250,0,0,0
SM205,20220218,20220218,133341000,13:33:41,8280,93575,142419,3850611250,0,0,0
SM205,20220218,20220218,133341500,13:33:42,8284,93637,142442,3853162550,62,23,2551300
SM205,20220218,20220218,133342000,13:33:42,8284,93638,142442,3853203700,1,0,41150
SM205,20220218,20220218,133342500,13:33:42,8286,93639,142441,3853244850,1,-1,41150
SM205,20220218,20220218,133343000,13:33:43,8286,93639,142441,3853244850,0,0,0
SM205,20220218,20220218,133343500,13:33:44,8286,93639,142441,3853244850,0,0,0
SM205,20220218,20220218,133344000,13:33:45,8284,93650,142438,3853697500,11,-3,452650
SM205,20220218,20220218,133346500,13:33:48,8286,93651,142439,3853738650,1,1,41150
SM205,20220218,20220218,133347500,13:33:49,8282,93653,142441,3853820950,2,2,82300
SM205,20220218,20220218,133349000,13:33:50,8286,93654,142441,3853862100,1,0,41150
SM205,20220218,20220218,133350500,13:33:50,8286,93656,142443,3853944400,2,2,82300
SM205,20220218,20220218,133351000,13:33:51,8286,93656,142443,3853944400,0,0,0
SM205,20220218,20220218,133351500,13:33:52,8286,93666,142439,3854355900,10,-4,411500
SM205,20220218,20220218,133353000,13:33:53,8286,93666,142439,3854355900,0,0,0
SM205,20220218,20220218,133353500,13:33:53,8286,93666,142439,3854355900,0,0,0
SM205,20220218,20220218,133355000,13:33:56,8286,93667,142440,3854397050,1,1,41150
SM205,20220218,20220218,133356000,13:33:56,8286,93668,142441,3854438200,1,1,41150
SM205,20220218,20220218,133359500,13:34:00,8284,93669,142442,3854479350,1,1,41150
SM205,20220218,20220218,133400000,13:34:00,8282,93670,142442,3854520500,1,0,41150
SM205,20220218,20220218,133400500,13:34:00,8282,93673,142444,3854643950,3,2,123450
SM205,20220218,20220218,133401000,13:34:01,8282,93674,142445,3854685100,1,1,41150
SM205,20220218,20220218,133401500,13:34:02,8282,93680,142450,3854932000,6,5,246900
SM205,20220218,20220218,133402000,13:34:10,8282,93681,142451,3854973150,1,1,41150
SM205,20220218,20220218,133402500,13:34:10,8282,93681,142451,3854973150,0,0,0
SM205,20220218,20220218,133403000,13:34:10,8286,93686,142456,3855178900,5,5,205750
SM205,20220218,20220218,133410000,13:34:11,8286,93709,142463,3857062440,23,7,1883540
SM205,20220218,20220218,133410500,13:34:12,8286,93711,142463,3857144760,2,0,82320
SM205,20220218,20220218,133411000,13:34:12,8290,93712,142463,3857185920,1,0,41160
SM205,20220218,20220218,133411500,13:34:12,8290,93712,142463,3857185920,0,0,0
SM205,20220218,20220218,133412500,13:34:13,8290,93725,142461,3857721000,13,-2,535080
SM205,20220218,20220218,133413000,13:34:13,8290,93727,142459,3857803320,2,-2,82320
SM205,20220218,20220218,133413500,13:34:14,8290,93727,142459,3857803320,0,0,0
SM205,20220218,20220218,133416500,13:34:16,8290,93727,142459,3857803320,0,0,0
SM205,20220218,20220218,133417500,13:34:17,8290,93727,142459,3857803320,0,0,0
SM205,20220218,20220218,133418000,13:34:18,8288,93732,142464,3858009120,5,5,205800
SM205,20220218,20220218,133419000,13:34:19,8288,93732,142464,3858009120,0,0,0
SM205,20220218,20220218,133420000,13:34:20,8288,93732,142464,3858009120,0,0,0
SM205,20220218,20220218,133420500,13:34:21,8288,93732,142464,3858009120,0,0,0
SM205,20220218,20220218,133423500,13:34:24,8288,93736,142464,3858173760,4,0,164640
SM205,20220218,20220218,133424000,13:34:24,8288,93740,142465,3858338400,4,1,164640
SM205,20220218,20220218,133424500,13:34:24,8288,93745,142465,3858544200,5,0,205800
SM205,20220218,20220218,133425000,13:34:25,8288,93748,142467,3858667680,3,2,123480
SM205,20220218,20220218,133428000,13:34:28,8286,93749,142467,3858708840,1,0,41160
SM205,20220218,20220218,133428500,13:34:29,8286,93749,142467,3858708840,0,0,0
SM205,20220218,20220218,133429000,13:34:29,8290,93750,142466,3858750000,1,-1,41160
SM205,20220218,20220218,133430000,13:34:30,8290,93750,142466,3858750000,0,0,0
SM205,20220218,20220218,133430500,13:34:30,8288,93751,142465,3858791160,1,-1,41160
SM205,20220218,20220218,133431000,13:34:31,8288,93752,142465,3858832320,1,0,41160
SM205,20220218,20220218,133431500,13:34:31,8288,93753,142465,3858873480,1,0,41160
SM205,20220218,20220218,133432000,13:34:32,8288,93774,142486,3859737840,21,21,864360
SM205,20220218,20220218,133432500,13:34:32,8286,93781,142493,3860025960,7,7,288120
SM205,20220218,20220218,133434000,13:34:34,8286,93781,142493,3860025960,0,0,0
SM205,20220218,20220218,133434500,13:34:35,8288,93782,142494,3860067120,1,1,41160
SM205,20220218,20220218,133435500,13:34:36,8288,93783,142495,3860108280,1,1,41160
SM205,20220218,20220218,133437000,13:34:37,8288,93785,142497,3860190600,2,2,82320
SM205,20220218,20220218,133438500,13:34:38,8288,93786,142498,3860231760,1,1,41160
SM205,20220218,20220218,133439000,13:34:39,8288,93786,142498,3860231760,0,0,0
SM205,20220218,20220218,133441000,13:34:41,8284,93791,142495,3860437560,5,-3,205800
SM205,20220218,20220218,133443000,13:34:45,8284,93795,142495,3860602200,4,0,164640
SM205,20220218,20220218,133443500,13:34:45,8284,93796,142495,3860643360,1,0,41160
SM205,20220218,20220218,133444000,13:34:45,8282,93797,142495,3860684520,1,0,41160
SM205,20220218,20220218,133450500,13:34:51,8284,93798,142495,3860725680,1,0,41160
SM205,20220218,20220218,133451000,13:34:51,8284,93800,142495,3860808000,2,0,82320
SM205,20220218,20220218,133451500,13:34:52,8284,93800,142495,3860808000,0,0,0
SM205,20220218,20220218,133453000,13:34:53,8284,93800,142495,3860808000,0,0,0
SM205,20220218,20220218,133454000,13:34:56,8284,93802,142495,3860890320,2,0,82320
SM205,20220218,20220218,133456000,13:34:56,8284,93802,142495,3860890320,0,0,0
SM205,20220218,20220218,133456500,13:34:57,8284,93802,142495,3860890320,0,0,0
SM205,20220218,20220218,133501000,13:35:04,8284,93802,142495,3860890320,0,0,0
SM205,20220218,20220218,133501500,13:35:05,8284,93802,142495,3860890320,0,0,0
SM205,20220218,20220218,133502000,13:35:10,8282,93804,142496,3860972640,2,1,82320
SM205,20220218,20220218,133504500,13:35:10,8284,93810,142495,3861219600,6,-1,246960
SM205,20220218,20220218,133509500,13:35:10,8282,93817,142492,3861507720,7,-3,288120
SM205,20220218,20220218,133511500,13:35:12,8282,93824,142485,3861795840,7,-7,288120
SM205,20220218,20220218,133512000,13:35:13,8282,93824,142485,3861795840,0,0,0
SM205,20220218,20220218,133512500,13:35:13,8282,93839,142473,3862413240,15,-12,617400
SM205,20220218,20220218,133513000,13:35:13,8282,93839,142473,3862413240,0,0,0
SM205,20220218,20220218,133513500,13:35:14,8282,93844,142473,3862619040,5,0,205800
SM205,20220218,20220218,133514000,13:35:14,8282,93848,142473,3862783680,4,0,164640
SM205,20220218,20220218,133514500,13:35:15,8282,93848,142473,3862783680,0,0,0
SM205,20220218,20220218,133515500,13:35:16,8282,93888,142471,3864430080,40,-2,1646400
SM205,20220218,20220218,133516000,13:35:16,8284,93895,142471,3864718200,7,0,288120
SM205,20220218,20220218,133516500,13:35:17,8284,93940,142455,3866570400,45,-16,1852200
SM205,20220218,20220218,133517000,13:35:17,8288,93954,142463,3867146640,14,8,576240
SM205,20220218,20220218,133518000,13:35:19,8284,93955,142463,3867187800,1,0,41160
SM205,20220218,20220218,133518500,13:35:19,8284,93955,142463,3867187800,0,0,0
SM205,20220218,20220218,133519500,13:35:20,8284,93955,142463,3867187800,0,0,0
SM205,20220218,20220218,133520500,13:35:21,8284,93956,142463,3867228960,1,0,41160
SM205,20220218,20220218,133521000,13:35:22,8284,93957,142464,3867270120,1,1,41160
SM205,20220218,20220218,133521500,13:35:22,8284,93957,142464,3867270120,0,0,0
SM205,20220218,20220218,133522000,13:35:22,8286,93958,142465,3867311280,1,1,41160
SM205,20220218,20220218,133522500,13:35:23,8286,93958,142465,3867311280,0,0,0
SM205,20220218,20220218,133523000,13:35:23,8286,93958,142465,3867311280,0,0,0
SM205,20220218,20220218,133523500,13:35:23,8286,93959,142465,3867352440,1,0,41160
SM205,20220218,20220218,133524500,13:35:25,8284,93963,142468,3867517080,4,3,164640
SM205,20220218,20220218,133525000,13:35:25,8286,93967,142466,3867681720,4,-2,164640
SM205,20220218,20220218,133525500,13:35:26,8286,93967,142466,3867681720,0,0,0
SM205,20220218,20220218,133526500,13:35:27,8286,93968,142466,3867722880,1,0,41160
SM205,20220218,20220218,133528000,13:35:32,8286,93970,142466,3867805200,2,0,82320
SM205,20220218,20220218,133540000,13:35:43,8288,93987,142470,3868504920,17,4,699720
SM205,20220218,20220218,133542000,13:35:43,8288,93989,142472,3868587240,2,2,82320
SM205,20220218,20220218,133543500,13:35:44,8288,94000,142483,3869040000,11,11,452760
SM205,20220218,20220218,133545500,13:35:46,8286,94001,142484,3869081160,1,1,41160
SM205,20220218,20220218,133546500,13:35:46,8286,94005,142486,3869245800,4,2,164640
SM205,20220218,20220218,133547000,13:35:47,8286,94006,142487,3869286960,1,1,41160
SM205,20220218,20220218,133547500,13:35:48,8288,94015,142484,3869657400,9,-3,370440
SM205,20220218,20220218,133548000,13:35:48,8286,94016,142483,3869698560,1,-1,41160
SM205,20220218,20220218,133548500,13:35:48,8288,94020,142479,3869863200,4,-4,164640
SM205,20220218,20220218,133549000,13:35:49,8288,94041,142467,3870727560,21,-12,864360
SM205,20220218,20220218,133549500,13:35:49,8288,94042,142467,3870768720,1,0,41160
SM205,20220218,20220218,133550000,13:35:50,8288,94047,142467,3870974520,5,0,205800
SM205,20220218,20220218,133550500,13:35:51,8284,94048,142468,3871015680,1,1,41160
SM205,20220218,20220218,133552000,13:35:52,8288,94049,142467,3871056840,1,-1,41160
SM205,20220218,20220218,133552500,13:35:52,8288,94051,142468,3871139160,2,1,82320
SM205,20220218,20220218,133554000,13:35:55,8288,94051,142468,3871139160,0,0,0
SM205,20220218,20220218,133554500,13:35:55,8284,94052,142469,3871180320,1,1,41160
SM205,20220218,20220218,133555500,13:35:56,8286,94057,142469,3871386120,5,0,205800
SM205,20220218,20220218,133556000,13:35:56,8286,94057,142469,3871386120,0,0,0
SM205,20220218,20220218,133556500,13:35:57,8286,94058,142470,3871427280,1,1,41160
SM205,20220218,20220218,133559000,13:36:03,8282,94059,142470,3871468440,1,0,41160
SM205,20220218,20220218,133601500,13:36:03,8282,94059,142470,3871468440,0,0,0
SM205,20220218,20220218,133602000,13:36:03,8284,94065,142470,3871715400,6,0,246960
SM205,20220218,20220218,133602500,13:36:03,8284,94065,142470,3871715400,0,0,0
SM205,20220218,20220218,133604000,13:36:06,8282,94066,142469,3871756560,1,-1,41160
SM205,20220218,20220218,133604500,13:36:06,8284,94067,142469,3871797720,1,0,41160
SM205,20220218,20220218,133605500,13:36:07,8284,94069,142469,3871880040,2,0,82320
SM205,20220218,20220218,133606000,13:36:07,8284,94078,142468,3872250480,9,-1,370440
SM205,20220218,20220218,133606500,13:36:07,8284,94078,142468,3872250480,0,0,0
SM205,20220218,20220218,133607000,13:36:08,8284,94078,142468,3872250480,0,0,0
SM205,20220218,20220218,133609500,13:36:10,8286,94079,142467,3872291640,1,-1,41160
SM205,20220218,20220218,133610000,13:36:10,8286,94081,142467,3872373960,2,0,82320
SM205,20220218,20220218,133610500,13:36:11,8286,94086,142465,3872579760,5,-2,205800
SM205,20220218,20220218,133611000,13:36:12,8284,94087,142465,3872620920,1,0,41160
SM205,20220218,20220218,133612000,13:36:12,8284,94090,142465,3872744400,3,0,123480
SM205,20220218,20220218,133613000,13:36:13,8284,94090,142465,3872744400,0,0,0
SM205,20220218,20220218,133616000,13:36:16,8284,94090,142465,3872744400,0,0,0
SM205,20220218,20220218,133616500,13:36:17,8286,94098,142459,3873073680,8,-6,329280
SM205,20220218,20220218,133617000,13:36:17,8286,94098,142459,3873073680,0,0,0
SM205,20220218,20220218,133617500,13:36:19,8284,94099,142459,3873114840,1,0,41160
SM205,20220218,20220218,133618000,13:36:19,8284,94099,142459,3873114840,0,0,0
SM205,20220218,20220218,133618500,13:36:19,8284,94099,142459,3873114840,0,0,0
SM205,20220218,20220218,133619000,13:36:19,8284,94099,142459,3873114840,0,0,0
SM205,20220218,20220218,133621500,13:36:21,8286,94106,142461,3873402960,7,2,288120
SM205,20220218,20220218,133622000,13:36:22,8286,94106,142461,3873402960,0,0,0
SM205,20220218,20220218,133623500,13:36:23,8284,94107,142461,3873444120,1,0,41160
SM205,20220218,20220218,133628500,13:36:29,8284,94108,142461,3873485280,1,0,41160
SM205,20220218,20220218,133633000,13:36:33,8284,94110,142461,3873567600,2,0,82320
SM205,20220218,20220218,133633500,13:36:33,8284,94110,142461,3873567600,0,0,0
SM205,20220218,20220218,133634000,13:36:34,8284,94110,142461,3873567600,0,0,0
SM205,20220218,20220218,133635000,13:36:35,8284,94110,142461,3873567600,0,0,0
SM205,20220218,20220218,133639500,13:36:40,8284,94110,142461,3873567600,0,0,0
SM205,20220218,20220218,133643000,13:36:43,8284,94130,142457,3874390800,20,-4,823200
SM205,20220218,20220218,133645000,13:36:45,8286,94136,142459,3874637760,6,2,246960
SM205,20220218,20220218,133645500,13:36:46,8286,94136,142459,3874637760,0,0,0
SM205,20220218,20220218,133647000,13:36:47,8286,94136,142459,3874637760,0,0,0
SM205,20220218,20220218,133648000,13:36:48,8286,94136,142459,3874637760,0,0,0
SM205,20220218,20220218,133648500,13:36:49,8286,94136,142459,3874637760,0,0,0
SM205,20220218,20220218,133649000,13:36:49,8286,94138,142459,3874720080,2,0,82320
SM205,20220218,20220218,133651000,13:36:51,8286,94141,142459,3874843560,3,0,123480
SM205,20220218,20220218,133653500,13:36:54,8286,94141,142459,3874843560,0,0,0
SM205,20220218,20220218,133654000,13:36:54,8284,94142,142460,3874884720,1,1,41160
SM205,20220218,20220218,133656500,13:36:57,8286,94143,142460,3874925880,1,0,41160
SM205,20220218,20220218,133657000,13:36:58,8286,94144,142460,3874967040,1,0,41160
SM205,20220218,20220218,133658000,13:36:58,8286,94144,142460,3874967040,0,0,0
SM205,20220218,20220218,133658500,13:36:59,8286,94144,142460,3874967040,0,0,0
SM205,20220218,20220218,133659000,13:36:59,8282,94145,142460,3875008200,1,0,41160
SM205,20220218,20220218,133702000,13:37:02,8282,94145,142460,3875008200,0,0,0
SM205,20220218,20220218,133702500,13:37:03,8282,94146,142460,3875049360,1,0,41160
SM205,20220218,20220218,133703000,13:37:03,8282,94146,142460,3875049360,0,0,0
SM205,20220218,20220218,133703500,13:37:03,8282,94146,142460,3875049360,0,0,0
SM205,20220218,20220218,133704000,13:37:04,8282,94147,142460,3875090520,1,0,41160
SM205,20220218,20220218,133704500,13:37:05,8282,94147,142460,3875090520,0,0,0
SM205,20220218,20220218,133705000,13:37:05,8282,94147,142460,3875090520,0,0,0
SM205,20220218,20220218,133705500,13:37:07,8282,94147,142460,3875090520,0,0,0
SM205,20220218,20220218,133706000,13:37:08,8282,94147,142460,3875090520,0,0,0
SM205,20220218,20220218,133706500,13:37:08,8282,94147,142460,3875090520,0,0,0
SM205,20220218,20220218,133707000,13:37:08,8282,94147,142460,3875090520,0,0,0
SM205,20220218,20220218,133708000,13:37:08,8282,94147,142460,3875090520,0,0,0
SM205,20220218,20220218,133709500,13:37:10,8282,94147,142460,3875090520,0,0,0
SM205,20220218,20220218,133710000,13:37:11,8282,94147,142460,3875090520,0,0,0
SM205,20220218,20220218,133710500,13:37:11,8282,94151,142457,3875255160,4,-3,164640
SM205,20220218,20220218,133711000,13:37:11,8282,94155,142455,3875419800,4,-2,164640
SM205,20220218,20220218,133713000,13:37:13,8282,94155,142455,3875419800,0,0,0
SM205,20220218,20220218,133713500,13:37:14,8282,94155,142455,3875419800,0,0,0
SM205,20220218,20220218,133714000,13:37:14,8282,94155,142455,3875419800,0,0,0
SM205,20220218,20220218,133714500,13:37:15,8282,94155,142455,3875419800,0,0,0
SM205,20220218,20220218,133715500,13:37:16,8286,94200,142441,3877272000,45,-14,1852200
SM205,20220218,20220218,133716000,13:37:16,8288,94204,142438,3877436640,4,-3,164640
SM205,20220218,20220218,133716500,13:37:17,8288,94204,142438,3877436640,0,0,0
SM205,20220218,20220218,133717000,13:37:17,8286,94216,142443,3877930560,12,5,493920
SM205,20220218,20220218,133717500,13:37:18,8286,94216,142443,3877930560,0,0,0
SM205,20220218,20220218,133718000,13:37:18,8286,94216,142443,3877930560,0,0,0
SM205,20220218,20220218,133718500,13:37:19,8286,94216,142443,3877930560,0,0,0
SM205,20220218,20220218,133719000,13:37:19,8290,94222,142448,3878177520,6,5,246960
SM205,20220218,20220218,133719500,13:37:20,8290,94230,142443,3878506800,8,-5,329280
SM205,20220218,20220218,133720000,13:37:21,8290,94234,142446,3878671440,4,3,164640
SM205,20220218,20220218,133720500,13:37:21,8290,94234,142446,3878671440,0,0,0
SM205,20220218,20220218,133721000,13:37:21,8290,94234,142446,3878671440,0,0,0
SM205,20220218,20220218,133721500,13:37:21,8290,94234,142446,3878671440,0,0,0
SM205,20220218,20220218,133723500,13:37:23,8290,94234,142446,3878671440,0,0,0
SM205,20220218,20220218,133724000,13:37:24,8290,94234,142446,3878671440,0,0,0
SM205,20220218,20220218,133724500,13:37:25,8290,94234,142446,3878671440,0,0,0
SM205,20220218,20220218,133725000,13:37:25,8290,94234,142446,3878671440,0,0,0
SM205,20220218,20220218,133725500,13:37:26,8290,94234,142446,3878671440,0,0,0
SM205,20220218,20220218,133726000,13:37:26,8290,94234,142446,3878671440,0,0,0
SM205,20220218,20220218,133726500,13:37:27,8290,94236,142446,3878753760,2,0,82320
SM205,20220218,20220218,133727000,13:37:27,8290,94236,142446,3878753760,0,0,0
SM205,20220218,20220218,133727500,13:37:27,8290,94247,142446,3879206520,11,0,452760
SM205,20220218,20220218,133730500,13:37:31,8290,94248,142446,3879247680,1,0,41160
SM205,20220218,20220218,133731000,13:37:31,8290,94248,142446,3879247680,0,0,0
SM205,20220218,20220218,133732000,13:37:32,8290,94251,142446,3879371160,3,0,123480
SM205,20220218,20220218,133733000,13:37:33,8290,94251,142446,3879371160,0,0,0
SM205,20220218,20220218,133734500,13:37:34,8290,94251,142446,3879371160,0,0,0
SM205,20220218,20220218,133735000,13:37:35,8290,94251,142446,3879371160,0,0,0
SM205,20220218,20220218,133735500,13:37:36,8288,94255,142445,3879535800,4,-1,164640
SM205,20220218,20220218,133739000,13:37:39,8288,94260,142450,3879741600,5,5,205800
SM205,20220218,20220218,133739500,13:37:39,8288,94265,142449,3879947400,5,-1,205800
SM205,20220218,20220218,133742000,13:37:42,8288,94266,142448,3879988560,1,-1,41160
SM205,20220218,20220218,133742500,13:37:43,8288,94273,142449,3880276680,7,1,288120
SM205,20220218,20220218,133743000,13:37:43,8288,94273,142449,3880276680,0,0,0
SM205,20220218,20220218,133743500,13:37:44,8288,94277,142450,3880441320,4,1,164640
SM205,20220218,20220218,133744000,13:37:44,8288,94277,142450,3880441320,0,0,0
SM205,20220218,20220218,133745000,13:37:45,8288,94277,142450,3880441320,0,0,0
SM205,20220218,20220218,133745500,13:37:45,8288,94277,142450,3880441320,0,0,0
SM205,20220218,20220218,133746000,13:37:46,8288,94277,142450,3880441320,0,0,0
SM205,20220218,20220218,133746500,13:37:47,8288,94277,142450,3880441320,0,0,0
SM205,20220218,20220218,133747000,13:37:47,8288,94282,142455,3880647120,5,5,205800
SM205,20220218,20220218,133747500,13:37:48,8288,94282,142455,3880647120,0,0,0
SM205,20220218,20220218,133748000,13:37:48,8290,94283,142455,3880688280,1,0,41160
SM205,20220218,20220218,133748500,13:37:48,8288,94286,142457,3880811760,3,2,123480
SM205,20220218,20220218,133749000,13:37:49,8288,94288,142459,3880894080,2,2,82320
SM205,20220218,20220218,133750000,13:37:50,8288,94293,142460,3881099880,5,1,205800
SM205,20220218,20220218,133750500,13:37:51,8290,94294,142460,3881141040,1,0,41160
SM205,20220218,20220218,133751500,13:37:53,8290,94295,142460,3881182200,1,0,41160
SM205,20220218,20220218,133752000,13:37:53,8290,94296,142460,3881223360,1,0,41160
SM205,20220218,20220218,133752500,13:37:54,8290,94296,142460,3881223360,0,0,0
SM205,20220218,20220218,133753000,13:37:54,8290,94296,142460,3881223360,0,0,0
SM205,20220218,20220218,133753500,13:37:54,8290,94296,142460,3881223360,0,0,0
SM205,20220218,20220218,133754500,13:37:55,8288,94297,142459,3881264520,1,-1,41160
SM205,20220218,20220218,133756000,13:37:56,8288,94298,142459,3881305680,1,0,41160
SM205,20220218,20220218,133756500,13:37:57,8288,94300,142459,3881388000,2,0,82320
SM205,20220218,20220218,133757000,13:37:57,8290,94310,142459,3881799600,10,0,411600
SM205,20220218,20220218,133758000,13:37:58,8290,94311,142459,3881840760,1,0,41160
SM205,20220218,20220218,133759500,13:38:00,8286,94314,142459,3881964240,3,0,123480
SM205,20220218,20220218,133800500,13:38:02,8286,94314,142459,3881964240,0,0,0
SM205,20220218,20220218,133801000,13:38:02,8286,94314,142459,3881964240,0,0,0
SM205,20220218,20220218,133802000,13:38:03,8290,94329,142460,3882581640,15,1,617400
SM205,20220218,20220218,133802500,13:38:05,8290,94329,142460,3882581640,0,0,0
SM205,20220218,20220218,133805000,13:38:06,8290,94329,142460,3882581640,0,0,0
SM205,20220218,20220218,133807500,13:38:09,8290,94330,142460,3882622800,1,0,41160
SM205,20220218,20220218,133811500,13:38:14,8290,94345,142446,3883240200,15,-14,617400
SM205,20220218,20220218,133812000,13:38:14,8290,94358,142436,3883775280,13,-10,535080
SM205,20220218,20220218,133812500,13:38:14,8290,94360,142436,3883857600,2,0,82320
SM205,20220218,20220218,133813500,13:38:15,8290,94364,142438,3884022240,4,2,164640
SM205,20220218,20220218,133814000,13:38:17,8290,94364,142438,3884022240,0,0,0
SM205,20220218,20220218,133817500,13:38:18,8290,94364,142438,3884022240,0,0,0
SM205,20220218,20220218,133818000,13:38:18,8290,94364,142438,3884022240,0,0,0
SM205,20220218,20220218,133819000,13:38:19,8292,94368,142439,3884186880,4,1,164640
SM205,20220218,20220218,133819500,13:38:19,8292,94369,142439,3884228040,1,0,41160
SM205,20220218,20220218,133820000,13:38:22,8290,94370,142439,3884269200,1,0,41160
SM205,20220218,20220218,133822500,13:38:23,8290,94374,142442,3884433840,4,3,164640
SM205,20220218,20220218,133823000,13:38:24,8290,94374,142442,3884433840,0,0,0
SM205,20220218,20220218,133824000,13:38:24,8290,94375,142442,3884475000,1,0,41160
SM205,20220218,20220218,133824500,13:38:40,8288,94380,142447,3884680800,5,5,205800
SM205,20220218,20220218,133825500,13:38:41,8290,94383,142447,3884804280,3,0,123480
SM205,20220218,20220218,133837500,13:38:42,8290,94413,142439,3886039080,30,-8,1234800
SM205,20220218,20220218,133842000,13:38:43,8288,94415,142438,3886121400,2,-1,82320
SM205,20220218,20220218,133843500,13:38:44,8290,94416,142438,3886162560,1,0,41160
SM205,20220218,20220218,133845500,13:38:45,8290,94416,142438,3886162560,0,0,0
SM205,20220218,20220218,133846000,13:38:46,8290,94416,142438,3886162560,0,0,0
SM205,20220218,20220218,133847000,13:38:47,8292,94419,142438,3886286040,3,0,123480
SM205,20220218,20220218,133850500,13:38:50,8292,94419,142438,3886286040,0,0,0
SM205,20220218,20220218,133901000,13:39:01,8288,94421,142439,3886368360,2,1,82320
SM205,20220218,20220218,133902000,13:39:02,8288,94424,142442,3886491840,3,3,123480
SM205,20220218,20220218,133907500,13:39:07,8288,94424,142442,3886491840,0,0,0
SM205,20220218,20220218,133908500,13:39:08,8286,94434,142440,3886903440,10,-2,411600
SM205,20220218,20220218,133912000,13:39:12,8286,94434,142440,3886903440,0,0,0
SM205,20220218,20220218,133913500,13:39:13,8288,94436,142441,3886985760,2,1,82320
SM205,20220218,20220218,133914000,13:39:15,8290,94442,142444,3887232720,6,3,246960
SM205,20220218,20220218,133914500,13:39:16,8284,94463,142435,3888097080,21,-9,864360
SM205,20220218,20220218,133917000,13:39:19,8284,94463,142435,3888097080,0,0,0
SM205,20220218,20220218,133919000,13:39:19,8284,94468,142433,3888302880,5,-2,205800
SM205,20220218,20220218,133920000,13:39:20,8284,94468,142433,3888302880,0,0,0
SM205,20220218,20220218,133921500,13:39:21,8284,94469,142433,3888344040,1,0,41160
SM205,20220218,20220218,133924500,13:39:24,8286,94470,142433,3888385200,1,0,41160
SM205,20220218,20220218,133925000,13:39:25,8286,94470,142433,3888385200,0,0,0
SM205,20220218,20220218,133931000,13:39:31,8286,94471,142433,3888426360,1,0,41160
SM205,20220218,20220218,133932500,13:39:33,8286,94471,142433,3888426360,0,0,0
SM205,20220218,20220218,133933500,13:39:33,8286,94471,142433,3888426360,0,0,0
SM205,20220218,20220218,133936000,13:39:36,8286,94475,142434,3888591000,4,1,164640
SM205,20220218,20220218,133937000,13:39:37,8286,94476,142435,3888632160,1,1,41160
SM205,20220218,20220218,133938000,13:39:38,8286,94476,142435,3888632160,0,0,0
SM205,20220218,20220218,133938500,13:39:38,8286,94476,142435,3888632160,0,0,0
SM205,20220218,20220218,133940000,13:39:40,8284,94481,142436,3888837960,5,1,205800
SM205,20220218,20220218,133941000,13:39:41,8282,94494,142444,3889373040,13,8,535080
SM205,20220218,20220218,133943500,13:39:43,8280,94642,142591,3895464720,148,147,6091680
SM205,20220218,20220218,133944500,13:39:44,8280,94770,142674,3900733200,128,83,5268480
SM205,20220218,20220218,133945000,13:39:45,8280,94772,142676,3900815520,2,2,82320
SM205,20220218,20220218,133945500,13:39:46,8280,94778,142679,3901062480,6,3,246960
SM205,20220218,20220218,133946000,13:39:47,8280,94789,142684,3901515240,11,5,452760
SM205,20220218,20220218,133947500,13:39:47,8280,94791,142684,3901597560,2,0,82320
SM205,20220218,20220218,133948000,13:39:48,8280,94791,142684,3901597560,0,0,0
SM205,20220218,20220218,133949000,13:39:49,8278,94792,142684,3901638720,1,0,41160
SM205,20220218,20220218,133950000,13:39:50,8278,94792,142684,3901638720,0,0,0
SM205,20220218,20220218,133950500,13:39:50,8280,94793,142684,3901679880,1,0,41160
SM205,20220218,20220218,133952500,13:39:53,8280,94794,142684,3901721040,1,0,41160
SM205,20220218,20220218,133953500,13:39:54,8278,94797,142684,3901844520,3,0,123480
SM205,20220218,20220218,133954500,13:39:55,8282,94803,142681,3902091480,6,-3,246960
SM205,20220218,20220218,133955000,13:39:55,8282,94805,142683,3902173800,2,2,82320
SM205,20220218,20220218,133955500,13:39:55,8280,94810,142688,3902379600,5,5,205800
SM205,20220218,20220218,134011500,13:40:13,8282,94841,142676,3903655560,31,-12,1275960
SM205,20220218,20220218,134015000,13:40:16,8282,94846,142675,3903861360,5,-1,205800
SM205,20220218,20220218,134015500,13:40:16,8284,94850,142673,3904026000,4,-2,164640
SM205,20220218,20220218,134017000,13:40:17,8284,94850,142673,3904026000,0,0,0
SM205,20220218,20220218,134017500,13:40:18,8284,94851,142673,3904067160,1,0,41160
SM205,20220218,20220218,134020000,13:40:20,8284,94851,142673,3904067160,0,0,0
SM205,20220218,20220218,134020500,13:40:21,8284,94873,142676,3904972680,22,3,905520
SM205,20220218,20220218,134021000,13:40:21,8286,94875,142675,3905055000,2,-1,82320
SM205,20220218,20220218,134021500,13:40:22,8286,94875,142675,3905055000,0,0,0
SM205,20220218,20220218,134022000,13:40:22,8284,94876,142675,3905096160,1,0,41160
SM205,20220218,20220218,134022500,13:40:23,8284,94877,142675,3905137320,1,0,41160
SM205,20220218,20220218,134023000,13:40:23,8284,94891,142684,3905713560,14,9,576240
SM205,20220218,20220218,134023500,13:40:23,8284,94891,142684,3905713560,0,0,0
SM205,20220218,20220218,134029000,13:40:30,8284,94892,142685,3905754720,1,1,41160
SM205,20220218,20220218,134029500,13:40:30,8284,94892,142685,3905754720,0,0,0
SM205,20220218,20220218,134030000,13:40:30,8284,94892,142685,3905754720,0,0,0
SM205,20220218,20220218,134030500,13:40:31,8284,94897,142690,3905960520,5,5,205800
SM205,20220218,20220218,134031500,13:40:32,8284,94897,142690,3905960520,0,0,0
SM205,20220218,20220218,134032000,13:40:32,8284,94897,142690,3905960520,0,0,0
SM205,20220218,20220218,134032500,13:40:32,8284,94897,142690,3905960520,0,0,0
SM205,20220218,20220218,134033000,13:40:33,8286,94920,142691,3906907200,23,1,946680
SM205,20220218,20220218,134033500,13:40:34,8288,94970,142678,3908965200,50,-13,2058000
SM205,20220218,20220218,134034000,13:40:34,8288,94970,142678,3908965200,0,0,0
SM205,20220218,20220218,134035000,13:40:35,8290,94972,142677,3909047520,2,-1,82320
SM205,20220218,20220218,134035500,13:40:36,8290,94973,142677,3909088680,1,0,41160
SM205,20220218,20220218,134037000,13:40:37,8290,94978,142678,3909294480,5,1,205800
SM205,20220218,20220218,134037500,13:40:37,8290,94978,142678,3909294480,0,0,0
SM205,20220218,20220218,134041000,13:40:42,8290,94978,142678,3909294480,0,0,0
SM205,20220218,20220218,134041500,13:40:42,8292,94983,142675,3909500280,5,-3,205800
SM205,20220218,20220218,134042500,13:40:42,8290,94985,142675,3909582600,2,0,82320
SM205,20220218,20220218,134043500,13:40:44,8288,94993,142668,3909911880,8,-7,329280
SM205,20220218,20220218,134044500,13:40:44,8288,94993,142668,3909911880,0,0,0
SM205,20220218,20220218,134045500,13:40:45,8288,94993,142668,3909911880,0,0,0
SM205,20220218,20220218,134047000,13:40:47,8292,95024,142674,3911187840,31,6,1275960
SM205,20220218,20220218,134047500,13:40:47,8292,95033,142674,3911558280,9,0,370440
SM205,20220218,20220218,134048500,13:40:48,8292,95078,142714,3913410480,45,40,1852200
SM205,20220218,20220218,134049000,13:40:49,8290,95083,142716,3913616280,5,2,205800
SM205,20220218,20220218,134049500,13:40:49,8288,95085,142718,3913698600,2,2,82320
SM205,20220218,20220218,134050000,13:40:50,8290,95086,142718,3913739760,1,0,41160
SM205,20220218,20220218,134052000,13:40:55,8290,95086,142718,3913739760,0,0,0
SM205,20220218,20220218,134052500,13:40:55,8290,95086,142718,3913739760,0,0,0
SM205,20220218,20220218,134054500,13:40:55,8290,95088,142720,3913822080,2,2,82320
SM205,20220218,20220218,134058000,13:40:58,8290,95089,142721,3913863240,1,1,41160
SM205,20220218,20220218,134059000,13:40:59,8290,95090,142722,3913904400,1,1,41160
SM205,20220218,20220218,134059500,13:41:00,8286,95092,142720,3913986720,2,-2,82320
SM205,20220218,20220218,134100000,13:41:00,8286,95093,142720,3914027880,1,0,41160
SM205,20220218,20220218,134100500,13:41:00,8286,95093,142720,3914027880,0,0,0
SM205,20220218,20220218,134101500,13:41:01,8286,95093,142720,3914027880,0,0,0
SM205,20220218,20220218,134102000,13:41:02,8286,95093,142720,3914027880,0,0,0
SM205,20220218,20220218,134102500,13:41:02,8286,95093,142720,3914027880,0,0,0
SM205,20220218,20220218,134103000,13:41:04,8286,95093,142720,3914027880,0,0,0
SM205,20220218,20220218,134103500,13:41:05,8286,95093,142720,3914027880,0,0,0
SM205,20220218,20220218,134104500,13:41:06,8288,95094,142721,3914069040,1,1,41160
SM205,20220218,20220218,134105000,13:41:06,8290,95097,142723,3914192520,3,2,123480
SM205,20220218,20220218,134105500,13:41:06,8290,95097,142723,3914192520,0,0,0
SM205,20220218,20220218,134106000,13:41:07,8290,95097,142723,3914192520,0,0,0
SM205,20220218,20220218,134107500,13:41:09,8290,95097,142723,3914192520,0,0,0
SM205,20220218,20220218,134108500,13:41:10,8286,95098,142723,3914233680,1,0,41160
SM205,20220218,20220218,134109500,13:41:10,8290,95099,142724,3914274840,1,1,41160
SM205,20220218,20220218,134110000,13:41:10,8290,95099,142724,3914274840,0,0,0
SM205,20220218,20220218,134110500,13:41:10,8290,95099,142724,3914274840,0,0,0
SM205,20220218,20220218,134111000,13:41:11,8290,95099,142724,3914274840,0,0,0
SM205,20220218,20220218,134111500,13:41:12,8290,95099,142724,3914274840,0,0,0
SM205,20220218,20220218,134113000,13:41:13,8290,95100,142725,3914316000,1,1,41160
SM205,20220218,20220218,134114000,13:41:15,8286,95101,142725,3914357160,1,0,41160
SM205,20220218,20220218,134114500,13:41:16,8290,95102,142726,3914398320,1,1,41160
SM205,20220218,20220218,134116000,13:41:17,8286,95103,142726,3914439480,1,0,41160
SM205,20220218,20220218,134116500,13:41:17,8290,95104,142727,3914480640,1,1,41160
SM205,20220218,20220218,134118000,13:41:19,8290,95104,142727,3914480640,0,0,0
SM205,20220218,20220218,134118500,13:41:19,8290,95104,142727,3914480640,0,0,0
SM205,20220218,20220218,134119500,13:41:20,8290,95104,142727,3914480640,0,0,0
SM205,20220218,20220218,134120000,13:41:20,8290,95104,142727,3914480640,0,0,0
SM205,20220218,20220218,134121000,13:41:23,8286,95105,142727,3914521800,1,0,41160
SM205,20220218,20220218,134121500,13:41:24,8290,95109,142731,3914686440,4,4,164640
SM205,20220218,20220218,134122000,13:41:24,8286,95112,142731,3914809920,3,0,123480
SM205,20220218,20220218,134124500,13:41:26,8286,95113,142731,3914851080,1,0,41160
SM205,20220218,20220218,134125000,13:41:27,8286,95113,142731,3914851080,0,0,0
SM205,20220218,20220218,134127000,13:41:27,8286,95113,142731,3914851080,0,0,0
SM205,20220218,20220218,134128000,13:41:28,8286,95113,142731,3914851080,0,0,0
SM205,20220218,20220218,134129000,13:41:29,8286,95113,142731,3914851080,0,0,0
SM205,20220218,20220218,134129500,13:41:30,8286,95113,142731,3914851080,0,0,0
SM205,20220218,20220218,134131000,13:41:31,8286,95113,142731,3914851080,0,0,0
SM205,20220218,20220218,134131500,13:41:32,8290,95118,142735,3915056880,5,4,205800
SM205,20220218,20220218,134132000,13:41:33,8290,95119,142735,3915098040,1,0,41160
SM205,20220218,20220218,134132500,13:41:33,8290,95119,142735,3915098040,0,0,0
SM205,20220218,20220218,134133000,13:41:33,8288,95123,142736,3915262680,4,1,164640
SM205,20220218,20220218,134134000,13:41:34,8292,95124,142736,3915303840,1,0,41160
SM205,20220218,20220218,134135000,13:41:35,8292,95124,142736,3915303840,0,0,0
SM205,20220218,20220218,134135500,13:41:35,8292,95126,142738,3915386160,2,2,82320
SM205,20220218,20220218,134136000,13:41:39,8292,95126,142738,3915386160,0,0,0
SM205,20220218,20220218,134136500,13:41:39,8292,95126,142738,3915386160,0,0,0
SM205,20220218,20220218,134137000,13:41:40,8292,95128,142737,3915468480,2,-1,82320
SM205,20220218,20220218,134138000,13:41:41,8292,95128,142737,3915468480,0,0,0
SM205,20220218,20220218,134143500,13:41:44,8288,95129,142736,3915509640,1,-1,41160
SM205,20220218,20220218,134144000,13:41:44,8288,95129,142736,3915509640,0,0,0
SM205,20220218,20220218,134144500,13:41:44,8288,95129,142736,3915509640,0,0,0
SM205,20220218,20220218,134145000,13:41:45,8292,95130,142735,3915550800,1,-1,41160
SM205,20220218,20220218,134146500,13:41:47,8292,95131,142735,3915591960,1,0,41160
SM205,20220218,20220218,134150000,13:41:50,8290,95135,142737,3915756600,4,2,164640
SM205,20220218,20220218,134151000,13:41:51,8290,95135,142737,3915756600,0,0,0
SM205,20220218,20220218,134152000,13:41:52,8290,95136,142737,3915797760,1,0,41160
SM205,20220218,20220218,134152500,13:41:52,8290,95137,142738,3915838920,1,1,41160
SM205,20220218,20220218,134154000,13:42:02,8290,95137,142738,3915838920,0,0,0
SM205,20220218,20220218,134154500,13:42:02,8290,95137,142738,3915838920,0,0,0
SM205,20220218,20220218,134201500,13:42:10,8286,95144,142735,3916127040,7,-3,288120
SM205,20220218,20220218,134210000,13:42:12,8286,95144,142735,3916127040,0,0,0
SM205,20220218,20220218,134212500,13:42:13,8292,95156,142738,3916620960,12,3,493920
SM205,20220218,20220218,134213000,13:42:13,8292,95156,142738,3916620960,0,0,0
SM205,20220218,20220218,134213500,13:42:14,8286,95171,142725,3917238360,15,-13,617400
SM205,20220218,20220218,134214000,13:42:14,8286,95191,142735,3918061560,20,10,823200
SM205,20220218,20220218,134214500,13:42:15,8286,95193,142736,3918143880,2,1,82320
SM205,20220218,20220218,134215000,13:42:15,8286,95194,142737,3918185040,1,1,41160
SM205,20220218,20220218,134215500,13:42:16,8286,95194,142737,3918185040,0,0,0
SM205,20220218,20220218,134216000,13:42:16,8284,95195,142737,3918226200,1,0,41160
SM205,20220218,20220218,134218500,13:42:20,8286,95196,142738,3918267360,1,1,41160
SM205,20220218,20220218,134219500,13:42:20,8286,95196,142738,3918267360,0,0,0
SM205,20220218,20220218,134220000,13:42:21,8284,95199,142736,3918390840,3,-2,123480
SM205,20220218,20220218,134221000,13:42:21,8286,95200,142737,3918432000,1,1,41160
SM205,20220218,20220218,134222500,13:42:22,8284,95203,142734,3918555480,3,-3,123480
SM205,20220218,20220218,134223500,13:42:24,8286,95205,142735,3918637800,2,1,82320
