SM203,20220218,20220218,112003000,11:20:04,8256,443,6604,18202870,443,179,18202870
SM203,20220218,20220218,112004500,11:20:09,8256,443,6604,18202870,0,0,0
SM203,20220218,20220218,112005000,11:20:10,8256,443,6604,18202870,0,0,0
SM203,20220218,20220218,112005500,11:20:10,8256,443,6604,18202870,0,0,0
SM203,20220218,20220218,112007000,11:20:10,8256,443,6604,18202870,0,0,0
SM203,20220218,20220218,112007500,11:20:10,8256,443,6604,18202870,0,0,0
SM203,20220218,20220218,112008000,11:20:10,8256,443,6604,18202870,0,0,0
SM203,20220218,20220218,112009500,11:20:10,8256,443,6604,18202870,0,0,0
SM203,20220218,20220218,112010500,11:20:10,8256,443,6604,18202870,0,0,0
SM203,20220218,20220218,112012000,11:20:12,8256,443,6604,18202870,0,0,0
SM203,20220218,20220218,112015500,11:20:16,8256,443,6604,18202870,0,0,0
SM203,20220218,20220218,112016000,11:20:16,8256,443,6604,18202870,0,0,0
SM203,20220218,20220218,112016500,11:20:16,8256,443,6604,18202870,0,0,0
SM203,20220218,20220218,112017000,11:20:17,8256,443,6604,18202870,0,0,0
SM203,20220218,20220218,112017500,11:20:17,8256,443,6604,18202870,0,0,0
SM203,20220218,20220218,112018500,11:20:18,8256,443,6604,18202870,0,0,0
SM203,20220218,20220218,112019000,11:20:19,8256,443,6604,18202870,0,0,0
SM203,20220218,20220218,112020000,11:20:20,8256,443,6604,18202870,0,0,0
SM203,20220218,20220218,112020500,11:20:20,8256,443,6604,18202870,0,0,0
SM203,20220218,20220218,112023500,11:20:23,8256,443,6604,18202870,0,0,0
SM203,20220218,20220218,112026500,11:20:26,8256,443,6604,18202870,0,0,0
SM203,20220218,20220218,112027500,11:20:27,8256,443,6604,18202870,0,0,0
SM203,20220218,20220218,112029000,11:20:29,8256,443,6604,18202870,0,0,0
SM203,20220218,20220218,112029500,11:20:30,8256,443,6604,18202870,0,0,0
SM203,20220218,20220218,112030000,11:20:31,8256,443,6604,18202870,0,0,0
SM203,20220218,20220218,112030500,11:20:31,8256,443,6604,18202870,0,0,0
SM203,20220218,20220218,112031000,11:20:31,8256,443,6604,18202870,0,0,0
SM203,20220218,20220218,112033000,11:20:33,8256,443,6604,18202870,0,0,0
SM203,20220218,20220218,112033500,11:20:33,8256,443,6604,18202870,0,0,0
SM203,20220218,20220218,112034000,11:20:34,8256,443,6604,18202870,0,0,0
SM203,20220218,20220218,112034500,11:20:34,8256,443,6604,18202870,0,0,0
SM203,20220218,20220218,112037000,11:20:37,8256,443,6604,18202870,0,0,0
SM203,20220218,20220218,112038000,11:20:38,8256,443,6604,18202870,0,0,0
SM203,20220218,20220218,112042500,11:20:42,8256,443,6604,18202870,0,0,0
SM203,20220218,20220218,112043000,11:20:43,8256,443,6604,18202870,0,0,0
SM203,20220218,20220218,112044500,11:20:44,8256,443,6604,18202870,0,0,0
SM203,20220218,20220218,112045000,11:20:45,8256,443,6604,18202870,0,0,0
SM203,20220218,20220218,112046000,11:20:46,8256,443,6604,18202870,0,0,0
SM203,20220218,20220218,112046500,11:20:46,8256,443,6604,18202870,0,0,0
SM203,20220218,20220218,112047000,11:20:47,8256,443,6604,18202870,0,0,0
SM203,20220218,20220218,112047500,11:20:48,8256,443,6604,18202870,0,0,0
SM203,20220218,20220218,112050500,11:20:50,8256,443,6604,18202870,0,0,0
SM203,20220218,20220218,112051500,11:20:51,8256,443,6604,18202870,0,0,0
SM203,20220218,20220218,112052000,11:20:53,8256,443,6604,18202870,0,0,0
SM203,20220218,20220218,112052500,11:20:53,8256,443,6604,18202870,0,0,0
SM203,20220218,20220218,112053000,11:20:53,8256,443,6604,18202870,0,0,0
SM203,20220218,20220218,112054500,11:20:55,8256,443,6604,18202870,0,0,0
SM203,20220218,20220218,112055000,11:20:55,8256,443,6604,18202870,0,0,0
SM203,20220218,20220218,112056000,11:20:56,8256,443,6604,18202870,0,0,0
SM203,20220218,20220218,112056500,11:20:56,8256,443,6604,18202870,0,0,0
SM203,20220218,20220218,112057000,11:20:58,8256,443,6604,18202870,0,0,0
SM203,20220218,20220218,112057500,11:20:58,8256,449,6604,18453900,6,0,251030
SM203,20220218,20220218,112058000,11:20:58,8256,449,6604,18453900,0,0,0
SM203,20220218,20220218,112059000,11:20:59,8256,449,6604,18453900,0,0,0
SM203,20220218,20220218,112059500,11:21:00,8256,449,6604,18453900,0,0,0
SM203,20220218,20220218,112100000,11:21:00,8256,449,6604,18453900,0,0,0
SM203,20220218,20220218,112100500,11:21:00,8256,452,6604,18577200,3,0,123300
SM203,20220218,20220218,112101000,11:21:01,8256,452,6604,18577200,0,0,0
SM203,20220218,20220218,112101500,11:21:02,8256,452,6604,18577200,0,0,0
SM203,20220218,20220218,112103000,11:21:03,8256,452,6604,18577200,0,0,0
SM203,20220218,20220218,112105500,11:21:06,8256,452,6604,18577200,0,0,0
SM203,20220218,20220218,112108500,11:21:10,8256,452,6604,18577200,0,0,0
SM203,20220218,20220218,112109500,11:21:10,8256,452,6604,18577200,0,0,0
SM203,20220218,20220218,112111000,11:21:11,8256,452,6604,18577200,0,0,0
SM203,20220218,20220218,112112500,11:21:13,8256,452,6604,18577200,0,0,0
SM203,20220218,20220218,112113000,11:21:13,8256,452,6604,18577200,0,0,0
SM203,20220218,20220218,112114000,11:21:14,8256,452,6604,18577200,0,0,0
SM203,20220218,20220218,112116500,11:21:16,8256,452,6604,18577200,0,0,0
SM203,20220218,20220218,112117000,11:21:17,8256,452,6604,18577200,0,0,0
SM203,20220218,20220218,112119500,11:21:19,8256,452,6604,18577200,0,0,0
SM203,20220218,20220218,112123000,11:21:23,8256,452,6604,18577200,0,0,0
SM203,20220218,20220218,112125000,11:21:29,8256,452,6604,18577200,0,0,0
SM203,20220218,20220218,112125500,11:23:32,8256,452,6604,18577200,0,0,0
SM203,20220218,20220218,112126000,11:23:32,8256,452,6604,18577200,0,0,0
SM203,20220218,20220218,112332500,11:23:33,8256,452,6604,18577200,0,0,0
SM203,20220218,20220218,112334500,11:23:34,8256,452,6604,18577200,0,0,0
SM203,20220218,20220218,112335500,11:23:35,8256,452,6604,18577200,0,0,0
SM203,20220218,20220218,112336000,11:23:36,8256,452,6604,18577200,0,0,0
SM203,20220218,20220218,112337000,11:23:38,8256,452,6604,18577200,0,0,0
SM203,20220218,20220218,112337500,11:23:38,8256,452,6604,18577200,0,0,0
SM203,20220218,20220218,112338000,11:23:38,8256,452,6604,18577200,0,0,0
SM203,20220218,20220218,112338500,11:23:38,8256,452,6604,18577200,0,0,0
SM203,20220218,20220218,112339500,11:23:39,8256,452,6604,18577200,0,0,0
SM203,20220218,20220218,112340000,11:23:40,8256,452,6604,18577200,0,0,0
SM203,20220218,20220218,112340500,11:23:40,8256,452,6604,18577200,0,0,0
SM203,20220218,20220218,112341000,11:23:41,8256,452,6604,18577200,0,0,0
SM203,20220218,20220218,112341500,11:23:42,8256,452,6604,18577200,0,0,0
SM203,20220218,20220218,112342000,11:23:42,8256,452,6604,18577200,0,0,0
SM203,20220218,20220218,112343000,11:23:43,8256,452,6604,18577200,0,0,0
SM203,20220218,20220218,112343500,11:23:43,8256,452,6604,18577200,0,0,0
SM203,20220218,20220218,112344000,11:23:45,8256,452,6604,18577200,0,0,0
SM203,20220218,20220218,112345000,11:23:48,8256,452,6604,18577200,0,0,0
SM203,20220218,20220218,112345500,11:23:48,8256,452,6604,18577200,0,0,0
SM203,20220218,20220218,112348000,11:23:48,8256,452,6604,18577200,0,0,0
SM203,20220218,20220218,112349500,11:23:50,8256,452,6604,18577200,0,0,0
SM203,20220218,20220218,112350000,11:23:50,8256,452,6604,18577200,0,0,0
SM203,20220218,20220218,112350500,11:23:50,8256,452,6604,18577200,0,0,0
SM203,20220218,20220218,112352000,11:23:52,8256,452,6604,18577200,0,0,0
SM203,20220218,20220218,112353500,11:23:53,8256,452,6604,18577200,0,0,0
SM203,20220218,20220218,112354000,11:23:54,8256,452,6604,18577200,0,0,0
SM203,20220218,20220218,112354500,11:23:55,8256,452,6604,18577200,0,0,0
SM203,20220218,20220218,112355000,11:23:55,8256,452,6604,18577200,0,0,0
SM203,20220218,20220218,112355500,11:23:55,8256,452,6604,18577200,0,0,0
SM203,20220218,20220218,112356000,11:23:56,8256,452,6604,18577200,0,0,0
SM203,20220218,20220218,112357500,11:23:57,8256,452,6604,18577200,0,0,0
SM203,20220218,20220218,112358000,11:23:58,8256,452,6604,18577200,0,0,0
SM203,20220218,20220218,112358500,11:23:58,8256,452,6604,18577200,0,0,0
SM203,20220218,20220218,112359000,11:23:59,8256,452,6604,18577200,0,0,0
SM203,20220218,20220218,112400000,11:24:00,8256,452,6604,18577200,0,0,0
SM203,20220218,20220218,112400500,11:24:00,8256,452,6604,18577200,0,0,0
SM203,20220218,20220218,112401000,11:24:01,8256,452,6604,18577200,0,0,0
SM203,20220218,20220218,112401500,11:24:01,8256,452,6604,18577200,0,0,0
SM203,20220218,20220218,112402000,11:24:02,8256,452,6604,18577200,0,0,0
SM203,20220218,20220218,112404000,11:24:04,8256,452,6604,18577200,0,0,0
SM203,20220218,20220218,112404500,11:24:04,8256,452,6604,18577200,0,0,0
SM203,20220218,20220218,112406500,11:24:06,8256,452,6604,18577200,0,0,0
SM203,20220218,20220218,112407000,11:24:07,8256,452,6604,18577200,0,0,0
SM203,20220218,20220218,112407500,11:24:07,8256,452,6604,18577200,0,0,0
SM203,20220218,20220218,112411000,11:24:12,8256,452,6604,18577200,0,0,0
SM203,20220218,20220218,112412000,11:24:12,8256,452,6604,18577200,0,0,0
SM203,20220218,20220218,112412500,11:24:13,8256,452,6604,18577200,0,0,0
SM203,20220218,20220218,112413000,11:24:13,8256,452,6604,18577200,0,0,0
SM203,20220218,20220218,112417000,11:24:17,8256,452,6604,18577200,0,0,0
SM203,20220218,20220218,112417500,11:24:18,8256,452,6604,18577200,0,0,0
SM203,20220218,20220218,112418000,11:24:18,8256,452,6604,18577200,0,0,0
SM203,20220218,20220218,112418500,11:24:19,8256,452,6604,18577200,0,0,0
SM203,20220218,20220218,112419000,11:24:19,8256,452,6604,18577200,0,0,0
SM203,20220218,20220218,112419500,11:24:19,8256,452,6604,18577200,0,0,0
SM203,20220218,20220218,112420000,11:24:20,8256,452,6604,18577200,0,0,0
SM203,20220218,20220218,112420500,11:24:20,8256,452,6604,18577200,0,0,0
SM203,20220218,20220218,112421500,11:24:22,8256,452,6604,18577200,0,0,0
SM203,20220218,20220218,112422000,11:24:22,8256,452,6604,18577200,0,0,0
SM203,20220218,20220218,112425000,11:24:25,8256,452,6604,18577200,0,0,0
SM203,20220218,20220218,112426000,11:24:26,8256,452,6604,18577200,0,0,0
SM203,20220218,20220218,112427500,11:24:28,8256,452,6604,18577200,0,0,0
SM203,20220218,20220218,112428000,11:24:28,8256,452,6604,18577200,0,0,0
SM203,20220218,20220218,112429000,11:24:29,8256,452,6604,18577200,0,0,0
SM203,20220218,20220218,112429500,11:24:29,8256,452,6604,18577200,0,0,0
SM203,20220218,20220218,112430000,11:24:30,8256,452,6604,18577200,0,0,0
SM203,20220218,20220218,112432000,11:24:32,8256,452,6604,18577200,0,0,0
SM203,20220218,20220218,112433000,11:24:33,8256,452,6604,18577200,0,0,0
SM203,20220218,20220218,112438000,11:24:39,8256,452,6604,18577200,0,0,0
SM203,20220218,20220218,112439000,11:24:40,8256,452,6604,18577200,0,0,0
SM203,20220218,20220218,112442500,11:24:42,8256,452,6604,18577200,0,0,0
SM203,20220218,20220218,112445500,11:24:45,8256,452,6604,18577200,0,0,0
SM203,20220218,20220218,112446000,11:24:46,8256,452,6604,18577200,0,0,0
SM203,20220218,20220218,112448500,11:24:48,8256,452,6604,18577200,0,0,0
SM203,20220218,20220218,112449000,11:24:49,8256,452,6604,18577200,0,0,0
SM203,20220218,20220218,112449500,11:24:49,8256,452,6604,18577200,0,0,0
SM203,20220218,20220218,112450000,11:24:50,8256,452,6604,18577200,0,0,0
SM203,20220218,20220218,112450500,11:24:50,8256,452,6604,18577200,0,0,0
SM203,20220218,20220218,112452000,11:24:52,8256,452,6604,18577200,0,0,0
SM203,20220218,20220218,112452500,11:24:52,8256,452,6604,18577200,0,0,0
SM203,20220218,20220218,112454000,11:24:54,8256,452,6604,18577200,0,0,0
SM203,20220218,20220218,112455000,11:24:55,8256,452,6604,18577200,0,0,0
SM203,20220218,20220218,112458000,11:24:58,8256,452,6604,18577200,0,0,0
SM203,20220218,20220218,112458500,11:24:58,8256,452,6604,18577200,0,0,0
SM203,20220218,20220218,112459000,11:24:59,8256,452,6604,18577200,0,0,0
SM203,20220218,20220218,112459500,11:24:59,8256,452,6604,18577200,0,0,0
SM203,20220218,20220218,112500000,11:25:00,8256,452,6604,18577200,0,0,0
SM203,20220218,20220218,112501000,11:25:01,8256,452,6604,18577200,0,0,0
SM203,20220218,20220218,112503000,11:25:06,8256,452,6604,18577200,0,0,0
SM203,20220218,20220218,112505000,11:25:06,8256,452,6604,18577200,0,0,0
SM203,20220218,20220218,112506000,11:25:07,8256,452,6604,18577200,0,0,0
SM203,20220218,20220218,112506500,11:25:07,8256,452,6604,18577200,0,0,0
SM203,20220218,20220218,112507000,11:25:07,8256,452,6604,18577200,0,0,0
SM203,20220218,20220218,112508000,11:25:08,8256,452,6604,18577200,0,0,0
SM203,20220218,20220218,112508500,11:25:08,8256,452,6604,18577200,0,0,0
SM203,20220218,20220218,112509500,11:25:09,8256,452,6604,18577200,0,0,0
SM203,20220218,20220218,112513500,11:25:15,8256,452,6604,18577200,0,0,0
SM203,20220218,20220218,112514500,11:25:15,8256,452,6604,18577200,0,0,0
SM203,20220218,20220218,112515000,11:25:16,8256,452,6604,18577200,0,0,0
SM203,20220218,20220218,112515500,11:25:16,8256,452,6604,18577200,0,0,0
SM203,20220218,20220218,112516000,11:25:16,8256,452,6604,18577200,0,0,0
SM203,20220218,20220218,112516500,11:25:16,8256,452,6604,18577200,0,0,0
SM203,20220218,20220218,112517000,11:25:17,8256,452,6604,18577200,0,0,0
SM203,20220218,20220218,112517500,11:25:18,8256,452,6604,18577200,0,0,0
SM203,20220218,20220218,112518000,11:25:18,8256,452,6604,18577200,0,0,0
SM203,20220218,20220218,112518500,11:25:19,8256,452,6604,18577200,0,0,0
SM203,20220218,20220218,112519000,11:25:19,8256,452,6604,18577200,0,0,0
SM203,20220218,20220218,112520500,11:25:21,8256,452,6604,18577200,0,0,0
SM203,20220218,20220218,112521000,11:25:21,8256,452,6604,18577200,0,0,0
SM203,20220218,20220218,112522000,11:25:22,8256,452,6604,18577200,0,0,0
SM203,20220218,20220218,112522500,11:25:22,8256,452,6604,18577200,0,0,0
SM203,20220218,20220218,112523000,11:25:23,8256,452,6604,18577200,0,0,0
SM203,20220218,20220218,112523500,11:25:24,8256,452,6604,18577200,0,0,0
SM203,20220218,20220218,112524500,11:25:25,8256,452,6604,18577200,0,0,0
SM203,20220218,20220218,112526000,11:25:26,8256,452,6604,18577200,0,0,0
SM203,20220218,20220218,112526500,11:25:27,8256,452,6604,18577200,0,0,0
SM203,20220218,20220218,112528500,11:25:28,8256,452,6604,18577200,0,0,0
SM203,20220218,20220218,112529000,11:25:29,8256,452,6604,18577200,0,0,0
SM203,20220218,20220218,112529500,11:25:30,8256,452,6604,18577200,0,0,0
SM203,20220218,20220218,112530000,11:25:30,8256,452,6604,18577200,0,0,0
SM203,20220218,20220218,112530500,11:25:31,8256,452,6604,18577200,0,0,0
SM203,20220218,20220218,112531000,11:25:31,8256,452,6604,18577200,0,0,0
SM203,20220218,20220218,112531500,11:25:32,8256,452,6604,18577200,0,0,0
SM203,20220218,20220218,112532000,11:25:32,8256,452,6604,18577200,0,0,0
SM203,20220218,20220218,112533500,11:25:33,8256,452,6604,18577200,0,0,0
SM203,20220218,20220218,112534500,11:25:34,8256,452,6604,18577200,0,0,0
SM203,20220218,20220218,112535000,11:25:36,8256,452,6604,18577200,0,0,0
SM203,20220218,20220218,112538500,11:25:39,8256,452,6604,18577200,0,0,0
SM203,20220218,20220218,112539000,11:25:39,8256,452,6604,18577200,0,0,0
SM203,20220218,20220218,112539500,11:25:40,8256,452,6604,18577200,0,0,0
SM203,20220218,20220218,112540000,11:25:40,8256,452,6604,18577200,0,0,0
SM203,20220218,20220218,112540500,11:25:40,8256,452,6604,18577200,0,0,0
SM203,20220218,20220218,112541000,11:25:41,8256,452,6604,18577200,0,0,0
SM203,20220218,20220218,112542000,11:25:42,8256,452,6604,18577200,0,0,0
SM203,20220218,20220218,112543000,11:25:43,8256,452,6604,18577200,0,0,0
SM203,20220218,20220218,112543500,11:25:43,8256,452,6604,18577200,0,0,0
SM203,20220218,20220218,112545000,11:25:45,8256,452,6604,18577200,0,0,0
SM203,20220218,20220218,112545500,11:25:46,8256,452,6604,18577200,0,0,0
SM203,20220218,20220218,112546000,11:25:47,8256,452,6604,18577200,0,0,0
SM203,20220218,20220218,112547000,11:25:48,8256,452,6604,18577200,0,0,0
SM203,20220218,20220218,112547500,11:25:48,8256,452,6604,18577200,0,0,0
SM203,20220218,20220218,112550000,11:25:50,8256,452,6604,18577200,0,0,0
SM203,20220218,20220218,112550500,11:25:50,8256,452,6604,18577200,0,0,0
SM203,20220218,20220218,112552000,11:25:52,8256,452,6604,18577200,0,0,0
SM203,20220218,20220218,112557000,11:25:57,8256,452,6604,18577200,0,0,0
SM203,20220218,20220218,112557500,11:25:57,8256,452,6604,18577200,0,0,0
SM203,20220218,20220218,112558500,11:25:59,8256,452,6604,18577200,0,0,0
SM203,20220218,20220218,112604500,11:26:05,8256,452,6604,18577200,0,0,0
SM203,20220218,20220218,112605000,11:26:05,8256,452,6604,18577200,0,0,0
SM203,20220218,20220218,112607000,11:26:09,8256,452,6604,18577200,0,0,0
SM203,20220218,20220218,112607500,11:26:09,8256,452,6604,18577200,0,0,0
SM203,20220218,20220218,112608000,11:26:09,8256,452,6604,18577200,0,0,0
SM203,20220218,20220218,112609000,11:26:09,8256,452,6604,18577200,0,0,0
SM203,20220218,20220218,112611000,11:26:11,8256,452,6604,18577200,0,0,0
SM203,20220218,20220218,112611500,11:26:11,8256,452,6604,18577200,0,0,0
SM203,20220218,20220218,112614500,11:26:15,8256,452,6604,18577200,0,0,0
SM203,20220218,20220218,112617000,11:26:17,8256,452,6604,18577200,0,0,0
SM203,20220218,20220218,112617500,11:26:17,8256,452,6604,18577200,0,0,0
SM203,20220218,20220218,112618000,11:26:18,8256,452,6604,18577200,0,0,0
SM203,20220218,20220218,112619000,11:26:19,8256,452,6604,18577200,0,0,0
SM203,20220218,20220218,112619500,11:26:20,8256,452,6604,18577200,0,0,0
SM203,20220218,20220218,112622000,11:26:22,8256,452,6604,18577200,0,0,0
SM203,20220218,20220218,112622500,11:26:22,8256,452,6604,18577200,0,0,0
SM203,20220218,20220218,112623000,11:26:23,8256,452,6604,18577200,0,0,0
SM203,20220218,20220218,112624500,11:26:24,8256,452,6604,18577200,0,0,0
SM203,20220218,20220218,112625000,11:26:25,8256,452,6604,18577200,0,0,0
SM203,20220218,20220218,112625500,11:26:25,8256,452,6604,18577200,0,0,0
SM203,20220218,20220218,112626500,11:26:26,8256,452,6604,18577200,0,0,0
SM203,20220218,20220218,112628000,11:26:28,8256,452,6604,18577200,0,0,0
SM203,20220218,20220218,112628500,11:26:28,8256,452,6604,18577200,0,0,0
SM203,20220218,20220218,112630000,11:26:31,8256,452,6604,18577200,0,0,0
SM203,20220218,20220218,112630500,11:26:31,8256,452,6604,18577200,0,0,0
SM203,20220218,20220218,112631000,11:26:31,8256,452,6604,18577200,0,0,0
SM203,20220218,20220218,112632000,11:26:32,8256,452,6604,18577200,0,0,0
SM203,20220218,20220218,112632500,11:26:32,8256,452,6604,18577200,0,0,0
SM203,20220218,20220218,112633000,11:26:33,8256,452,6604,18577200,0,0,0
SM203,20220218,20220218,112634000,11:26:34,8256,452,6604,18577200,0,0,0
SM203,20220218,20220218,112635000,11:26:37,8256,452,6604,18577200,0,0,0
SM203,20220218,20220218,112635500,11:26:37,8256,452,6604,18577200,0,0,0
SM203,20220218,20220218,112637500,11:26:54,8256,452,6604,18577200,0,0,0
SM203,20220218,20220218,112638500,11:27:10,8256,452,6604,18577200,0,0,0
SM203,20220218,20220218,112653000,11:27:10,8256,452,6604,18577200,0,0,0
SM203,20220218,20220218,112708000,11:27:12,8256,452,6604,18577200,0,0,0
SM203,20220218,20220218,112717000,11:27:17,8256,452,6604,18577200,0,0,0
SM203,20220218,20220218,112717500,11:27:17,8256,452,6604,18577200,0,0,0
SM203,20220218,20220218,112718000,11:27:18,8256,452,6604,18577200,0,0,0
SM203,20220218,20220218,112719500,11:27:20,8256,452,6604,18577200,0,0,0
SM203,20220218,20220218,112721000,11:27:21,8256,452,6604,18577200,0,0,0
SM203,20220218,20220218,112723500,11:27:27,8256,452,6604,18577200,0,0,0
SM203,20220218,20220218,112724000,11:27:27,8256,452,6604,18577200,0,0,0
SM203,20220218,20220218,112726000,11:27:27,8256,452,6604,18577200,0,0,0
SM203,20220218,20220218,112727000,11:27:27,8256,452,6604,18577200,0,0,0
SM203,20220218,20220218,112727500,11:27:27,8256,452,6604,18577200,0,0,0
SM203,20220218,20220218,112730500,11:27:31,8262,463,6605,19029300,11,1,452100
SM203,20220218,20220218,112731500,11:27:35,8262,463,6605,19029300,0,0,0
SM203,20220218,20220218,112732000,11:27:35,8262,463,6605,19029300,0,0,0
SM203,20220218,20220218,112732500,11:27:36,8262,463,6605,19029300,0,0,0
SM203,20220218,20220218,112736500,11:27:37,8262,463,6605,19029300,0,0,0
SM203,20220218,20220218,112737000,11:27:38,8262,463,6605,19029300,0,0,0
SM203,20220218,20220218,112737500,11:27:38,8262,463,6605,19029300,0,0,0
SM203,20220218,20220218,112738000,11:27:38,8262,463,6605,19029300,0,0,0
SM203,20220218,20220218,112738500,11:27:39,8262,463,6605,19029300,0,0,0
SM203,20220218,20220218,112739000,11:27:39,8262,463,6605,19029300,0,0,0
SM203,20220218,20220218,112740000,11:27:40,8262,463,6605,19029300,0,0,0
SM203,20220218,20220218,112740500,11:27:40,8262,463,6605,19029300,0,0,0
SM203,20220218,20220218,112741000,11:27:41,8262,463,6605,19029300,0,0,0
SM203,20220218,20220218,112741500,11:27:41,8262,463,6605,19029300,0,0,0
SM203,20220218,20220218,112742000,11:27:42,8262,463,6605,19029300,0,0,0
SM203,20220218,20220218,112742500,11:27:43,8262,463,6605,19029300,0,0,0
SM203,20220218,20220218,112743500,11:27:43,8262,463,6605,19029300,0,0,0
SM203,20220218,20220218,112744000,11:27:44,8262,463,6605,19029300,0,0,0
SM203,20220218,20220218,112744500,11:27:45,8262,463,6605,19029300,0,0,0
SM203,20220218,20220218,112745000,11:27:45,8262,463,6605,19029300,0,0,0
SM203,20220218,20220218,112745500,11:27:46,8262,463,6605,19029300,0,0,0
SM203,20220218,20220218,112746000,11:27:46,8262,463,6605,19029300,0,0,0
SM203,20220218,20220218,112746500,11:27:47,8262,463,6605,19029300,0,0,0
SM203,20220218,20220218,112749000,11:27:54,8262,463,6605,19029300,0,0,0
SM203,20220218,20220218,112749500,11:27:54,8262,463,6605,19029300,0,0,0
SM203,20220218,20220218,112754000,11:27:54,8262,463,6605,19029300,0,0,0
SM203,20220218,20220218,112754500,11:27:55,8262,463,6605,19029300,0,0,0
SM203,20220218,20220218,112757000,11:27:57,8262,463,6605,19029300,0,0,0
SM203,20220218,20220218,112757500,11:27:57,8262,463,6605,19029300,0,0,0
SM203,20220218,20220218,112758000,11:27:58,8262,463,6605,19029300,0,0,0
SM203,20220218,20220218,112759000,11:27:59,8262,463,6605,19029300,0,0,0
SM203,20220218,20220218,112800000,11:28:00,8262,463,6605,19029300,0,0,0
SM203,20220218,20220218,112801000,11:28:01,8262,463,6605,19029300,0,0,0
SM203,20220218,20220218,112801500,11:28:02,8262,463,6605,19029300,0,0,0
SM203,20220218,20220218,112802000,11:28:03,8262,463,6605,19029300,0,0,0
SM203,20220218,20220218,112807500,11:28:11,8262,463,6605,19029300,0,0,0
SM203,20220218,20220218,112810000,11:28:11,8262,463,6605,19029300,0,0,0
SM203,20220218,20220218,112810500,11:28:11,8262,463,6605,19029300,0,0,0
SM203,20220218,20220218,112812500,11:28:13,8262,463,6605,19029300,0,0,0
SM203,20220218,20220218,112813500,11:28:13,8262,463,6605,19029300,0,0,0
SM203,20220218,20220218,112814500,11:28:14,8262,463,6605,19029300,0,0,0
SM203,20220218,20220218,112815500,11:28:15,8262,463,6605,19029300,0,0,0
SM203,20220218,20220218,112816000,11:28:16,8262,463,6605,19029300,0,0,0
SM203,20220218,20220218,112816500,11:28:16,8262,463,6605,19029300,0,0,0
SM203,20220218,20220218,112817000,11:28:17,8262,463,6605,19029300,0,0,0
SM203,20220218,20220218,112817500,11:28:17,8262,463,6605,19029300,0,0,0
SM203,20220218,20220218,112822000,11:28:22,8262,463,6605,19029300,0,0,0
SM203,20220218,20220218,112823000,11:28:23,8262,463,6605,19029300,0,0,0
SM203,20220218,20220218,112824500,11:28:24,8262,463,6605,19029300,0,0,0
SM203,20220218,20220218,112825000,11:28:25,8262,463,6605,19029300,0,0,0
SM203,20220218,20220218,112825500,11:28:25,8262,463,6605,19029300,0,0,0
SM203,20220218,20220218,112826000,11:28:26,8262,463,6605,19029300,0,0,0
SM203,20220218,20220218,112826500,11:28:26,8262,463,6605,19029300,0,0,0
SM203,20220218,20220218,112827000,11:28:27,8262,463,6605,19029300,0,0,0
SM203,20220218,20220218,112827500,11:28:27,8262,463,6605,19029300,0,0,0
SM203,20220218,20220218,112828000,11:28:28,8262,463,6605,19029300,0,0,0
SM203,20220218,20220218,112828500,11:28:28,8262,463,6605,19029300,0,0,0
SM203,20220218,20220218,112829000,11:28:29,8262,463,6605,19029300,0,0,0
SM203,20220218,20220218,112829500,11:28:29,8262,463,6605,19029300,0,0,0
SM203,20220218,20220218,112830000,11:28:30,8262,463,6605,19029300,0,0,0
SM203,20220218,20220218,112830500,11:28:31,8262,463,6605,19029300,0,0,0
SM203,20220218,20220218,112831500,11:28:31,8262,463,6605,19029300,0,0,0
SM203,20220218,20220218,112832500,11:28:33,8262,463,6605,19029300,0,0,0
SM203,20220218,20220218,112834500,11:28:34,8262,463,6605,19029300,0,0,0
SM203,20220218,20220218,112835000,11:28:35,8262,463,6605,19029300,0,0,0
SM203,20220218,20220218,112835500,11:28:36,8262,463,6605,19029300,0,0,0
SM203,20220218,20220218,112837500,11:28:37,8262,463,6605,19029300,0,0,0
SM203,20220218,20220218,112838500,11:28:38,8262,463,6605,19029300,0,0,0
SM203,20220218,20220218,112839500,11:28:40,8262,463,6605,19029300,0,0,0
SM203,20220218,20220218,112840000,11:28:40,8262,463,6605,19029300,0,0,0
SM203,20220218,20220218,112840500,11:28:40,8262,463,6605,19029300,0,0,0
SM203,20220218,20220218,112841500,11:28:41,8262,463,6605,19029300,0,0,0
SM203,20220218,20220218,112842000,11:28:42,8262,463,6605,19029300,0,0,0
SM203,20220218,20220218,112844500,11:28:44,8262,463,6605,19029300,0,0,0
SM203,20220218,20220218,112845000,11:28:45,8262,463,6605,19029300,0,0,0
SM203,20220218,20220218,112846500,11:28:46,8262,463,6605,19029300,0,0,0
SM203,20220218,20220218,112847000,11:28:47,8262,463,6605,19029300,0,0,0
SM203,20220218,20220218,112848500,11:28:48,8262,463,6605,19029300,0,0,0
SM203,20220218,20220218,112853000,11:28:54,8262,463,6605,19029300,0,0,0
SM203,20220218,20220218,112854000,11:28:54,8262,463,6605,19029300,0,0,0
SM203,20220218,20220218,112854500,11:28:54,8262,463,6605,19029300,0,0,0
SM203,20220218,20220218,112855000,11:28:55,8262,463,6605,19029300,0,0,0
SM203,20220218,20220218,112856500,11:28:56,8262,463,6605,19029300,0,0,0
SM203,20220218,20220218,112857000,11:28:57,8262,463,6605,19029300,0,0,0
SM203,20220218,20220218,112857500,11:28:58,8262,463,6605,19029300,0,0,0
SM203,20220218,20220218,112858000,11:28:58,8262,463,6605,19029300,0,0,0
SM203,20220218,20220218,112858500,11:28:59,8262,463,6605,19029300,0,0,0
SM203,20220218,20220218,112859000,11:28:59,8262,463,6605,19029300,0,0,0
SM203,20220218,20220218,112859500,11:29:00,8262,463,6605,19029300,0,0,0
SM203,20220218,20220218,112900000,11:29:00,8262,463,6605,19029300,0,0,0
SM203,20220218,20220218,112900500,11:29:01,8262,463,6605,19029300,0,0,0
SM203,20220218,20220218,112901500,11:29:01,8262,463,6605,19029300,0,0,0
SM203,20220218,20220218,112904000,11:29:04,8262,463,6605,19029300,0,0,0
SM203,20220218,20220218,112905500,11:29:05,8262,463,6605,19029300,0,0,0
SM203,20220218,20220218,112906000,11:29:06,8262,463,6605,19029300,0,0,0
SM203,20220218,20220218,112910500,11:29:10,8262,463,6605,19029300,0,0,0
SM203,20220218,20220218,112911500,11:29:12,8262,463,6605,19029300,0,0,0
SM203,20220218,20220218,112914000,11:29:14,8262,463,6605,19029300,0,0,0
SM203,20220218,20220218,112915000,11:29:15,8262,463,6605,19029300,0,0,0
SM203,20220218,20220218,112916500,11:29:16,8262,463,6605,19029300,0,0,0
SM203,20220218,20220218,112918000,11:29:21,8262,463,6605,19029300,0,0,0
SM203,20220218,20220218,112920500,11:29:21,8262,463,6605,19029300,0,0,0
SM203,20220218,20220218,112921500,11:29:24,8262,463,6605,19029300,0,0,0
SM203,20220218,20220218,112923500,11:29:24,8262,463,6605,19029300,0,0,0
SM203,20220218,20220218,112928000,11:29:28,8262,463,6605,19029300,0,0,0
SM203,20220218,20220218,112928500,11:29:28,8262,463,6605,19029300,0,0,0
SM203,20220218,20220218,112929000,11:29:29,8262,463,6605,19029300,0,0,0
SM203,20220218,20220218,112929500,11:29:29,8262,463,6605,19029300,0,0,0
SM203,20220218,20220218,112930000,11:29:30,8262,463,6605,19029300,0,0,0
SM203,20220218,20220218,112930500,11:29:30,8262,463,6605,19029300,0,0,0
SM203,20220218,20220218,112931500,11:29:32,8262,463,6605,19029300,0,0,0
SM203,20220218,20220218,112932000,11:29:32,8262,463,6605,19029300,0,0,0
SM203,20220218,20220218,112932500,11:29:36,8262,463,6605,19029300,0,0,0
SM203,20220218,20220218,112933000,11:29:37,8262,463,6605,19029300,0,0,0
SM203,20220218,20220218,112936500,11:29:38,8262,463,6605,19029300,0,0,0
SM203,20220218,20220218,112937000,11:29:38,8262,463,6605,19029300,0,0,0
SM203,20220218,20220218,112938000,11:29:38,8262,463,6605,19029300,0,0,0
SM203,20220218,20220218,112938500,11:29:39,8262,463,6605,19029300,0,0,0
SM203,20220218,20220218,112939000,11:29:39,8262,463,6605,19029300,0,0,0
SM203,20220218,20220218,112939500,11:29:40,8262,463,6605,19029300,0,0,0
SM203,20220218,20220218,112940500,11:29:40,8262,463,6605,19029300,0,0,0
SM203,20220218,20220218,112941000,11:29:41,8262,463,6605,19029300,0,0,0
SM203,20220218,20220218,112941500,11:29:42,8262,463,6605,19029300,0,0,0
SM203,20220218,20220218,112942500,11:29:44,8262,463,6605,19029300,0,0,0
SM203,20220218,20220218,112943000,11:29:45,8262,463,6605,19029300,0,0,0
SM203,20220218,20220218,112944500,11:29:45,8262,463,6605,19029300,0,0,0
SM203,20220218,20220218,112945000,11:29:46,8262,463,6605,19029300,0,0,0
SM203,20220218,20220218,112945500,11:29:46,8262,463,6605,19029300,0,0,0
SM203,20220218,20220218,112946000,11:29:46,8262,463,6605,19029300,0,0,0
SM203,20220218,20220218,112946500,11:29:47,8262,463,6605,19029300,0,0,0
SM203,20220218,20220218,112947500,11:29:48,8262,463,6605,19029300,0,0,0
SM203,20220218,20220218,112948500,11:29:49,8262,463,6605,19029300,0,0,0
SM203,20220218,20220218,112949000,11:29:50,8262,463,6605,19029300,0,0,0
SM203,20220218,20220218,112950000,11:29:51,8262,463,6605,19029300,0,0,0
SM203,20220218,20220218,112950500,11:29:51,8262,463,6605,19029300,0,0,0
SM203,20220218,20220218,112951000,11:29:52,8262,463,6605,19029300,0,0,0
SM203,20220218,20220218,112952000,11:29:52,8262,463,6605,19029300,0,0,0
SM203,20220218,20220218,112952500,11:29:53,8262,463,6605,19029300,0,0,0
SM203,20220218,20220218,112953000,11:29:53,8262,463,6605,19029300,0,0,0
SM203,20220218,20220218,112954000,11:29:54,8262,463,6605,19029300,0,0,0
SM203,20220218,20220218,112954500,11:29:54,8262,463,6605,19029300,0,0,0
SM203,20220218,20220218,112955000,11:29:55,8262,463,6605,19029300,0,0,0
SM203,20220218,20220218,112955500,11:29:55,8262,463,6605,19029300,0,0,0
SM203,20220218,20220218,112956000,11:29:56,8262,463,6605,19029300,0,0,0
SM203,20220218,20220218,112956500,11:30:00,8262,463,6605,19029300,0,0,0
SM203,20220218,20220218,112957000,11:30:00,8262,463,6605,19029300,0,0,0
SM203,20220218,20220218,112957500,11:30:02,8262,463,6605,19029300,0,0,0
SM203,20220218,20220218,112959500,11:30:02,8262,463,6605,19029300,0,0,0
SM203,20220218,20220218,113000000,11:30:03,8262,463,6605,19029300,0,0,0
SM203,20220218,20220218,133001000,13:30:01,8262,463,6605,19029300,0,0,0
SM203,20220218,20220218,133001500,13:30:02,8262,463,6605,19029300,0,0,0
SM203,20220218,20220218,133002000,13:30:08,8262,463,6605,19029300,0,0,0
SM203,20220218,20220218,133002500,13:30:09,8262,463,6605,19029300,0,0,0
SM203,20220218,20220218,133008000,13:30:10,8262,463,6605,19029300,0,0,0
SM203,20220218,20220218,133009500,13:30:10,8262,463,6605,19029300,0,0,0
SM203,20220218,20220218,133011000,13:30:12,8262,463,6605,19029300,0,0,0
SM203,20220218,20220218,133011500,13:30:13,8262,463,6605,19029300,0,0,0
SM203,20220218,20220218,133012500,13:30:13,8262,463,6605,19029300,0,0,0
SM203,20220218,20220218,133013500,13:30:14,8262,463,6605,19029300,0,0,0
SM203,20220218,20220218,133014000,13:30:15,8262,463,6605,19029300,0,0,0
SM203,20220218,20220218,133014500,13:30:16,8262,463,6605,19029300,0,0,0
SM203,20220218,20220218,133015000,13:30:17,8262,463,6605,19029300,0,0,0
SM203,20220218,20220218,133015500,13:30:18,8262,463,6605,19029300,0,0,0
SM203,20220218,20220218,133017000,13:30:18,8262,463,6605,19029300,0,0,0
SM203,20220218,20220218,133018000,13:30:19,8262,463,6605,19029300,0,0,0
SM203,20220218,20220218,133018500,13:30:20,8262,463,6605,19029300,0,0,0
SM203,20220218,20220218,133019500,13:30:20,8262,463,6605,19029300,0,0,0
SM203,20220218,20220218,133020000,13:30:21,8262,463,6605,19029300,0,0,0
SM203,20220218,20220218,133020500,13:30:21,8262,463,6605,19029300,0,0,0
SM203,20220218,20220218,133021000,13:30:21,8262,463,6605,19029300,0,0,0
SM203,20220218,20220218,133022000,13:30:22,8262,463,6605,19029300,0,0,0
SM203,20220218,20220218,133023000,13:30:38,8262,463,6605,19029300,0,0,0
SM203,20220218,20220218,133038000,13:30:40,8262,463,6605,19029300,0,0,0
SM203,20220218,20220218,133042500,13:30:44,8262,463,6605,19029300,0,0,0
SM203,20220218,20220218,133043000,13:30:44,8262,463,6605,19029300,0,0,0
SM203,20220218,20220218,133043500,13:30:44,8262,463,6605,19029300,0,0,0
SM203,20220218,20220218,133044500,13:30:46,8262,463,6605,19029300,0,0,0
SM203,20220218,20220218,133045000,13:30:46,8262,463,6605,19029300,0,0,0
SM203,20220218,20220218,133045500,13:30:47,8262,463,6605,19029300,0,0,0
SM203,20220218,20220218,133046000,13:30:47,8262,463,6605,19029300,0,0,0
SM203,20220218,20220218,133046500,13:30:47,8262,463,6605,19029300,0,0,0
SM203,20220218,20220218,133047000,13:30:47,8262,463,6605,19029300,0,0,0
SM203,20220218,20220218,133047500,13:30:48,8262,463,6605,19029300,0,0,0
SM203,20220218,20220218,133048000,13:30:48,8262,463,6605,19029300,0,0,0
SM203,20220218,20220218,133048500,13:30:49,8262,463,6605,19029300,0,0,0
SM203,20220218,20220218,133050000,13:30:50,8262,463,6605,19029300,0,0,0
SM203,20220218,20220218,133051000,13:30:52,8262,463,6605,19029300,0,0,0
SM203,20220218,20220218,133052000,13:30:53,8262,463,6605,19029300,0,0,0
SM203,20220218,20220218,133053500,13:30:54,8262,463,6605,19029300,0,0,0
SM203,20220218,20220218,133054000,13:30:54,8244,467,6605,19193700,4,0,164400
SM203,20220218,20220218,133054500,13:30:55,8244,467,6605,19193700,0,0,0
SM203,20220218,20220218,133055000,13:30:55,8244,467,6605,19193700,0,0,0
SM203,20220218,20220218,133057000,13:30:57,8244,467,6605,19193700,0,0,0
SM203,20220218,20220218,133058000,13:30:58,8244,467,6605,19193700,0,0,0
SM203,20220218,20220218,133058500,13:30:59,8244,467,6605,19193700,0,0,0
SM203,20220218,20220218,133059500,13:30:59,8244,467,6605,19193700,0,0,0
SM203,20220218,20220218,133100000,13:31:00,8244,467,6605,19193700,0,0,0
SM203,20220218,20220218,133100500,13:31:00,8244,467,6605,19193700,0,0,0
SM203,20220218,20220218,133102000,13:31:02,8244,467,6605,19193700,0,0,0
SM203,20220218,20220218,133103000,13:31:03,8244,467,6605,19193700,0,0,0
SM203,20220218,20220218,133103500,13:31:04,8244,467,6605,19193700,0,0,0
SM203,20220218,20220218,133104500,13:31:06,8244,467,6605,19193700,0,0,0
SM203,20220218,20220218,133105000,13:31:07,8244,467,6605,19193700,0,0,0
SM203,20220218,20220218,133106000,13:31:08,8244,467,6605,19193700,0,0,0
SM203,20220218,20220218,133107500,13:31:08,8244,467,6605,19193700,0,0,0
SM203,20220218,20220218,133108500,13:31:09,8244,467,6605,19193700,0,0,0
SM203,20220218,20220218,133109000,13:31:09,8244,467,6605,19193700,0,0,0
SM203,20220218,20220218,133110000,13:31:11,8244,467,6605,19193700,0,0,0
SM203,20220218,20220218,133110500,13:31:11,8244,467,6605,19193700,0,0,0
SM203,20220218,20220218,133111000,13:31:11,8244,467,6605,19193700,0,0,0
SM203,20220218,20220218,133111500,13:31:12,8244,467,6605,19193700,0,0,0
SM203,20220218,20220218,133112000,13:31:12,8244,467,6605,19193700,0,0,0
SM203,20220218,20220218,133112500,13:31:13,8244,467,6605,19193700,0,0,0
SM203,20220218,20220218,133114000,13:31:15,8244,467,6605,19193700,0,0,0
SM203,20220218,20220218,133114500,13:31:15,8244,467,6605,19193700,0,0,0
SM203,20220218,20220218,133115500,13:31:15,8244,467,6605,19193700,0,0,0
SM203,20220218,20220218,133116500,13:31:17,8244,467,6605,19193700,0,0,0
SM203,20220218,20220218,133117000,13:31:17,8244,467,6605,19193700,0,0,0
SM203,20220218,20220218,133117500,13:31:18,8244,467,6605,19193700,0,0,0
SM203,20220218,20220218,133118000,13:31:18,8244,467,6605,19193700,0,0,0
SM203,20220218,20220218,133118500,13:31:19,8244,467,6605,19193700,0,0,0
SM203,20220218,20220218,133120000,13:31:20,8244,467,6605,19193700,0,0,0
SM203,20220218,20220218,133120500,13:31:21,8244,467,6605,19193700,0,0,0
SM203,20220218,20220218,133121500,13:31:22,8244,467,6605,19193700,0,0,0
SM203,20220218,20220218,133122000,13:31:22,8244,467,6605,19193700,0,0,0
SM203,20220218,20220218,133122500,13:31:25,8244,467,6605,19193700,0,0,0
SM203,20220218,20220218,133123000,13:31:25,8244,467,6605,19193700,0,0,0
SM203,20220218,20220218,133123500,13:31:25,8244,467,6605,19193700,0,0,0
SM203,20220218,20220218,133124500,13:31:25,8244,467,6605,19193700,0,0,0
SM203,20220218,20220218,133156000,13:31:56,8244,467,6605,19193700,0,0,0
SM203,20220218,20220218,133158500,13:31:58,8244,467,6605,19193700,0,0,0
SM203,20220218,20220218,133200000,13:32:00,8244,467,6605,19193700,0,0,0
SM203,20220218,20220218,133200500,13:32:01,8238,468,6605,19234800,1,0,41100
SM203,20220218,20220218,133201000,13:32:01,8238,468,6605,19234800,0,0,0
SM203,20220218,20220218,133201500,13:32:01,8238,468,6605,19234800,0,0,0
SM203,20220218,20220218,133202000,13:32:03,8238,468,6605,19234800,0,0,0
SM203,20220218,20220218,133203500,13:32:05,8238,468,6605,19234800,0,0,0
SM203,20220218,20220218,133204000,13:32:05,8238,468,6605,19234800,0,0,0
SM203,20220218,20220218,133205000,13:32:05,8238,468,6605,19234800,0,0,0
SM203,20220218,20220218,133205500,13:32:06,8238,468,6605,19234800,0,0,0
SM203,20220218,20220218,133206000,13:32:06,8238,468,6605,19234800,0,0,0
SM203,20220218,20220218,133206500,13:32:07,8238,468,6605,19234800,0,0,0
SM203,20220218,20220218,133207000,13:32:07,8238,468,6605,19234800,0,0,0
SM203,20220218,20220218,133208000,13:32:09,8238,468,6605,19234800,0,0,0
SM203,20220218,20220218,133208500,13:32:10,8238,468,6605,19234800,0,0,0
SM203,20220218,20220218,133209000,13:32:10,8238,468,6605,19234800,0,0,0
SM203,20220218,20220218,133209500,13:32:10,8238,468,6605,19234800,0,0,0
SM203,20220218,20220218,133210000,13:32:10,8238,468,6605,19234800,0,0,0
SM203,20220218,20220218,133210500,13:32:13,8238,468,6605,19234800,0,0,0
SM203,20220218,20220218,133213000,13:32:15,8238,468,6605,19234800,0,0,0
SM203,20220218,20220218,133213500,13:32:15,8238,468,6605,19234800,0,0,0
SM203,20220218,20220218,133215500,13:32:16,8238,468,6605,19234800,0,0,0
SM203,20220218,20220218,133216000,13:32:17,8238,468,6605,19234800,0,0,0
SM203,20220218,20220218,133216500,13:32:17,8238,468,6605,19234800,0,0,0
SM203,20220218,20220218,133217000,13:32:17,8238,468,6605,19234800,0,0,0
SM203,20220218,20220218,133217500,13:32:18,8238,468,6605,19234800,0,0,0
SM203,20220218,20220218,133218000,13:32:18,8238,468,6605,19234800,0,0,0
SM203,20220218,20220218,133219500,13:32:20,8238,468,6605,19234800,0,0,0
SM203,20220218,20220218,133220000,13:32:20,8238,468,6605,19234800,0,0,0
SM203,20220218,20220218,133220500,13:32:21,8238,468,6605,19234800,0,0,0
SM203,20220218,20220218,133221000,13:32:21,8238,468,6605,19234800,0,0,0
SM203,20220218,20220218,133221500,13:32:22,8238,468,6605,19234800,0,0,0
SM203,20220218,20220218,133222000,13:32:22,8238,468,6605,19234800,0,0,0
SM203,20220218,20220218,133222500,13:32:23,8238,468,6605,19234800,0,0,0
SM203,20220218,20220218,133223000,13:32:24,8238,468,6605,19234800,0,0,0
SM203,20220218,20220218,133224000,13:32:24,8238,468,6605,19234800,0,0,0
SM203,20220218,20220218,133224500,13:32:24,8238,468,6605,19234800,0,0,0
SM203,20220218,20220218,133225500,13:32:25,8238,468,6605,19234800,0,0,0
SM203,20220218,20220218,133226000,13:32:27,8238,468,6605,19234800,0,0,0
SM203,20220218,20220218,133226500,13:32:27,8238,468,6605,19234800,0,0,0
SM203,20220218,20220218,133227000,13:32:27,8238,468,6605,19234800,0,0,0
SM203,20220218,20220218,133227500,13:32:27,8238,468,6605,19234800,0,0,0
SM203,20220218,20220218,133228000,13:32:32,8238,468,6605,19234800,0,0,0
SM203,20220218,20220218,133228500,13:32:32,8238,468,6605,19234800,0,0,0
SM203,20220218,20220218,133229000,13:32:33,8238,468,6605,19234800,0,0,0
SM203,20220218,20220218,133232000,13:32:34,8238,468,6605,19234800,0,0,0
SM203,20220218,20220218,133234500,13:32:35,8238,468,6605,19234800,0,0,0
SM203,20220218,20220218,133235000,13:32:36,8238,468,6605,19234800,0,0,0
SM203,20220218,20220218,133235500,13:32:36,8238,468,6605,19234800,0,0,0
SM203,20220218,20220218,133236000,13:32:36,8238,468,6605,19234800,0,0,0
SM203,20220218,20220218,133236500,13:32:37,8238,468,6605,19234800,0,0,0
SM203,20220218,20220218,133237500,13:32:37,8238,468,6605,19234800,0,0,0
SM203,20220218,20220218,133239000,13:32:39,8238,468,6605,19234800,0,0,0
SM203,20220218,20220218,133240000,13:32:40,8238,468,6605,19234800,0,0,0
SM203,20220218,20220218,133241500,13:32:42,8238,468,6605,19234800,0,0,0
SM203,20220218,20220218,133242500,13:32:42,8238,468,6605,19234800,0,0,0
SM203,20220218,20220218,133243000,13:32:43,8238,468,6605,19234800,0,0,0
SM203,20220218,20220218,133243500,13:32:43,8238,468,6605,19234800,0,0,0
SM203,20220218,20220218,133244000,13:32:44,8238,468,6605,19234800,0,0,0
SM203,20220218,20220218,133244500,13:32:45,8238,468,6605,19234800,0,0,0
SM203,20220218,20220218,133245000,13:32:45,8238,468,6605,19234800,0,0,0
SM203,20220218,20220218,133246000,13:32:47,8238,468,6605,19234800,0,0,0
SM203,20220218,20220218,133246500,13:32:47,8238,468,6605,19234800,0,0,0
SM203,20220218,20220218,133247000,13:32:47,8238,468,6605,19234800,0,0,0
SM203,20220218,20220218,133247500,13:32:48,8238,468,6605,19234800,0,0,0
SM203,20220218,20220218,133248000,13:32:48,8238,468,6605,19234800,0,0,0
SM203,20220218,20220218,133248500,13:32:49,8238,468,6605,19234800,0,0,0
SM203,20220218,20220218,133249000,13:32:49,8238,468,6605,19234800,0,0,0
SM203,20220218,20220218,133249500,13:32:49,8238,468,6605,19234800,0,0,0
SM203,20220218,20220218,133250000,13:32:50,8238,468,6605,19234800,0,0,0
SM203,20220218,20220218,133250500,13:32:52,8238,468,6605,19234800,0,0,0
SM203,20220218,20220218,133251000,13:32:52,8238,468,6605,19234800,0,0,0
SM203,20220218,20220218,133251500,13:32:53,8238,468,6605,19234800,0,0,0
SM203,20220218,20220218,133252500,13:32:53,8238,468,6605,19234800,0,0,0
SM203,20220218,20220218,133253500,13:32:53,8238,468,6605,19234800,0,0,0
SM203,20220218,20220218,133254000,13:32:54,8238,468,6605,19234800,0,0,0
SM203,20220218,20220218,133255000,13:32:55,8238,468,6605,19234800,0,0,0
SM203,20220218,20220218,133255500,13:32:55,8238,468,6605,19234800,0,0,0
SM203,20220218,20220218,133256000,13:32:56,8238,468,6605,19234800,0,0,0
SM203,20220218,20220218,133256500,13:32:56,8238,468,6605,19234800,0,0,0
SM203,20220218,20220218,133259500,13:33:01,8238,468,6605,19234800,0,0,0
SM203,20220218,20220218,133300000,13:33:01,8238,468,6605,19234800,0,0,0
SM203,20220218,20220218,133300500,13:33:01,8238,468,6605,19234800,0,0,0
SM203,20220218,20220218,133301000,13:33:02,8238,468,6605,19234800,0,0,0
SM203,20220218,20220218,133301500,13:33:02,8238,468,6605,19234800,0,0,0
SM203,20220218,20220218,133302000,13:33:03,8232,469,6605,19275900,1,0,41100
SM203,20220218,20220218,133303500,13:33:04,8232,469,6605,19275900,0,0,0
SM203,20220218,20220218,133304000,13:33:04,8232,469,6605,19275900,0,0,0
SM203,20220218,20220218,133304500,13:33:05,8232,469,6605,19275900,0,0,0
SM203,20220218,20220218,133305000,13:33:05,8232,469,6605,19275900,0,0,0
SM203,20220218,20220218,133305500,13:33:05,8232,469,6605,19275900,0,0,0
SM203,20220218,20220218,133306000,13:33:06,8232,469,6605,19275900,0,0,0
SM203,20220218,20220218,133306500,13:33:06,8232,469,6605,19275900,0,0,0
SM203,20220218,20220218,133307500,13:33:08,8232,469,6605,19275900,0,0,0
SM203,20220218,20220218,133308500,13:33:09,8232,469,6605,19275900,0,0,0
SM203,20220218,20220218,133309000,13:33:09,8232,469,6605,19275900,0,0,0
SM203,20220218,20220218,133309500,13:33:10,8232,469,6605,19275900,0,0,0
SM203,20220218,20220218,133310000,13:33:11,8232,469,6605,19275900,0,0,0
SM203,20220218,20220218,133310500,13:33:12,8232,469,6605,19275900,0,0,0
SM203,20220218,20220218,133313500,13:33:14,8232,469,6605,19275900,0,0,0
SM203,20220218,20220218,133314000,13:33:17,8232,469,6605,19275900,0,0,0
SM203,20220218,20220218,133318000,13:33:19,8232,469,6605,19275900,0,0,0
SM203,20220218,20220218,133318500,13:33:19,8232,469,6605,19275900,0,0,0
SM203,20220218,20220218,133320000,13:33:21,8232,469,6605,19275900,0,0,0
SM203,20220218,20220218,133324500,13:33:25,8232,469,6605,19275900,0,0,0
SM203,20220218,20220218,133325000,13:33:26,8232,469,6605,19275900,0,0,0
SM203,20220218,20220218,133325500,13:33:26,8232,469,6605,19275900,0,0,0
SM203,20220218,20220218,133326000,13:33:27,8232,469,6605,19275900,0,0,0
SM203,20220218,20220218,133328500,13:33:30,8232,469,6605,19275900,0,0,0
SM203,20220218,20220218,133331000,13:33:32,8232,469,6605,19275900,0,0,0
SM203,20220218,20220218,133332000,13:33:32,8232,469,6605,19275900,0,0,0
SM203,20220218,20220218,133332500,13:33:32,8232,469,6605,19275900,0,0,0
SM203,20220218,20220218,133333500,13:33:33,8232,469,6605,19275900,0,0,0
SM203,20220218,20220218,133334000,13:33:34,8232,469,6605,19275900,0,0,0
SM203,20220218,20220218,133334500,13:33:34,8232,469,6605,19275900,0,0,0
SM203,20220218,20220218,133337500,13:33:37,8232,469,6605,19275900,0,0,0
SM203,20220218,20220218,133338500,13:33:39,8232,469,6605,19275900,0,0,0
SM203,20220218,20220218,133339000,13:33:39,8232,469,6605,19275900,0,0,0
SM203,20220218,20220218,133341500,13:33:42,8232,469,6605,19275900,0,0,0
SM203,20220218,20220218,133342000,13:33:42,8232,469,6605,19275900,0,0,0
SM203,20220218,20220218,133343000,13:33:43,8232,469,6605,19275900,0,0,0
SM203,20220218,20220218,133343500,13:33:44,8232,469,6605,19275900,0,0,0
SM203,20220218,20220218,133344000,13:33:44,8232,469,6605,19275900,0,0,0
SM203,20220218,20220218,133344500,13:33:45,8232,469,6605,19275900,0,0,0
SM203,20220218,20220218,133359500,13:33:59,8232,469,6605,19275900,0,0,0
SM203,20220218,20220218,133400000,13:34:00,8232,469,6605,19275900,0,0,0
SM203,20220218,20220218,133400500,13:34:00,8232,469,6605,19275900,0,0,0
SM203,20220218,20220218,133401000,13:34:01,8232,469,6605,19275900,0,0,0
SM203,20220218,20220218,133401500,13:34:02,8232,469,6605,19275900,0,0,0
SM203,20220218,20220218,133402000,13:34:02,8232,469,6605,19275900,0,0,0
SM203,20220218,20220218,133403500,13:34:11,8232,469,6605,19275900,0,0,0
SM203,20220218,20220218,133410000,13:34:11,8232,469,6605,19275900,0,0,0
SM203,20220218,20220218,133410500,13:34:12,8232,469,6605,19275900,0,0,0
SM203,20220218,20220218,133411500,13:34:12,8232,469,6605,19275900,0,0,0
SM203,20220218,20220218,133412000,13:34:12,8232,469,6605,19275900,0,0,0
SM203,20220218,20220218,133412500,13:34:13,8232,469,6605,19275900,0,0,0
SM203,20220218,20220218,133413500,13:34:14,8232,469,6605,19275900,0,0,0
SM203,20220218,20220218,133416500,13:34:16,8232,469,6605,19275900,0,0,0
SM203,20220218,20220218,133417500,13:34:17,8232,469,6605,19275900,0,0,0
SM203,20220218,20220218,133418000,13:34:18,8232,469,6605,19275900,0,0,0
SM203,20220218,20220218,133419000,13:34:19,8232,469,6605,19275900,0,0,0
SM203,20220218,20220218,133420000,13:34:20,8232,469,6605,19275900,0,0,0
SM203,20220218,20220218,133420500,13:34:21,8232,469,6605,19275900,0,0,0
SM203,20220218,20220218,133423000,13:34:24,8232,469,6605,19275900,0,0,0
SM203,20220218,20220218,133424000,13:34:24,8232,469,6605,19275900,0,0,0
SM203,20220218,20220218,133424500,13:34:24,8232,469,6605,19275900,0,0,0
SM203,20220218,20220218,133425000,13:34:25,8232,469,6605,19275900,0,0,0
SM203,20220218,20220218,133428000,13:34:28,8232,469,6605,19275900,0,0,0
SM203,20220218,20220218,133430000,13:34:30,8232,469,6605,19275900,0,0,0
SM203,20220218,20220218,133430500,13:34:30,8232,469,6605,19275900,0,0,0
SM203,20220218,20220218,133431000,13:34:31,8232,469,6605,19275900,0,0,0
SM203,20220218,20220218,133431500,13:34:31,8232,469,6605,19275900,0,0,0
SM203,20220218,20220218,133432000,13:34:32,8232,469,6605,19275900,0,0,0
SM203,20220218,20220218,133432500,13:34:32,8232,469,6605,19275900,0,0,0
SM203,20220218,20220218,133441000,13:34:41,8232,469,6605,19275900,0,0,0
SM203,20220218,20220218,133443000,13:34:45,8232,469,6605,19275900,0,0,0
SM203,20220218,20220218,133444000,13:34:45,8232,469,6605,19275900,0,0,0
SM203,20220218,20220218,133444500,13:34:46,8232,469,6605,19275900,0,0,0
SM203,20220218,20220218,133450500,13:34:51,8232,469,6605,19275900,0,0,0
SM203,20220218,20220218,133451000,13:34:51,8232,469,6605,19275900,0,0,0
SM203,20220218,20220218,133451500,13:34:51,8232,469,6605,19275900,0,0,0
SM203,20220218,20220218,133509500,13:35:10,8232,469,6605,19275900,0,0,0
SM203,20220218,20220218,133511500,13:35:11,8232,469,6605,19275900,0,0,0
SM203,20220218,20220218,133512000,13:35:12,8232,469,6605,19275900,0,0,0
SM203,20220218,20220218,133512500,13:35:13,8232,469,6605,19275900,0,0,0
SM203,20220218,20220218,133513000,13:35:13,8232,469,6605,19275900,0,0,0
SM203,20220218,20220218,133515500,13:35:16,8232,469,6605,19275900,0,0,0
SM203,20220218,20220218,133516000,13:35:16,8232,469,6605,19275900,0,0,0
SM203,20220218,20220218,133516500,13:35:16,8232,469,6605,19275900,0,0,0
SM203,20220218,20220218,133517000,13:35:17,8232,469,6605,19275900,0,0,0
SM203,20220218,20220218,133518000,13:35:18,8232,469,6605,19275900,0,0,0
SM203,20220218,20220218,133518500,13:35:19,8232,469,6605,19275900,0,0,0
SM203,20220218,20220218,133519000,13:35:19,8232,469,6605,19275900,0,0,0
SM203,20220218,20220218,133519500,13:35:20,8232,469,6605,19275900,0,0,0
SM203,20220218,20220218,133520500,13:35:20,8232,469,6605,19275900,0,0,0
SM203,20220218,20220218,133521000,13:35:21,8232,469,6605,19275900,0,0,0
SM203,20220218,20220218,133521500,13:35:22,8232,469,6605,19275900,0,0,0
SM203,20220218,20220218,133522000,13:35:22,8232,469,6605,19275900,0,0,0
SM203,20220218,20220218,133523000,13:35:23,8232,469,6605,19275900,0,0,0
SM203,20220218,20220218,133524500,13:35:25,8232,469,6605,19275900,0,0,0
SM203,20220218,20220218,133525000,13:35:25,8232,469,6605,19275900,0,0,0
SM203,20220218,20220218,133525500,13:35:26,8232,469,6605,19275900,0,0,0
SM203,20220218,20220218,133526500,13:35:27,8232,469,6605,19275900,0,0,0
SM203,20220218,20220218,133528000,13:35:31,8232,469,6605,19275900,0,0,0
SM203,20220218,20220218,133539500,13:35:43,8232,469,6605,19275900,0,0,0
SM203,20220218,20220218,133542000,13:35:43,8232,469,6605,19275900,0,0,0
SM203,20220218,20220218,133545500,13:35:46,8232,469,6605,19275900,0,0,0
SM203,20220218,20220218,133546500,13:35:46,8232,469,6605,19275900,0,0,0
SM203,20220218,20220218,133547000,13:35:47,8232,469,6605,19275900,0,0,0
SM203,20220218,20220218,133547500,13:35:48,8232,469,6605,19275900,0,0,0
SM203,20220218,20220218,133548000,13:35:48,8232,469,6605,19275900,0,0,0
SM203,20220218,20220218,133549000,13:35:49,8232,469,6605,19275900,0,0,0
SM203,20220218,20220218,133550500,13:35:50,8232,469,6605,19275900,0,0,0
SM203,20220218,20220218,133552500,13:35:52,8232,469,6605,19275900,0,0,0
SM203,20220218,20220218,133554000,13:35:55,8232,469,6605,19275900,0,0,0
SM203,20220218,20220218,133554500,13:35:55,8232,469,6605,19275900,0,0,0
SM203,20220218,20220218,133555500,13:35:56,8232,469,6605,19275900,0,0,0
SM203,20220218,20220218,133556000,13:35:56,8232,469,6605,19275900,0,0,0
SM203,20220218,20220218,133556500,13:35:56,8232,469,6605,19275900,0,0,0
SM203,20220218,20220218,133601500,13:36:03,8232,469,6605,19275900,0,0,0
SM203,20220218,20220218,133602000,13:36:03,8232,469,6605,19275900,0,0,0
SM203,20220218,20220218,133602500,13:36:03,8232,469,6605,19275900,0,0,0
SM203,20220218,20220218,133604500,13:36:06,8232,469,6605,19275900,0,0,0
SM203,20220218,20220218,133605500,13:36:07,8232,469,6605,19275900,0,0,0
SM203,20220218,20220218,133606000,13:36:07,8232,469,6605,19275900,0,0,0
SM203,20220218,20220218,133606500,13:36:07,8232,469,6605,19275900,0,0,0
SM203,20220218,20220218,133607000,13:36:07,8232,469,6605,19275900,0,0,0
SM203,20220218,20220218,133610000,13:36:10,8232,469,6605,19275900,0,0,0
SM203,20220218,20220218,133610500,13:36:11,8232,469,6605,19275900,0,0,0
SM203,20220218,20220218,133612000,13:36:12,8232,469,6605,19275900,0,0,0
SM203,20220218,20220218,133616500,13:36:17,8232,469,6605,19275900,0,0,0
SM203,20220218,20220218,133617500,13:36:19,8232,469,6605,19275900,0,0,0
SM203,20220218,20220218,133618000,13:36:19,8232,469,6605,19275900,0,0,0
SM203,20220218,20220218,133618500,13:36:19,8232,469,6605,19275900,0,0,0
SM203,20220218,20220218,133619000,13:36:19,8232,469,6605,19275900,0,0,0
SM203,20220218,20220218,133621500,13:36:21,8232,469,6605,19275900,0,0,0
SM203,20220218,20220218,133623500,13:36:23,8232,469,6605,19275900,0,0,0
SM203,20220218,20220218,133625500,13:36:25,8232,469,6605,19275900,0,0,0
SM203,20220218,20220218,133626000,13:36:26,8232,469,6605,19275900,0,0,0
SM203,20220218,20220218,133626500,13:36:27,8232,469,6605,19275900,0,0,0
SM203,20220218,20220218,133628500,13:36:29,8232,469,6605,19275900,0,0,0
SM203,20220218,20220218,133633000,13:36:33,8232,469,6605,19275900,0,0,0
SM203,20220218,20220218,133634000,13:36:34,8232,469,6605,19275900,0,0,0
SM203,20220218,20220218,133635000,13:36:35,8232,469,6605,19275900,0,0,0
SM203,20220218,20220218,133639500,13:36:39,8232,469,6605,19275900,0,0,0
SM203,20220218,20220218,133643000,13:36:43,8232,469,6605,19275900,0,0,0
SM203,20220218,20220218,133648000,13:36:48,8232,469,6605,19275900,0,0,0
SM203,20220218,20220218,133648500,13:36:48,8232,469,6605,19275900,0,0,0
SM203,20220218,20220218,133649000,13:36:49,8232,469,6605,19275900,0,0,0
SM203,20220218,20220218,133651000,13:36:51,8232,469,6605,19275900,0,0,0
SM203,20220218,20220218,133653500,13:36:54,8232,469,6605,19275900,0,0,0
SM203,20220218,20220218,133654000,13:36:54,8232,469,6605,19275900,0,0,0
SM203,20220218,20220218,133710000,13:37:11,8232,469,6605,19275900,0,0,0
SM203,20220218,20220218,133710500,13:37:11,8232,469,6605,19275900,0,0,0
SM203,20220218,20220218,133711000,13:37:11,8232,469,6605,19275900,0,0,0
SM203,20220218,20220218,133715500,13:37:15,8232,469,6605,19275900,0,0,0
SM203,20220218,20220218,133716000,13:37:16,8232,469,6605,19275900,0,0,0
SM203,20220218,20220218,133717000,13:37:17,8232,469,6605,19275900,0,0,0
SM203,20220218,20220218,133717500,13:37:18,8232,469,6605,19275900,0,0,0
SM203,20220218,20220218,133719000,13:37:19,8232,469,6605,19275900,0,0,0
SM203,20220218,20220218,133719500,13:37:20,8232,469,6605,19275900,0,0,0
SM203,20220218,20220218,133720000,13:37:20,8232,469,6605,19275900,0,0,0
SM203,20220218,20220218,133720500,13:37:21,8232,469,6605,19275900,0,0,0
SM203,20220218,20220218,133721000,13:37:21,8232,469,6605,19275900,0,0,0
SM203,20220218,20220218,133724500,13:37:25,8232,469,6605,19275900,0,0,0
SM203,20220218,20220218,133726000,13:37:26,8232,469,6605,19275900,0,0,0
SM203,20220218,20220218,133727000,13:37:27,8232,469,6605,19275900,0,0,0
SM203,20220218,20220218,133733000,13:37:33,8232,469,6605,19275900,0,0,0
SM203,20220218,20220218,133735000,13:37:35,8232,469,6605,19275900,0,0,0
SM203,20220218,20220218,133735500,13:37:36,8232,469,6605,19275900,0,0,0
SM203,20220218,20220218,133739000,13:37:39,8232,469,6605,19275900,0,0,0
SM203,20220218,20220218,133739500,13:37:39,8232,469,6605,19275900,0,0,0
SM203,20220218,20220218,133742500,13:37:43,8232,469,6605,19275900,0,0,0
SM203,20220218,20220218,133743000,13:37:43,8232,469,6605,19275900,0,0,0
SM203,20220218,20220218,133743500,13:37:44,8232,469,6605,19275900,0,0,0
SM203,20220218,20220218,133744000,13:37:44,8232,469,6605,19275900,0,0,0
SM203,20220218,20220218,133746500,13:37:47,8232,469,6605,19275900,0,0,0
SM203,20220218,20220218,133748500,13:37:48,8232,469,6605,19275900,0,0,0
SM203,20220218,20220218,133752500,13:37:53,8232,469,6605,19275900,0,0,0
SM203,20220218,20220218,133753500,13:37:54,8232,469,6605,19275900,0,0,0
SM203,20220218,20220218,133756000,13:37:56,8232,469,6605,19275900,0,0,0
SM203,20220218,20220218,133756500,13:37:57,8232,469,6605,19275900,0,0,0
SM203,20220218,20220218,133800500,13:38:02,8232,469,6605,19275900,0,0,0
SM203,20220218,20220218,133802500,13:38:05,8232,469,6605,19275900,0,0,0
SM203,20220218,20220218,133805000,13:38:06,8232,469,6605,19275900,0,0,0
SM203,20220218,20220218,133812000,13:38:14,8232,469,6605,19275900,0,0,0
SM203,20220218,20220218,133812500,13:38:14,8232,469,6605,19275900,0,0,0
SM203,20220218,20220218,133813500,13:38:15,8232,469,6605,19275900,0,0,0
SM203,20220218,20220218,133814000,13:38:15,8232,469,6605,19275900,0,0,0
SM203,20220218,20220218,133817500,13:38:18,8232,469,6605,19275900,0,0,0
SM203,20220218,20220218,133818000,13:38:18,8232,469,6605,19275900,0,0,0
SM203,20220218,20220218,133819000,13:38:19,8232,469,6605,19275900,0,0,0
SM203,20220218,20220218,133822500,13:38:23,8232,469,6605,19275900,0,0,0
SM203,20220218,20220218,133823000,13:38:24,8232,469,6605,19275900,0,0,0
SM203,20220218,20220218,133824500,13:38:28,8232,469,6605,19275900,0,0,0
SM203,20220218,20220218,133837500,13:38:42,8232,469,6605,19275900,0,0,0
SM203,20220218,20220218,133842000,13:38:43,8232,469,6605,19275900,0,0,0
SM203,20220218,20220218,133843500,13:38:43,8232,469,6605,19275900,0,0,0
SM203,20220218,20220218,133846000,13:38:46,8232,469,6605,19275900,0,0,0
SM203,20220218,20220218,133847000,13:38:47,8232,469,6605,19275900,0,0,0
SM203,20220218,20220218,133850500,13:38:50,8232,469,6605,19275900,0,0,0
SM203,20220218,20220218,133902000,13:39:02,8232,469,6605,19275900,0,0,0
SM203,20220218,20220218,133907500,13:39:07,8232,469,6605,19275900,0,0,0
SM203,20220218,20220218,133908500,13:39:08,8232,469,6605,19275900,0,0,0
SM203,20220218,20220218,133912000,13:39:12,8232,469,6605,19275900,0,0,0
SM203,20220218,20220218,133913500,13:39:13,8232,469,6605,19275900,0,0,0
SM203,20220218,20220218,133914000,13:39:15,8232,469,6605,19275900,0,0,0
SM203,20220218,20220218,133914500,13:39:15,8232,469,6605,19275900,0,0,0
SM203,20220218,20220218,133925000,13:39:25,8232,469,6605,19275900,0,0,0
SM203,20220218,20220218,133931000,13:39:31,8232,469,6605,19275900,0,0,0
SM203,20220218,20220218,133936000,13:39:36,8232,469,6605,19275900,0,0,0
SM203,20220218,20220218,133937000,13:39:37,8232,469,6605,19275900,0,0,0
SM203,20220218,20220218,133938000,13:39:38,8232,469,6605,19275900,0,0,0
SM203,20220218,20220218,133940000,13:39:40,8232,469,6605,19275900,0,0,0
SM203,20220218,20220218,133941000,13:39:41,8232,469,6605,19275900,0,0,0
SM203,20220218,20220218,133943500,13:39:43,8232,469,6605,19275900,0,0,0
SM203,20220218,20220218,133944500,13:39:44,8232,469,6605,19275900,0,0,0
SM203,20220218,20220218,133945000,13:39:45,8232,469,6605,19275900,0,0,0
SM203,20220218,20220218,133945500,13:39:46,8232,469,6605,19275900,0,0,0
SM203,20220218,20220218,133946000,13:39:46,8232,469,6605,19275900,0,0,0
SM203,20220218,20220218,133947500,13:39:47,8232,469,6605,19275900,0,0,0
SM203,20220218,20220218,133948000,13:39:48,8232,469,6605,19275900,0,0,0
SM203,20220218,20220218,133949000,13:39:49,8232,469,6605,19275900,0,0,0
SM203,20220218,20220218,133950000,13:39:50,8232,469,6605,19275900,0,0,0
SM203,20220218,20220218,133950500,13:39:50,8232,469,6605,19275900,0,0,0
SM203,20220218,20220218,133952500,13:39:53,8232,469,6605,19275900,0,0,0
SM203,20220218,20220218,133953500,13:39:54,8232,469,6605,19275900,0,0,0
SM203,20220218,20220218,133954500,13:39:55,8232,469,6605,19275900,0,0,0
SM203,20220218,20220218,133955000,13:39:55,8232,469,6605,19275900,0,0,0
SM203,20220218,20220218,133955500,13:39:55,8232,469,6605,19275900,0,0,0
SM203,20220218,20220218,133958500,13:40:13,8232,469,6605,19275900,0,0,0
SM203,20220218,20220218,134011000,13:40:13,8232,469,6605,19275900,0,0,0
SM203,20220218,20220218,134015000,13:40:16,8232,469,6605,19275900,0,0,0
SM203,20220218,20220218,134015500,13:40:16,8232,469,6605,19275900,0,0,0
SM203,20220218,20220218,134017000,13:40:17,8232,469,6605,19275900,0,0,0
SM203,20220218,20220218,134020000,13:40:20,8232,469,6605,19275900,0,0,0
SM203,20220218,20220218,134020500,13:40:21,8232,469,6605,19275900,0,0,0
SM203,20220218,20220218,134021000,13:40:21,8232,469,6605,19275900,0,0,0
SM203,20220218,20220218,134021500,13:40:22,8232,469,6605,19275900,0,0,0
SM203,20220218,20220218,134022000,13:40:22,8232,469,6605,19275900,0,0,0
SM203,20220218,20220218,134022500,13:40:22,8232,469,6605,19275900,0,0,0
SM203,20220218,20220218,134023000,13:40:23,8232,469,6605,19275900,0,0,0
SM203,20220218,20220218,134023500,13:40:23,8232,469,6605,19275900,0,0,0
SM203,20220218,20220218,134029500,13:40:30,8232,469,6605,19275900,0,0,0
SM203,20220218,20220218,134030000,13:40:30,8232,469,6605,19275900,0,0,0
SM203,20220218,20220218,134030500,13:40:30,8232,469,6605,19275900,0,0,0
SM203,20220218,20220218,134031500,13:40:31,8232,469,6605,19275900,0,0,0
SM203,20220218,20220218,134032000,13:40:32,8232,469,6605,19275900,0,0,0
SM203,20220218,20220218,134032500,13:40:32,8232,469,6605,19275900,0,0,0
SM203,20220218,20220218,134033000,13:40:33,8232,469,6605,19275900,0,0,0
SM203,20220218,20220218,134033500,13:40:34,8232,469,6605,19275900,0,0,0
SM203,20220218,20220218,134034000,13:40:34,8232,469,6605,19275900,0,0,0
SM203,20220218,20220218,134035000,13:40:35,8232,469,6605,19275900,0,0,0
SM203,20220218,20220218,134037000,13:40:37,8232,469,6605,19275900,0,0,0
SM203,20220218,20220218,134041500,13:40:42,8232,469,6605,19275900,0,0,0
SM203,20220218,20220218,134042500,13:40:42,8232,469,6605,19275900,0,0,0
SM203,20220218,20220218,134043500,13:40:44,8232,469,6605,19275900,0,0,0
SM203,20220218,20220218,134044500,13:40:44,8232,469,6605,19275900,0,0,0
SM203,20220218,20220218,134045500,13:40:45,8232,469,6605,19275900,0,0,0
SM203,20220218,20220218,134047000,13:40:47,8232,469,6605,19275900,0,0,0
SM203,20220218,20220218,134047500,13:40:47,8232,469,6605,19275900,0,0,0
SM203,20220218,20220218,134048500,13:40:48,8232,469,6605,19275900,0,0,0
SM203,20220218,20220218,134049000,13:40:49,8232,469,6605,19275900,0,0,0
SM203,20220218,20220218,134049500,13:40:49,8232,469,6605,19275900,0,0,0
SM203,20220218,20220218,134052000,13:40:55,8232,469,6605,19275900,0,0,0
SM203,20220218,20220218,134054000,13:40:55,8232,469,6605,19275900,0,0,0
SM203,20220218,20220218,134059500,13:41:00,8232,469,6605,19275900,0,0,0
SM203,20220218,20220218,134100000,13:41:00,8232,469,6605,19275900,0,0,0
SM203,20220218,20220218,134102000,13:41:02,8232,469,6605,19275900,0,0,0
SM203,20220218,20220218,134102500,13:41:02,8232,469,6605,19275900,0,0,0
SM203,20220218,20220218,134103000,13:41:03,8232,469,6605,19275900,0,0,0
SM203,20220218,20220218,134103500,13:41:05,8232,469,6605,19275900,0,0,0
SM203,20220218,20220218,134104500,13:41:06,8232,469,6605,19275900,0,0,0
SM203,20220218,20220218,134105000,13:41:06,8232,469,6605,19275900,0,0,0
SM203,20220218,20220218,134105500,13:41:06,8232,469,6605,19275900,0,0,0
SM203,20220218,20220218,134106000,13:41:06,8232,469,6605,19275900,0,0,0
SM203,20220218,20220218,134107500,13:41:09,8232,469,6605,19275900,0,0,0
SM203,20220218,20220218,134108500,13:41:10,8232,469,6605,19275900,0,0,0
SM203,20220218,20220218,134109500,13:41:10,8232,469,6605,19275900,0,0,0
SM203,20220218,20220218,134110000,13:41:10,8232,469,6605,19275900,0,0,0
SM203,20220218,20220218,134110500,13:41:10,8232,469,6605,19275900,0,0,0
SM203,20220218,20220218,134111000,13:41:11,8232,469,6605,19275900,0,0,0
SM203,20220218,20220218,134111500,13:41:11,8232,469,6605,19275900,0,0,0
SM203,20220218,20220218,134113000,13:41:13,8232,469,6605,19275900,0,0,0
SM203,20220218,20220218,134114000,13:41:14,8232,469,6605,19275900,0,0,0
SM203,20220218,20220218,134116000,13:41:17,8232,469,6605,19275900,0,0,0
SM203,20220218,20220218,134118000,13:41:19,8232,469,6605,19275900,0,0,0
SM203,20220218,20220218,134118500,13:41:19,8232,469,6605,19275900,0,0,0
SM203,20220218,20220218,134119500,13:41:19,8232,469,6605,19275900,0,0,0
SM203,20220218,20220218,134121000,13:41:23,8232,469,6605,19275900,0,0,0
SM203,20220218,20220218,134121500,13:41:24,8232,469,6605,19275900,0,0,0
SM203,20220218,20220218,134122000,13:41:24,8232,469,6605,19275900,0,0,0
SM203,20220218,20220218,134125000,13:41:26,8232,469,6605,19275900,0,0,0
SM203,20220218,20220218,134127000,13:41:27,8232,469,6605,19275900,0,0,0
SM203,20220218,20220218,134128000,13:41:28,8232,469,6605,19275900,0,0,0
SM203,20220218,20220218,134129000,13:41:29,8232,469,6605,19275900,0,0,0
SM203,20220218,20220218,134129500,13:41:30,8232,469,6605,19275900,0,0,0
SM203,20220218,20220218,134131000,13:41:31,8232,469,6605,19275900,0,0,0
SM203,20220218,20220218,134131500,13:41:31,8232,469,6605,19275900,0,0,0
SM203,20220218,20220218,134132000,13:41:32,8232,469,6605,19275900,0,0,0
SM203,20220218,20220218,134133000,13:41:33,8232,469,6605,19275900,0,0,0
SM203,20220218,20220218,134134000,13:41:34,8232,469,6605,19275900,0,0,0
SM203,20220218,20220218,134135000,13:41:35,8232,469,6605,19275900,0,0,0
SM203,20220218,20220218,134135500,13:41:35,8232,469,6605,19275900,0,0,0
SM203,20220218,20220218,134136000,13:41:39,8232,469,6605,19275900,0,0,0
SM203,20220218,20220218,134136500,13:41:39,8232,469,6605,19275900,0,0,0
SM203,20220218,20220218,134137000,13:41:40,8232,469,6605,19275900,0,0,0
SM203,20220218,20220218,134137500,13:41:41,8232,469,6605,19275900,0,0,0
SM203,20220218,20220218,134143500,13:41:44,8232,469,6605,19275900,0,0,0
SM203,20220218,20220218,134144000,13:41:44,8232,469,6605,19275900,0,0,0
SM203,20220218,20220218,134144500,13:41:44,8232,469,6605,19275900,0,0,0
SM203,20220218,20220218,134146500,13:41:47,8232,469,6605,19275900,0,0,0
SM203,20220218,20220218,134150000,13:41:50,8232,469,6605,19275900,0,0,0
SM203,20220218,20220218,134151000,13:41:51,8232,469,6605,19275900,0,0,0
SM203,20220218,20220218,134152000,13:41:52,8232,469,6605,19275900,0,0,0
SM203,20220218,20220218,134152500,13:41:52,8232,469,6605,19275900,0,0,0
SM203,20220218,20220218,134154000,13:42:01,8232,469,6605,19275900,0,0,0
SM203,20220218,20220218,134154500,13:42:02,8232,469,6605,19275900,0,0,0
SM203,20220218,20220218,134201500,13:42:10,8232,469,6605,19275900,0,0,0
SM203,20220218,20220218,134203000,13:42:11,8232,469,6605,19275900,0,0,0
SM203,20220218,20220218,134210000,13:42:12,8232,469,6605,19275900,0,0,0
SM203,20220218,20220218,134213500,13:42:13,8232,469,6605,19275900,0,0,0
SM203,20220218,20220218,134214000,13:42:14,8232,469,6605,19275900,0,0,0
SM203,20220218,20220218,134214500,13:42:15,8232,469,6605,19275900,0,0,0
SM203,20220218,20220218,134215000,13:42:15,8232,469,6605,19275900,0,0,0
SM203,20220218,20220218,134215500,13:42:16,8232,469,6605,19275900,0,0,0
SM203,20220218,20220218,134220000,13:42:20,8232,469,6605,19275900,0,0,0
SM203,20220218,20220218,134221000,13:42:21,8232,469,6605,19275900,0,0,0
SM203,20220218,20220218,134222500,13:42:22,8232,469,6605,19275900,0,0,0
SM203,20220218,20220218,134223500,13:42:24,8232,469,6605,19275900,0,0,0
SM203,20220218,20220218,134224000,13:42:24,8232,469,6605,19275900,0,0,0
SM203,20220218,20220218,134224500,13:42:25,8232,469,6605,19275900,0,0,0
SM203,20220218,20220218,134226000,13:42:26,8232,469,6605,19275900,0,0,0
SM203,20220218,20220218,134226500,13:42:27,8232,469,6605,19275900,0,0,0
SM203,20220218,20220218,134228000,13:42:29,8232,469,6605,19275900,0,0,0
SM203,20220218,20220218,134228500,13:42:29,8232,469,6605,19275900,0,0,0
SM203,20220218,20220218,134245500,13:42:45,8232,469,6605,19275900,0,0,0
SM203,20220218,20220218,134249000,13:42:49,8232,469,6605,19275900,0,0,0
SM203,20220218,20220218,134254500,13:42:54,8232,469,6605,19275900,0,0,0
SM203,20220218,20220218,134256500,13:42:57,8232,469,6605,19275900,0,0,0
SM203,20220218,20220218,134257000,13:42:59,8232,469,6605,19275900,0,0,0
SM203,20220218,20220218,134257500,13:42:59,8232,469,6605,19275900,0,0,0
SM203,20220218,20220218,134258000,13:42:59,8232,469,6605,19275900,0,0,0
SM203,20220218,20220218,134259000,13:42:59,8232,469,6605,19275900,0,0,0
SM203,20220218,20220218,134259500,13:43:01,8232,469,6605,19275900,0,0,0
SM203,20220218,20220218,134300000,13:43:01,8232,469,6605,19275900,0,0,0
SM203,20220218,20220218,134300500,13:43:02,8232,469,6605,19275900,0,0,0
SM203,20220218,20220218,134301500,13:43:02,8232,469,6605,19275900,0,0,0
SM203,20220218,20220218,134302000,13:43:02,8232,469,6605,19275900,0,0,0
SM203,20220218,20220218,134309500,13:43:12,8232,469,6605,19275900,0,0,0
SM203,20220218,20220218,134313000,13:43:14,8232,469,6605,19275900,0,0,0
SM203,20220218,20220218,134314000,13:43:14,8232,469,6605,19275900,0,0,0
SM203,20220218,20220218,134315000,13:43:15,8232,469,6605,19275900,0,0,0
SM203,20220218,20220218,134315500,13:43:15,8232,469,6605,19275900,0,0,0
SM203,20220218,20220218,134321500,13:43:21,8232,469,6605,19275900,0,0,0
SM203,20220218,20220218,134322500,13:43:23,8232,469,6605,19275900,0,0,0
SM203,20220218,20220218,134323500,13:43:23,8232,469,6605,19275900,0,0,0
SM203,20220218,20220218,134324000,13:43:24,8232,469,6605,19275900,0,0,0
SM203,20220218,20220218,134326500,13:43:26,8232,469,6605,19275900,0,0,0
SM203,20220218,20220218,134327000,13:43:27,8232,469,6605,19275900,0,0,0
SM203,20220218,20220218,134328500,13:43:29,8232,469,6605,19275900,0,0,0
SM203,20220218,20220218,134329500,13:43:29,8232,469,6605,19275900,0,0,0
SM203,20220218,20220218,134332500,13:43:32,8232,469,6605,19275900,0,0,0
SM203,20220218,20220218,134334500,13:43:34,8232,469,6605,19275900,0,0,0
SM203,20220218,20220218,134335000,13:43:35,8232,469,6605,19275900,0,0,0
SM203,20220218,20220218,134338000,13:43:38,8232,469,6605,19275900,0,0,0
SM203,20220218,20220218,134339000,13:43:39,8232,469,6605,19275900,0,0,0
SM203,20220218,20220218,134340000,13:43:57,8232,469,6605,19275900,0,0,0
SM203,20220218,20220218,134351500,13:44:04,8232,469,6605,19275900,0,0,0
SM203,20220218,20220218,134356000,13:44:04,8232,469,6605,19275900,0,0,0
SM203,20220218,20220218,134403500,13:44:04,8232,469,6605,19275900,0,0,0
SM203,20220218,20220218,134404000,13:44:04,8232,469,6605,19275900,0,0,0
SM203,20220218,20220218,134412000,13:44:17,8232,469,6605,19275900,0,0,0
SM203,20220218,20220218,134421000,13:44:23,8232,469,6605,19275900,0,0,0
SM203,20220218,20220218,134421500,13:44:23,8232,469,6605,19275900,0,0,0
SM203,20220218,20220218,134423500,13:44:24,8232,469,6605,19275900,0,0,0
SM203,20220218,20220218,134441500,13:44:41,8232,469,6605,19275900,0,0,0
SM203,20220218,20220218,134443000,13:44:43,8232,469,6605,19275900,0,0,0
SM203,20220218,20220218,134444500,13:44:44,8232,469,6605,19275900,0,0,0
SM203,20220218,20220218,134449000,13:44:49,8232,469,6605,19275900,0,0,0
SM203,20220218,20220218,134449500,13:44:50,8232,469,6605,19275900,0,0,0
SM203,20220218,20220218,134451500,13:44:51,8232,469,6605,19275900,0,0,0
SM203,20220218,20220218,134452000,13:44:53,8232,469,6605,19275900,0,0,0
SM203,20220218,20220218,134452500,13:44:53,8232,469,6605,19275900,0,0,0
SM203,20220218,20220218,134454500,13:44:55,8232,469,6605,19275900,0,0,0
SM203,20220218,20220218,134455000,13:44:55,8232,469,6605,19275900,0,0,0
SM203,20220218,20220218,134455500,13:44:55,8232,469,6605,19275900,0,0,0
SM203,20220218,20220218,134456000,13:44:56,8232,469,6605,19275900,0,0,0
SM203,20220218,20220218,134456500,13:44:56,8232,469,6605,19275900,0,0,0
SM203,20220218,20220218,134458500,13:44:59,8232,469,6605,19275900,0,0,0
SM203,20220218,20220218,134459000,13:44:59,8232,469,6605,19275900,0,0,0
SM203,20220218,20220218,134459500,13:44:59,8232,469,6605,19275900,0,0,0
SM203,20220218,20220218,134501500,13:45:01,8232,469,6605,19275900,0,0,0
SM203,20220218,20220218,134503000,13:45:03,8232,469,6605,19275900,0,0,0
SM203,20220218,20220218,134503500,13:45:04,8232,469,6605,19275900,0,0,0
SM203,20220218,20220218,134504000,13:45:08,8232,469,6605,19275900,0,0,0
SM203,20220218,20220218,134504500,13:45:08,8232,469,6605,19275900,0,0,0
SM203,20220218,20220218,134507500,13:45:09,8232,469,6605,19275900,0,0,0
SM203,20220218,20220218,134510000,13:45:10,8232,469,6605,19275900,0,0,0
SM203,20220218,20220218,134510500,13:45:10,8232,469,6605,19275900,0,0,0
SM203,20220218,20220218,134511000,13:45:11,8232,469,6605,19275900,0,0,0
SM203,20220218,20220218,134511500,13:45:11,8232,469,6605,19275900,0,0,0
SM203,20220218,20220218,134512000,13:45:12,8232,469,6605,19275900,0,0,0
SM203,20220218,20220218,134512500,13:45:13,8232,469,6605,19275900,0,0,0
SM203,20220218,20220218,134513000,13:45:13,8232,469,6605,19275900,0,0,0
SM203,20220218,20220218,134513500,13:45:15,8232,469,6605,19275900,0,0,0
SM203,20220218,20220218,134514000,13:45:15,8232,469,6605,19275900,0,0,0
SM203,20220218,20220218,134514500,13:45:16,8232,469,6605,19275900,0,0,0
SM203,20220218,20220218,134515000,13:45:16,8232,469,6605,19275900,0,0,0
SM203,20220218,20220218,134515500,13:45:17,8232,469,6605,19275900,0,0,0
SM203,20220218,20220218,134516000,13:45:17,8232,469,6605,19275900,0,0,0
SM203,20220218,20220218,134516500,13:45:17,8232,469,6605,19275900,0,0,0
SM203,20220218,20220218,134517000,13:45:19,8232,469,6605,19275900,0,0,0
SM203,20220218,20220218,134517500,13:45:20,8232,469,6605,19275900,0,0,0
SM203,20220218,20220218,134520500,13:45:23,8232,469,6605,19275900,0,0,0
SM203,20220218,20220218,134521000,13:45:23,8232,469,6605,19275900,0,0,0
SM203,20220218,20220218,134521500,13:45:23,8232,469,6605,19275900,0,0,0
SM203,20220218,20220218,134523000,13:45:24,8232,469,6605,19275900,0,0,0
SM203,20220218,20220218,134523500,13:45:24,8232,469,6605,19275900,0,0,0
SM203,20220218,20220218,134524000,13:45:24,8232,469,6605,19275900,0,0,0
SM203,20220218,20220218,134524500,13:45:25,8232,469,6605,19275900,0,0,0
SM203,20220218,20220218,134525000,13:45:26,8232,469,6605,19275900,0,0,0
SM203,20220218,20220218,134525500,13:45:27,8232,469,6605,19275900,0,0,0
SM203,20220218,20220218,134526000,13:45:27,8232,469,6605,19275900,0,0,0
SM203,20220218,20220218,134527000,13:45:30,8232,469,6605,19275900,0,0,0
SM203,20220218,20220218,134527500,13:45:30,8232,469,6605,19275900,0,0,0
SM203,20220218,20220218,134528000,13:45:30,8232,469,6605,19275900,0,0,0
SM203,20220218,20220218,134528500,13:45:30,8232,469,6605,19275900,0,0,0
SM203,20220218,20220218,134530000,13:45:30,8232,469,6605,19275900,0,0,0
SM203,20220218,20220218,134530500,13:45:30,8232,469,6605,19275900,0,0,0
SM203,20220218,20220218,134531000,13:45:31,8232,469,6605,19275900,0,0,0
SM203,20220218,20220218,134531500,13:45:31,8232,469,6605,19275900,0,0,0
SM203,20220218,20220218,134532000,13:45:32,8232,469,6605,19275900,0,0,0
SM203,20220218,20220218,134532500,13:45:33,8232,469,6605,19275900,0,0,0
SM203,20220218,20220218,134533000,13:45:33,8232,469,6605,19275900,0,0,0
SM203,20220218,20220218,134533500,13:45:34,8232,469,6605,19275900,0,0,0
SM203,20220218,20220218,134534500,13:45:35,8232,469,6605,19275900,0,0,0
SM203,20220218,20220218,134535000,13:45:35,8232,469,6605,19275900,0,0,0
SM203,20220218,20220218,134535500,13:45:35,8232,469,6605,19275900,0,0,0
SM203,20220218,20220218,134536000,13:45:36,8232,469,6605,19275900,0,0,0
SM203,20220218,20220218,134539000,13:45:40,8232,469,6605,19275900,0,0,0
SM203,20220218,20220218,134540000,13:45:40,8232,469,6605,19275900,0,0,0
SM203,20220218,20220218,134540500,13:45:40,8232,469,6605,19275900,0,0,0
SM203,20220218,20220218,134541000,13:45:41,8232,469,6605,19275900,0,0,0
SM203,20220218,20220218,134541500,13:45:41,8232,469,6605,19275900,0,0,0
SM203,20220218,20220218,134542000,13:45:45,8232,469,6605,19275900,0,0,0
SM203,20220218,20220218,134542500,13:45:46,8232,469,6605,19275900,0,0,0
SM203,20220218,20220218,134543500,13:45:46,8232,469,6605,19275900,0,0,0
SM203,20220218,20220218,134545500,13:45:46,8232,469,6605,19275900,0,0,0
SM203,20220218,20220218,134547000,13:45:47,8232,469,6605,19275900,0,0,0
SM203,20220218,20220218,134547500,13:45:47,8232,469,6605,19275900,0,0,0
SM203,20220218,20220218,134548000,13:45:48,8232,469,6605,19275900,0,0,0
SM203,20220218,20220218,134548500,13:45:48,8232,469,6605,19275900,0,0,0
SM203,20220218,20220218,134549500,13:45:53,8232,469,6605,19275900,0,0,0
SM203,20220218,20220218,134550500,13:45:54,8232,469,6605,19275900,0,0,0
SM203,20220218,20220218,134551000,13:45:54,8232,469,6605,19275900,0,0,0
SM203,20220218,20220218,134552500,13:45:54,8232,469,6605,19275900,0,0,0
SM203,20220218,20220218,134600000,13:46:01,8232,469,6605,19275900,0,0,0
SM203,20220218,20220218,134601000,13:46:01,8232,469,6605,19275900,0,0,0
SM203,20220218,20220218,134601500,13:46:02,8232,469,6605,19275900,0,0,0
SM203,20220218,20220218,134602000,13:46:02,8232,469,6605,19275900,0,0,0
SM203,20220218,20220218,134602500,13:46:04,8232,469,6605,19275900,0,0,0
SM203,20220218,20220218,134605000,13:46:05,8232,469,6605,19275900,0,0,0
SM203,20220218,20220218,134607500,13:46:07,8232,469,6605,19275900,0,0,0
SM203,20220218,20220218,134608000,13:46:08,8232,469,6605,19275900,0,0,0
SM203,20220218,20220218,134610000,13:46:11,8232,469,6605,19275900,0,0,0
SM203,20220218,20220218,134610500,13:46:11,8232,469,6605,19275900,0,0,0
SM203,20220218,20220218,134611000,13:46:11,8232,469,6605,19275900,0,0,0
SM203,20220218,20220218,134614000,13:46:14,8232,469,6605,19275900,0,0,0
SM203,20220218,20220218,134615500,13:46:17,8232,469,6605,19275900,0,0,0
SM203,20220218,20220218,134616500,13:46:18,8232,469,6605,19275900,0,0,0
SM203,20220218,20220218,134617500,13:46:18,8232,469,6605,19275900,0,0,0
SM203,20220218,20220218,134618500,13:46:18,8232,469,6605,19275900,0,0,0
SM203,20220218,20220218,134619500,13:46:19,8232,469,6605,19275900,0,0,0
SM203,20220218,20220218,134620000,13:46:20,8232,469,6605,19275900,0,0,0
SM203,20220218,20220218,134620500,13:46:21,8232,469,6605,19275900,0,0,0
SM203,20220218,20220218,134629500,13:46:31,8232,469,6605,19275900,0,0,0
SM203,20220218,20220218,134633000,13:46:33,8232,469,6605,19275900,0,0,0
SM203,20220218,20220218,134633500,13:46:33,8232,469,6605,19275900,0,0,0
SM203,20220218,20220218,134636000,13:46:37,8232,469,6605,19275900,0,0,0
SM203,20220218,20220218,134636500,13:46:37,8232,469,6605,19275900,0,0,0
SM203,20220218,20220218,134637000,13:46:37,8232,469,6605,19275900,0,0,0
SM203,20220218,20220218,134641500,13:46:43,8232,469,6605,19275900,0,0,0
SM203,20220218,20220218,134642500,13:46:43,8232,469,6605,19275900,0,0,0
SM203,20220218,20220218,134643000,13:46:43,8232,469,6605,19275900,0,0,0
SM203,20220218,20220218,134645500,13:46:47,8232,469,6605,19275900,0,0,0
SM203,20220218,20220218,134646000,13:46:47,8232,469,6605,19275900,0,0,0
SM203,20220218,20220218,134651500,13:46:51,8232,469,6605,19275900,0,0,0
SM203,20220218,20220218,134652000,13:46:52,8232,469,6605,19275900,0,0,0
SM203,20220218,20220218,134652500,13:46:53,8232,469,6605,19275900,0,0,0
SM203,20220218,20220218,134701000,13:47:01,8232,469,6605,19275900,0,0,0
SM203,20220218,20220218,134703500,13:47:03,8232,469,6605,19275900,0,0,0
SM203,20220218,20220218,134704500,13:47:05,8232,469,6605,19275900,0,0,0
SM203,20220218,20220218,134706500,13:47:10,8232,469,6605,19275900,0,0,0
SM203,20220218,20220218,134707500,13:47:10,8232,469,6605,19275900,0,0,0
SM203,20220218,20220218,134709000,13:47:11,8232,469,6605,19275900,0,0,0
SM203,20220218,20220218,134710000,13:47:12,8232,469,6605,19275900,0,0,0
SM203,20220218,20220218,134710500,13:47:12,8232,469,6605,19275900,0,0,0
SM203,20220218,20220218,134712000,13:47:16,8232,469,6605,19275900,0,0,0
SM203,20220218,20220218,134715500,13:47:16,8232,469,6605,19275900,0,0,0
SM203,20220218,20220218,134720000,13:47:20,8232,469,6605,19275900,0,0,0
SM203,20220218,20220218,134724000,13:47:27,8232,469,6605,19275900,0,0,0
SM203,20220218,20220218,134726500,13:47:27,8232,469,6605,19275900,0,0,0
SM203,20220218,20220218,134727000,13:47:27,8232,469,6605,19275900,0,0,0
SM203,20220218,20220218,134727500,13:47:28,8232,469,6605,19275900,0,0,0
SM203,20220218,20220218,134728000,13:47:28,8232,469,6605,19275900,0,0,0
SM203,20220218,20220218,134728500,13:47:28,8232,469,6605,19275900,0,0,0
SM203,20220218,20220218,134729000,13:47:29,8232,469,6605,19275900,0,0,0
SM203,20220218,20220218,134731500,13:47:31,8232,469,6605,19275900,0,0,0
SM203,20220218,20220218,134732000,13:47:32,8232,469,6605,19275900,0,0,0
SM203,20220218,20220218,134732500,13:47:33,8232,469,6605,19275900,0,0,0
SM203,20220218,20220218,134733000,13:47:34,8232,469,6605,19275900,0,0,0
SM203,20220218,20220218,134733500,13:47:34,8232,469,6605,19275900,0,0,0
SM203,20220218,20220218,134734000,13:47:34,8232,469,6605,19275900,0,0,0
SM203,20220218,20220218,134735000,13:47:36,8232,469,6605,19275900,0,0,0
SM203,20220218,20220218,134739000,13:47:39,8232,469,6605,19275900,0,0,0
SM203,20220218,20220218,134740000,13:47:40,8232,469,6605,19275900,0,0,0
SM203,20220218,20220218,134740500,13:47:40,8232,469,6605,19275900,0,0,0
SM203,20220218,20220218,134741000,13:47:41,8232,469,6605,19275900,0,0,0
SM203,20220218,20220218,134741500,13:47:42,8232,469,6605,19275900,0,0,0
SM203,20220218,20220218,134742500,13:47:42,8232,469,6605,19275900,0,0,0
SM203,20220218,20220218,134745500,13:47:45,8232,469,6605,19275900,0,0,0
SM203,20220218,20220218,134746500,13:47:47,8232,469,6605,19275900,0,0,0
SM203,20220218,20220218,134752500,13:47:52,8232,469,6605,19275900,0,0,0
SM203,20220218,20220218,134759500,13:48:00,8232,469,6605,19275900,0,0,0
SM203,20220218,20220218,134801500,13:48:01,8232,469,6605,19275900,0,0,0
SM203,20220218,20220218,134804000,13:48:04,8232,469,6605,19275900,0,0,0
SM203,20220218,20220218,134809500,13:48:09,8232,469,6605,19275900,0,0,0
SM203,20220218,20220218,134812000,13:48:12,8232,469,6605,19275900,0,0,0
SM203,20220218,20220218,134813500,13:48:13,8232,469,6605,19275900,0,0,0
SM203,20220218,20220218,134817500,13:48:18,8232,469,6605,19275900,0,0,0
SM203,20220218,20220218,134818000,13:48:19,8232,469,6605,19275900,0,0,0
SM203,20220218,20220218,134818500,13:48:20,8232,469,6605,19275900,0,0,0
SM203,20220218,20220218,134819000,13:48:20,8232,469,6605,19275900,0,0,0
SM203,20220218,20220218,134829500,13:48:29,8232,469,6605,19275900,0,0,0
SM203,20220218,20220218,134831500,13:48:32,8232,469,6605,19275900,0,0,0
SM203,20220218,20220218,134834500,13:48:36,8232,469,6605,19275900,0,0,0
SM203,20220218,20220218,134836000,13:48:37,8232,469,6605,19275900,0,0,0
SM203,20220218,20220218,134839000,13:48:39,8232,469,6605,19275900,0,0,0
SM203,20220218,20220218,134839500,13:48:39,8232,469,6605,19275900,0,0,0
SM203,20220218,20220218,134843500,13:48:43,8232,469,6605,19275900,0,0,0
SM203,20220218,20220218,134845500,13:48:45,8232,469,6605,19275900,0,0,0
SM203,20220218,20220218,134846500,13:48:46,8232,469,6605,19275900,0,0,0
SM203,20220218,20220218,134847000,13:48:47,8232,469,6605,19275900,0,0,0
SM203,20220218,20220218,134850000,13:48:50,8232,469,6605,19275900,0,0,0
SM203,20220218,20220218,134851000,13:48:51,8232,469,6605,19275900,0,0,0
SM203,20220218,20220218,134851500,13:48:51,8232,469,6605,19275900,0,0,0
SM203,20220218,20220218,134852000,13:48:52,8232,469,6605,19275900,0,0,0
SM203,20220218,20220218,134852500,13:48:52,8232,469,6605,19275900,0,0,0
SM203,20220218,20220218,134855500,13:48:56,8232,469,6605,19275900,0,0,0
SM203,20220218,20220218,134856000,13:48:56,8232,469,6605,19275900,0,0,0
SM203,20220218,20220218,134856500,13:48:57,8232,469,6605,19275900,0,0,0
SM203,20220218,20220218,134857000,13:48:57,8232,469,6605,19275900,0,0,0
SM203,20220218,20220218,134858000,13:48:58,8232,469,6605,19275900,0,0,0
SM203,20220218,20220218,134859000,13:48:59,8232,469,6605,19275900,0,0,0
SM203,20220218,20220218,134901000,13:49:01,8232,469,6605,19275900,0,0,0
SM203,20220218,20220218,134901500,13:49:02,8232,469,6605,19275900,0,0,0
SM203,20220218,20220218,134902000,13:49:02,8232,469,6605,19275900,0,0,0
SM203,20220218,20220218,134904500,13:49:04,8232,469,6605,19275900,0,0,0
SM203,20220218,20220218,134905000,13:49:05,8232,469,6605,19275900,0,0,0
SM203,20220218,20220218,134905500,13:49:05,8232,469,6605,19275900,0,0,0
SM203,20220218,20220218,134906000,13:49:06,8232,469,6605,19275900,0,0,0
SM203,20220218,20220218,134907500,13:49:07,8232,469,6605,19275900,0,0,0
SM203,20220218,20220218,134912500,13:49:13,8232,469,6605,19275900,0,0,0
SM203,20220218,20220218,134913000,13:49:13,8232,469,6605,19275900,0,0,0
SM203,20220218,20220218,134913500,13:49:13,8232,469,6605,19275900,0,0,0
SM203,20220218,20220218,134914500,13:49:14,8232,469,6605,19275900,0,0,0
SM203,20220218,20220218,134915000,13:49:15,8232,469,6605,19275900,0,0,0
SM203,20220218,20220218,134915500,13:49:15,8232,469,6605,19275900,0,0,0
SM203,20220218,20220218,134916500,13:49:17,8232,469,6605,19275900,0,0,0
SM203,20220218,20220218,134917000,13:49:17,8232,469,6605,19275900,0,0,0
SM203,20220218,20220218,134917500,13:49:17,8232,469,6605,19275900,0,0,0
SM203,20220218,20220218,134918000,13:49:18,8232,469,6605,19275900,0,0,0
SM203,20220218,20220218,134919500,13:49:20,8232,469,6605,19275900,0,0,0
SM203,20220218,20220218,134920500,13:49:20,8232,469,6605,19275900,0,0,0
SM203,20220218,20220218,134923000,13:49:23,8232,469,6605,19275900,0,0,0
SM203,20220218,20220218,134923500,13:49:24,8232,469,6605,19275900,0,0,0
SM203,20220218,20220218,134924500,13:49:25,8232,469,6605,19275900,0,0,0
SM203,20220218,20220218,134925000,13:49:25,8232,469,6605,19275900,0,0,0
SM203,20220218,20220218,134925500,13:49:25,8232,469,6605,19275900,0,0,0
SM203,20220218,20220218,134926500,13:49:27,8232,469,6605,19275900,0,0,0
SM203,20220218,20220218,134927000,13:49:27,8232,469,6605,19275900,0,0,0
SM203,20220218,20220218,134927500,13:49:28,8232,469,6605,19275900,0,0,0
SM203,20220218,20220218,134932000,13:49:32,8232,469,6605,19275900,0,0,0
SM203,20220218,20220218,134932500,13:49:32,8232,469,6605,19275900,0,0,0
SM203,20220218,20220218,134933000,13:49:33,8232,469,6605,19275900,0,0,0
SM203,20220218,20220218,134934000,13:49:34,8232,469,6605,19275900,0,0,0
SM203,20220218,20220218,134934500,13:49:35,8232,469,6605,19275900,0,0,0
SM203,20220218,20220218,134937000,13:49:37,8232,469,6605,19275900,0,0,0
SM203,20220218,20220218,134937500,13:49:37,8232,469,6605,19275900,0,0,0
SM203,20220218,20220218,134939500,13:49:39,8232,469,6605,19275900,0,0,0
SM203,20220218,20220218,134942500,13:49:42,8232,469,6605,19275900,0,0,0
SM203,20220218,20220218,134944000,13:49:44,8232,469,6605,19275900,0,0,0
SM203,20220218,20220218,134944500,13:49:44,8232,469,6605,19275900,0,0,0
SM203,20220218,20220218,134947000,13:49:47,8232,469,6605,19275900,0,0,0
SM203,20220218,20220218,134947500,13:49:47,8232,469,6605,19275900,0,0,0
SM203,20220218,20220218,134948500,13:49:48,8232,469,6605,19275900,0,0,0
SM203,20220218,20220218,134949000,13:49:49,8232,469,6605,19275900,0,0,0
SM203,20220218,20220218,134950000,13:49:50,8232,469,6605,19275900,0,0,0
SM203,20220218,20220218,134950500,13:49:50,8232,469,6605,19275900,0,0,0
SM203,20220218,20220218,134951000,13:49:51,8232,469,6605,19275900,0,0,0
SM203,20220218,20220218,134951500,13:49:52,8232,469,6605,19275900,0,0,0
SM203,20220218,20220218,134954000,13:49:55,8232,469,6605,19275900,0,0,0
SM203,20220218,20220218,134954500,13:49:55,8232,469,6605,19275900,0,0,0
SM203,20220218,20220218,134955500,13:49:56,8232,469,6605,19275900,0,0,0
SM203,20220218,20220218,134956000,13:49:56,8232,469,6605,19275900,0,0,0
SM203,20220218,20220218,134958000,13:49:58,8232,469,6605,19275900,0,0,0
SM203,20220218,20220218,134958500,13:49:59,8232,469,6605,19275900,0,0,0
SM203,20220218,20220218,135000000,13:50:00,8232,469,6605,19275900,0,0,0
SM203,20220218,20220218,135001000,13:50:01,8232,469,6605,19275900,0,0,0
SM203,20220218,20220218,135001500,13:50:02,8232,469,6605,19275900,0,0,0
SM203,20220218,20220218,135002000,13:50:02,8232,469,6605,19275900,0,0,0
SM203,20220218,20220218,135002500,13:50:02,8232,469,6605,19275900,0,0,0
SM203,20220218,20220218,135004000,13:50:04,8232,469,6605,19275900,0,0,0
SM203,20220218,20220218,135005500,13:50:06,8232,469,6605,19275900,0,0,0
SM203,20220218,20220218,135006000,13:50:06,8232,469,6605,19275900,0,0,0
SM203,20220218,20220218,135008500,13:50:25,8232,469,6605,19275900,0,0,0
SM203,20220218,20220218,135022000,13:50:26,8232,469,6605,19275900,0,0,0
SM203,20220218,20220218,135032500,13:50:37,8232,469,6605,19275900,0,0,0
SM203,20220218,20220218,135038000,13:50:39,8232,469,6605,19275900,0,0,0
SM203,20220218,20220218,135048000,13:50:48,8232,469,6605,19275900,0,0,0
SM203,20220218,20220218,135049000,13:50:49,8232,469,6605,19275900,0,0,0
SM203,20220218,20220218,135049500,13:50:50,8232,469,6605,19275900,0,0,0
SM203,20220218,20220218,135050000,13:50:50,8232,469,6605,19275900,0,0,0
SM203,20220218,20220218,135052500,13:50:53,8232,469,6605,19275900,0,0,0
SM203,20220218,20220218,135054000,13:50:54,8232,469,6605,19275900,0,0,0
SM203,20220218,20220218,135054500,13:50:54,8232,469,6605,19275900,0,0,0
SM203,20220218,20220218,135056500,13:50:57,8232,469,6605,19275900,0,0,0
SM203,20220218,20220218,135057000,13:50:57,8232,469,6605,19275900,0,0,0
SM203,20220218,20220218,135057500,13:50:57,8232,469,6605,19275900,0,0,0
SM203,20220218,20220218,135058000,13:50:58,8232,469,6605,19275900,0,0,0
SM203,20220218,20220218,135101500,13:51:01,8232,469,6605,19275900,0,0,0
SM203,20220218,20220218,135103000,13:51:03,8232,469,6605,19275900,0,0,0
SM203,20220218,20220218,135103500,13:51:03,8232,469,6605,19275900,0,0,0
SM203,20220218,20220218,135118500,13:51:21,8232,469,6605,19275900,0,0,0
SM203,20220218,20220218,135123000,13:51:23,8232,469,6605,19275900,0,0,0
SM203,20220218,20220218,135123500,13:51:24,8232,469,6605,19275900,0,0,0
SM203,20220218,20220218,135124000,13:51:24,8232,469,6605,19275900,0,0,0
SM203,20220218,20220218,135125000,13:51:25,8232,469,6605,19275900,0,0,0
SM203,20220218,20220218,135125500,13:51:26,8232,469,6605,19275900,0,0,0
SM203,20220218,20220218,135126500,13:51:27,8232,469,6605,19275900,0,0,0
SM203,20220218,20220218,135127000,13:51:27,8232,469,6605,19275900,0,0,0
SM203,20220218,20220218,135127500,13:51:27,8232,469,6605,19275900,0,0,0
SM203,20220218,20220218,135128500,13:51:29,8232,469,6605,19275900,0,0,0
SM203,20220218,20220218,135129000,13:51:29,8232,469,6605,19275900,0,0,0
SM203,20220218,20220218,135129500,13:51:29,8232,469,6605,19275900,0,0,0
SM203,20220218,20220218,135130000,13:51:30,8232,469,6605,19275900,0,0,0
SM203,20220218,20220218,135132500,13:51:32,8232,469,6605,19275900,0,0,0
SM203,20220218,20220218,135134000,13:51:34,8232,469,6605,19275900,0,0,0
SM203,20220218,20220218,135135500,13:51:35,8232,469,6605,19275900,0,0,0
SM203,20220218,20220218,135137500,13:51:37,8232,469,6605,19275900,0,0,0
SM203,20220218,20220218,135142000,13:51:42,8232,469,6605,19275900,0,0,0
SM203,20220218,20220218,135146000,13:51:46,8232,469,6605,19275900,0,0,0
SM203,20220218,20220218,135148500,13:51:49,8232,469,6605,19275900,0,0,0
SM203,20220218,20220218,135154000,13:51:54,8232,469,6605,19275900,0,0,0
SM203,20220218,20220218,135156000,13:51:56,8232,469,6605,19275900,0,0,0
SM203,20220218,20220218,135159500,13:51:59,8232,469,6605,19275900,0,0,0
SM203,20220218,20220218,135201000,13:52:01,8232,469,6605,19275900,0,0,0
SM203,20220218,20220218,135201500,13:52:01,8232,469,6605,19275900,0,0,0
SM203,20220218,20220218,135202000,13:52:03,8232,469,6605,19275900,0,0,0
SM203,20220218,20220218,135202500,13:52:03,8232,469,6605,19275900,0,0,0
SM203,20220218,20220218,135203000,13:52:03,8232,469,6605,19275900,0,0,0
SM203,20220218,20220218,135203500,13:52:04,8232,469,6605,19275900,0,0,0
SM203,20220218,20220218,135206000,13:52:06,8232,469,6605,19275900,0,0,0
SM203,20220218,20220218,135207000,13:52:09,8232,469,6605,19275900,0,0,0
SM203,20220218,20220218,135208000,13:52:10,8232,469,6605,19275900,0,0,0
SM203,20220218,20220218,135209000,13:52:10,8232,469,6605,19275900,0,0,0
SM203,20220218,20220218,135210500,13:52:11,8232,469,6605,19275900,0,0,0
SM203,20220218,20220218,135211000,13:52:12,8232,469,6605,19275900,0,0,0
SM203,20220218,20220218,135211500,13:52:12,8232,469,6605,19275900,0,0,0
SM203,20220218,20220218,135212000,13:52:12,8232,469,6605,19275900,0,0,0
SM203,20220218,20220218,135213500,13:52:13,8232,469,6605,19275900,0,0,0
SM203,20220218,20220218,135214000,13:52:14,8232,469,6605,19275900,0,0,0
SM203,20220218,20220218,135214500,13:52:15,8232,469,6605,19275900,0,0,0
SM203,20220218,20220218,135220000,13:52:24,8232,469,6605,19275900,0,0,0
SM203,20220218,20220218,135220500,13:52:24,8232,469,6605,19275900,0,0,0
SM203,20220218,20220218,135225500,13:52:25,8232,469,6605,19275900,0,0,0
SM203,20220218,20220218,135226000,13:52:26,8232,469,6605,19275900,0,0,0
SM203,20220218,20220218,135226500,13:52:27,8232,469,6605,19275900,0,0,0
SM203,20220218,20220218,135227000,13:52:27,8232,469,6605,19275900,0,0,0
SM203,20220218,20220218,135228500,13:52:28,8232,469,6605,19275900,0,0,0
SM203,20220218,20220218,135229000,13:52:29,8232,469,6605,19275900,0,0,0
SM203,20220218,20220218,135229500,13:52:31,8232,469,6605,19275900,0,0,0
SM203,20220218,20220218,135231000,13:52:32,8232,469,6605,19275900,0,0,0
SM203,20220218,20220218,135231500,13:52:32,8232,469,6605,19275900,0,0,0
SM203,20220218,20220218,135241500,13:52:45,8232,469,6605,19275900,0,0,0
SM203,20220218,20220218,135246000,13:52:48,8232,469,6605,19275900,0,0,0
SM203,20220218,20220218,135246500,13:52:48,8232,469,6605,19275900,0,0,0
SM203,20220218,20220218,135247000,13:52:48,8232,469,6605,19275900,0,0,0
SM203,20220218,20220218,135247500,13:52:48,8232,469,6605,19275900,0,0,0
SM203,20220218,20220218,135248500,13:52:49,8232,469,6605,19275900,0,0,0
SM203,20220218,20220218,135249000,13:52:49,8232,469,6605,19275900,0,0,0
SM203,20220218,20220218,135253000,13:52:53,8232,469,6605,19275900,0,0,0
SM203,20220218,20220218,135253500,13:52:54,8232,469,6605,19275900,0,0,0
SM203,20220218,20220218,135254000,13:52:54,8232,469,6605,19275900,0,0,0
SM203,20220218,20220218,135300500,13:53:01,8232,469,6605,19275900,0,0,0
SM203,20220218,20220218,135302000,13:53:02,8232,469,6605,19275900,0,0,0
SM203,20220218,20220218,135303000,13:53:03,8232,469,6605,19275900,0,0,0
SM203,20220218,20220218,135308500,13:53:09,8232,469,6605,19275900,0,0,0
SM203,20220218,20220218,135313000,13:53:13,8232,469,6605,19275900,0,0,0
SM203,20220218,20220218,135315500,13:53:15,8232,469,6605,19275900,0,0,0
SM203,20220218,20220218,135316000,13:53:16,8232,469,6605,19275900,0,0,0
SM203,20220218,20220218,135318000,13:53:20,8232,469,6605,19275900,0,0,0
SM203,20220218,20220218,135319000,13:53:20,8232,469,6605,19275900,0,0,0
SM203,20220218,20220218,135320000,13:53:20,8232,469,6605,19275900,0,0,0
SM203,20220218,20220218,135320500,13:53:20,8232,469,6605,19275900,0,0,0
SM203,20220218,20220218,135322500,13:53:23,8232,469,6605,19275900,0,0,0
SM203,20220218,20220218,135323000,13:53:23,8232,469,6605,19275900,0,0,0
SM203,20220218,20220218,135333500,13:53:33,8232,469,6605,19275900,0,0,0
SM203,20220218,20220218,135335000,13:53:35,8232,469,6605,19275900,0,0,0
SM203,20220218,20220218,135336000,13:53:36,8232,469,6605,19275900,0,0,0
SM203,20220218,20220218,135344000,13:53:45,8232,469,6605,19275900,0,0,0
SM203,20220218,20220218,135344500,13:53:45,8232,469,6605,19275900,0,0,0
SM203,20220218,20220218,135346500,13:53:47,8232,469,6605,19275900,0,0,0
SM203,20220218,20220218,135348000,13:53:48,8232,469,6605,19275900,0,0,0
SM203,20220218,20220218,135348500,13:53:48,8232,469,6605,19275900,0,0,0
SM203,20220218,20220218,135349500,13:53:50,8232,469,6605,19275900,0,0,0
SM203,20220218,20220218,135350500,13:53:50,8232,469,6605,19275900,0,0,0
SM203,20220218,20220218,135351500,13:53:53,8232,469,6605,19275900,0,0,0
SM203,20220218,20220218,135352500,13:53:53,8232,469,6605,19275900,0,0,0
SM203,20220218,20220218,135353000,13:53:53,8232,469,6605,19275900,0,0,0
SM203,20220218,20220218,135355000,13:53:55,8232,469,6605,19275900,0,0,0
SM203,20220218,20220218,135355500,13:53:56,8232,469,6605,19275900,0,0,0
SM203,20220218,20220218,135356000,13:53:56,8232,469,6605,19275900,0,0,0
SM203,20220218,20220218,135357000,13:53:57,8232,469,6605,19275900,0,0,0
SM203,20220218,20220218,135358000,13:53:58,8232,469,6605,19275900,0,0,0
SM203,20220218,20220218,135358500,13:53:59,8232,469,6605,19275900,0,0,0
SM203,20220218,20220218,135359000,13:54:00,8232,469,6605,19275900,0,0,0
SM203,20220218,20220218,135407500,13:54:09,8232,469,6605,19275900,0,0,0
SM203,20220218,20220218,135409000,13:54:09,8232,469,6605,19275900,0,0,0
SM203,20220218,20220218,135411500,13:54:12,8232,469,6605,19275900,0,0,0
SM203,20220218,20220218,135416500,13:54:16,8232,469,6605,19275900,0,0,0
SM203,20220218,20220218,135417000,13:54:17,8232,469,6605,19275900,0,0,0
SM203,20220218,20220218,135418000,13:54:18,8232,469,6605,19275900,0,0,0
SM203,20220218,20220218,135419000,13:54:19,8232,469,6605,19275900,0,0,0
SM203,20220218,20220218,135421000,13:54:21,8232,469,6605,19275900,0,0,0
SM203,20220218,20220218,135423500,13:54:23,8232,469,6605,19275900,0,0,0
SM203,20220218,20220218,135425000,13:54:25,8232,469,6605,19275900,0,0,0
SM203,20220218,20220218,135425500,13:54:26,8232,469,6605,19275900,0,0,0
SM203,20220218,20220218,135426000,13:54:26,8232,469,6605,19275900,0,0,0
SM203,20220218,20220218,135428000,13:54:30,8232,469,6605,19275900,0,0,0
SM203,20220218,20220218,135428500,13:54:30,8232,469,6605,19275900,0,0,0
SM203,20220218,20220218,135429000,13:54:31,8232,469,6605,19275900,0,0,0
SM203,20220218,20220218,135429500,13:54:31,8232,469,6605,19275900,0,0,0
SM203,20220218,20220218,135436000,13:54:36,8232,469,6605,19275900,0,0,0
SM203,20220218,20220218,135436500,13:54:36,8232,469,6605,19275900,0,0,0
SM203,20220218,20220218,135438000,13:54:38,8232,469,6605,19275900,0,0,0
SM203,20220218,20220218,135438500,13:54:39,8232,469,6605,19275900,0,0,0
SM203,20220218,20220218,135439000,13:54:39,8232,469,6605,19275900,0,0,0
SM203,20220218,20220218,135439500,13:54:40,8232,469,6605,19275900,0,0,0
SM203,20220218,20220218,135440500,13:54:40,8232,469,6605,19275900,0,0,0
SM203,20220218,20220218,135441000,13:54:41,8232,469,6605,19275900,0,0,0
SM203,20220218,20220218,135442000,13:54:42,8232,469,6605,19275900,0,0,0
SM203,20220218,20220218,135444000,13:54:44,8232,469,6605,19275900,0,0,0
SM203,20220218,20220218,135444500,13:54:44,8232,469,6605,19275900,0,0,0
SM203,20220218,20220218,135445000,13:54:45,8232,469,6605,19275900,0,0,0
SM203,20220218,20220218,135445500,13:54:45,8232,469,6605,19275900,0,0,0
SM203,20220218,20220218,135446500,13:54:47,8232,469,6605,19275900,0,0,0
SM203,20220218,20220218,135447000,13:54:47,8232,469,6605,19275900,0,0,0
SM203,20220218,20220218,135447500,13:54:47,8232,469,6605,19275900,0,0,0
SM203,20220218,20220218,135448000,13:54:48,8232,469,6605,19275900,0,0,0
SM203,20220218,20220218,135448500,13:54:48,8232,469,6605,19275900,0,0,0
SM203,20220218,20220218,135449000,13:54:49,8232,469,6605,19275900,0,0,0
SM203,20220218,20220218,135449500,13:54:49,8232,469,6605,19275900,0,0,0
SM203,20220218,20220218,135450500,13:54:50,8232,469,6605,19275900,0,0,0
SM203,20220218,20220218,135451000,13:54:51,8232,469,6605,19275900,0,0,0
SM203,20220218,20220218,135451500,13:54:51,8232,469,6605,19275900,0,0,0
SM203,20220218,20220218,135452000,13:54:52,8232,469,6605,19275900,0,0,0
SM203,20220218,20220218,135452500,13:54:52,8232,469,6605,19275900,0,0,0
SM203,20220218,20220218,135453500,13:54:54,8232,469,6605,19275900,0,0,0
SM203,20220218,20220218,135454000,13:54:54,8232,469,6605,19275900,0,0,0
SM203,20220218,20220218,135454500,13:54:54,8232,469,6605,19275900,0,0,0
SM203,20220218,20220218,135455500,13:54:55,8232,469,6605,19275900,0,0,0
SM203,20220218,20220218,135457500,13:54:57,8232,469,6605,19275900,0,0,0
SM203,20220218,20220218,135458000,13:54:58,8232,469,6605,19275900,0,0,0
SM203,20220218,20220218,135459000,13:54:59,8232,469,6605,19275900,0,0,0
SM203,20220218,20220218,135459500,13:55:00,8232,469,6605,19275900,0,0,0
SM203,20220218,20220218,135500000,13:55:00,8232,469,6605,19275900,0,0,0
SM203,20220218,20220218,135500500,13:55:00,8232,469,6605,19275900,0,0,0
SM203,20220218,20220218,135501000,13:55:01,8232,469,6605,19275900,0,0,0
SM203,20220218,20220218,135502000,13:55:03,8232,469,6605,19275900,0,0,0
SM203,20220218,20220218,135505500,13:55:06,8232,469,6605,19275900,0,0,0
SM203,20220218,20220218,135506000,13:55:06,8232,469,6605,19275900,0,0,0
SM203,20220218,20220218,135511500,13:55:12,8232,469,6605,19275900,0,0,0
SM203,20220218,20220218,135512000,13:55:12,8232,469,6605,19275900,0,0,0
SM203,20220218,20220218,135518000,13:55:21,8232,469,6605,19275900,0,0,0
SM203,20220218,20220218,135518500,13:55:24,8232,469,6605,19275900,0,0,0
SM203,20220218,20220218,135519000,13:55:25,8232,469,6605,19275900,0,0,0
SM203,20220218,20220218,135525000,13:55:25,8232,469,6605,19275900,0,0,0
SM203,20220218,20220218,135530000,13:55:30,8232,469,6605,19275900,0,0,0
SM203,20220218,20220218,135534000,13:55:34,8232,469,6605,19275900,0,0,0
SM203,20220218,20220218,135534500,13:55:34,8232,469,6605,19275900,0,0,0
SM203,20220218,20220218,135539500,13:55:40,8232,469,6605,19275900,0,0,0
SM203,20220218,20220218,135540500,13:55:41,8232,469,6605,19275900,0,0,0
SM203,20220218,20220218,135544000,13:55:45,8232,469,6605,19275900,0,0,0
SM203,20220218,20220218,135544500,13:55:45,8232,469,6605,19275900,0,0,0
SM203,20220218,20220218,135545500,13:55:45,8232,469,6605,19275900,0,0,0
SM203,20220218,20220218,135546500,13:55:47,8232,469,6605,19275900,0,0,0
SM203,20220218,20220218,135549500,13:55:50,8232,469,6605,19275900,0,0,0
SM203,20220218,20220218,135550500,13:55:50,8232,469,6605,19275900,0,0,0
SM203,20220218,20220218,135551000,13:55:51,8232,469,6605,19275900,0,0,0
SM203,20220218,20220218,135554000,13:55:54,8232,469,6605,19275900,0,0,0
SM203,20220218,20220218,135554500,13:55:54,8232,469,6605,19275900,0,0,0
SM203,20220218,20220218,135602000,13:56:03,8232,469,6605,19275900,0,0,0
SM203,20220218,20220218,135602500,13:56:19,8232,469,6605,19275900,0,0,0
SM203,20220218,20220218,135604000,13:56:23,8232,469,6605,19275900,0,0,0
SM203,20220218,20220218,135618000,13:56:23,8232,469,6605,19275900,0,0,0
SM203,20220218,20220218,135619000,13:56:23,8232,469,6605,19275900,0,0,0
SM203,20220218,20220218,135621000,13:56:23,8232,469,6605,19275900,0,0,0
SM203,20220218,20220218,135624000,13:56:24,8232,469,6605,19275900,0,0,0
SM203,20220218,20220218,135632000,13:56:35,8232,469,6605,19275900,0,0,0
SM203,20220218,20220218,135634000,13:56:35,8232,469,6605,19275900,0,0,0
