SM204,20220218,20220218,112002500,11:20:09,8278,3420,23215,140733000,3420,-1329,140733000
SM204,20220218,20220218,112004500,11:20:09,8278,3420,23215,140733000,0,0,0
SM204,20220218,20220218,112005000,11:20:10,8278,3420,23215,140733000,0,0,0
SM204,20220218,20220218,112005500,11:20:10,8278,3420,23215,140733000,0,0,0
SM204,20220218,20220218,112007500,11:20:10,8278,3420,23215,140733000,0,0,0
SM204,20220218,20220218,112013500,11:20:13,8278,3420,23215,140733000,0,0,0
SM204,20220218,20220218,112014000,11:20:14,8278,3420,23215,140733000,0,0,0
SM204,20220218,20220218,112015500,11:20:16,8278,3420,23215,140733000,0,0,0
SM204,20220218,20220218,112017000,11:20:17,8278,3420,23215,140733000,0,0,0
SM204,20220218,20220218,112017500,11:20:17,8278,3420,23215,140733000,0,0,0
SM204,20220218,20220218,112018500,11:20:18,8278,3420,23215,140733000,0,0,0
SM204,20220218,20220218,112020000,11:20:20,8278,3420,23215,140733000,0,0,0
SM204,20220218,20220218,112020500,11:20:21,8278,3420,23215,140733000,0,0,0
SM204,20220218,20220218,112021000,11:20:21,8278,3420,23215,140733000,0,0,0
SM204,20220218,20220218,112021500,11:20:21,8278,3420,23215,140733000,0,0,0
SM204,20220218,20220218,112022000,11:20:22,8278,3420,23215,140733000,0,0,0
SM204,20220218,20220218,112023500,11:20:23,8278,3420,23215,140733000,0,0,0
SM204,20220218,20220218,112026000,11:20:26,8278,3420,23215,140733000,0,0,0
SM204,20220218,20220218,112027500,11:20:28,8278,3420,23215,140733000,0,0,0
SM204,20220218,20220218,112028500,11:20:28,8278,3420,23215,140733000,0,0,0
SM204,20220218,20220218,112029000,11:20:29,8278,3420,23215,140733000,0,0,0
SM204,20220218,20220218,112029500,11:20:30,8278,3420,23215,140733000,0,0,0
SM204,20220218,20220218,112030000,11:20:31,8278,3420,23215,140733000,0,0,0
SM204,20220218,20220218,112030500,11:20:31,8278,3420,23215,140733000,0,0,0
SM204,20220218,20220218,112031000,11:20:32,8278,3420,23215,140733000,0,0,0
SM204,20220218,20220218,112032000,11:20:32,8278,3420,23215,140733000,0,0,0
SM204,20220218,20220218,112032500,11:20:32,8278,3420,23215,140733000,0,0,0
SM204,20220218,20220218,112033000,11:20:33,8278,3420,23215,140733000,0,0,0
SM204,20220218,20220218,112033500,11:20:33,8278,3420,23215,140733000,0,0,0
SM204,20220218,20220218,112034500,11:20:35,8278,3420,23215,140733000,0,0,0
SM204,20220218,20220218,112039500,11:20:40,8278,3420,23215,140733000,0,0,0
SM204,20220218,20220218,112042500,11:20:42,8278,3420,23215,140733000,0,0,0
SM204,20220218,20220218,112043000,11:20:43,8278,3420,23215,140733000,0,0,0
SM204,20220218,20220218,112043500,11:20:44,8278,3420,23215,140733000,0,0,0
SM204,20220218,20220218,112044000,11:20:44,8278,3420,23215,140733000,0,0,0
SM204,20220218,20220218,112044500,11:20:45,8278,3420,23215,140733000,0,0,0
SM204,20220218,20220218,112045000,11:20:45,8278,3420,23215,140733000,0,0,0
SM204,20220218,20220218,112045500,11:20:46,8278,3420,23215,140733000,0,0,0
SM204,20220218,20220218,112046000,11:20:46,8278,3420,23215,140733000,0,0,0
SM204,20220218,20220218,112046500,11:20:46,8278,3420,23215,140733000,0,0,0
SM204,20220218,20220218,112047000,11:20:47,8278,3420,23215,140733000,0,0,0
SM204,20220218,20220218,112047500,11:20:48,8278,3420,23215,140733000,0,0,0
SM204,20220218,20220218,112050500,11:20:50,8278,3420,23215,140733000,0,0,0
SM204,20220218,20220218,112051500,11:20:52,8278,3420,23215,140733000,0,0,0
SM204,20220218,20220218,112052000,11:20:53,8278,3420,23215,140733000,0,0,0
SM204,20220218,20220218,112052500,11:20:53,8278,3420,23215,140733000,0,0,0
SM204,20220218,20220218,112053000,11:20:53,8278,3420,23215,140733000,0,0,0
SM204,20220218,20220218,112054500,11:20:55,8278,3420,23215,140733000,0,0,0
SM204,20220218,20220218,112055000,11:20:55,8278,3420,23215,140733000,0,0,0
SM204,20220218,20220218,112056000,11:20:56,8278,3420,23215,140733000,0,0,0
SM204,20220218,20220218,112056500,11:20:57,8278,3420,23215,140733000,0,0,0
SM204,20220218,20220218,112057000,11:20:58,8278,3420,23215,140733000,0,0,0
SM204,20220218,20220218,112057500,11:20:58,8278,3420,23215,140733000,0,0,0
SM204,20220218,20220218,112058000,11:20:58,8278,3420,23215,140733000,0,0,0
SM204,20220218,20220218,112058500,11:20:59,8278,3420,23215,140733000,0,0,0
SM204,20220218,20220218,112059000,11:20:59,8278,3420,23215,140733000,0,0,0
SM204,20220218,20220218,112059500,11:21:00,8278,3420,23215,140733000,0,0,0
SM204,20220218,20220218,112100000,11:21:00,8278,3420,23215,140733000,0,0,0
SM204,20220218,20220218,112100500,11:21:01,8278,3420,23215,140733000,0,0,0
SM204,20220218,20220218,112101000,11:21:01,8278,3420,23215,140733000,0,0,0
SM204,20220218,20220218,112101500,11:21:02,8278,3420,23215,140733000,0,0,0
SM204,20220218,20220218,112105500,11:21:07,8278,3420,23215,140733000,0,0,0
SM204,20220218,20220218,112106000,11:21:07,8278,3420,23215,140733000,0,0,0
SM204,20220218,20220218,112106500,11:21:08,8278,3420,23215,140733000,0,0,0
SM204,20220218,20220218,112107000,11:21:10,8278,3420,23215,140733000,0,0,0
SM204,20220218,20220218,112112500,11:21:13,8278,3420,23215,140733000,0,0,0
SM204,20220218,20220218,112113000,11:21:13,8278,3420,23215,140733000,0,0,0
SM204,20220218,20220218,112113500,11:21:13,8278,3420,23215,140733000,0,0,0
SM204,20220218,20220218,112114000,11:21:14,8278,3420,23215,140733000,0,0,0
SM204,20220218,20220218,112114500,11:21:14,8278,3420,23215,140733000,0,0,0
SM204,20220218,20220218,112115000,11:21:15,8278,3420,23215,140733000,0,0,0
SM204,20220218,20220218,112116500,11:21:17,8278,3420,23215,140733000,0,0,0
SM204,20220218,20220218,112122500,11:21:22,8278,3420,23215,140733000,0,0,0
SM204,20220218,20220218,112123000,11:21:23,8278,3420,23215,140733000,0,0,0
SM204,20220218,20220218,112124000,11:21:24,8278,3420,23215,140733000,0,0,0
SM204,20220218,20220218,112124500,11:21:25,8278,3420,23215,140733000,0,0,0
SM204,20220218,20220218,112125000,11:22:29,8278,3420,23215,140733000,0,0,0
SM204,20220218,20220218,112125500,11:23:32,8278,3420,23215,140733000,0,0,0
SM204,20220218,20220218,112126000,11:23:33,8278,3420,23215,140733000,0,0,0
SM204,20220218,20220218,112332500,11:23:33,8278,3420,23215,140733000,0,0,0
SM204,20220218,20220218,112333000,11:23:33,8278,3420,23215,140733000,0,0,0
SM204,20220218,20220218,112334500,11:23:34,8278,3420,23215,140733000,0,0,0
SM204,20220218,20220218,112336000,11:23:37,8278,3420,23215,140733000,0,0,0
SM204,20220218,20220218,112337000,11:23:38,8278,3420,23215,140733000,0,0,0
SM204,20220218,20220218,112337500,11:23:38,8278,3420,23215,140733000,0,0,0
SM204,20220218,20220218,112338000,11:23:38,8278,3420,23215,140733000,0,0,0
SM204,20220218,20220218,112339500,11:23:39,8278,3420,23215,140733000,0,0,0
SM204,20220218,20220218,112340000,11:23:40,8272,3479,23241,143195640,59,26,2462640
SM204,20220218,20220218,112340500,11:23:40,8272,3479,23241,143195640,0,0,0
SM204,20220218,20220218,112341000,11:23:41,8272,3479,23241,143195640,0,0,0
SM204,20220218,20220218,112341500,11:23:42,8272,3479,23241,143195640,0,0,0
SM204,20220218,20220218,112342000,11:23:42,8272,3479,23241,143195640,0,0,0
SM204,20220218,20220218,112342500,11:23:43,8272,3479,23241,143195640,0,0,0
SM204,20220218,20220218,112343000,11:23:43,8272,3479,23241,143195640,0,0,0
SM204,20220218,20220218,112343500,11:23:43,8272,3479,23241,143195640,0,0,0
SM204,20220218,20220218,112344000,11:23:48,8272,3479,23241,143195640,0,0,0
SM204,20220218,20220218,112345000,11:23:48,8272,3479,23241,143195640,0,0,0
SM204,20220218,20220218,112345500,11:23:48,8272,3479,23241,143195640,0,0,0
SM204,20220218,20220218,112348000,11:23:48,8272,3479,23241,143195640,0,0,0
SM204,20220218,20220218,112348500,11:23:49,8272,3479,23241,143195640,0,0,0
SM204,20220218,20220218,112349000,11:23:49,8272,3479,23241,143195640,0,0,0
SM204,20220218,20220218,112349500,11:23:50,8272,3479,23241,143195640,0,0,0
SM204,20220218,20220218,112350000,11:23:50,8272,3479,23241,143195640,0,0,0
SM204,20220218,20220218,112350500,11:23:50,8272,3479,23241,143195640,0,0,0
SM204,20220218,20220218,112351000,11:23:51,8272,3479,23241,143195640,0,0,0
SM204,20220218,20220218,112357500,11:23:57,8272,3479,23241,143195640,0,0,0
SM204,20220218,20220218,112358000,11:23:58,8272,3479,23241,143195640,0,0,0
SM204,20220218,20220218,112358500,11:23:58,8272,3489,23231,143607240,10,-10,411600
SM204,20220218,20220218,112359000,11:23:59,8272,3493,23233,143771880,4,2,164640
SM204,20220218,20220218,112400000,11:24:00,8274,3494,23233,143813040,1,0,41160
SM204,20220218,20220218,112400500,11:24:00,8274,3494,23233,143813040,0,0,0
SM204,20220218,20220218,112401000,11:24:01,8278,3508,23229,144389280,14,-4,576240
SM204,20220218,20220218,112401500,11:24:01,8278,3508,23229,144389280,0,0,0
SM204,20220218,20220218,112402000,11:24:02,8278,3508,23229,144389280,0,0,0
SM204,20220218,20220218,112402500,11:24:02,8278,3508,23229,144389280,0,0,0
SM204,20220218,20220218,112404000,11:24:04,8278,3508,23229,144389280,0,0,0
SM204,20220218,20220218,112404500,11:24:04,8278,3508,23229,144389280,0,0,0
SM204,20220218,20220218,112405000,11:24:05,8278,3508,23229,144389280,0,0,0
SM204,20220218,20220218,112412000,11:24:12,8278,3508,23229,144389280,0,0,0
SM204,20220218,20220218,112418000,11:24:18,8278,3508,23229,144389280,0,0,0
SM204,20220218,20220218,112418500,11:24:19,8276,3509,23228,144430440,1,-1,41160
SM204,20220218,20220218,112419000,11:24:19,8276,3509,23228,144430440,0,0,0
SM204,20220218,20220218,112430000,11:24:30,8276,3509,23228,144430440,0,0,0
SM204,20220218,20220218,112430500,11:24:30,8276,3509,23228,144430440,0,0,0
SM204,20220218,20220218,112431000,11:24:31,8276,3509,23228,144430440,0,0,0
SM204,20220218,20220218,112432000,11:24:32,8276,3509,23228,144430440,0,0,0
SM204,20220218,20220218,112433000,11:24:33,8276,3509,23228,144430440,0,0,0
SM204,20220218,20220218,112438000,11:24:39,8276,3509,23228,144430440,0,0,0
SM204,20220218,20220218,112439000,11:24:40,8276,3509,23228,144430440,0,0,0
SM204,20220218,20220218,112442500,11:24:42,8276,3509,23228,144430440,0,0,0
SM204,20220218,20220218,112445500,11:24:45,8276,3509,23228,144430440,0,0,0
SM204,20220218,20220218,112446000,11:24:46,8276,3509,23228,144430440,0,0,0
SM204,20220218,20220218,112449000,11:24:49,8276,3509,23228,144430440,0,0,0
SM204,20220218,20220218,112449500,11:24:49,8276,3509,23228,144430440,0,0,0
SM204,20220218,20220218,112450000,11:24:50,8276,3509,23228,144430440,0,0,0
SM204,20220218,20220218,112450500,11:24:50,8276,3509,23228,144430440,0,0,0
SM204,20220218,20220218,112451000,11:24:51,8276,3509,23228,144430440,0,0,0
SM204,20220218,20220218,112452500,11:24:52,8276,3509,23228,144430440,0,0,0
SM204,20220218,20220218,112454000,11:24:54,8276,3509,23228,144430440,0,0,0
SM204,20220218,20220218,112454500,11:24:54,8276,3509,23228,144430440,0,0,0
SM204,20220218,20220218,112455000,11:24:55,8276,3509,23228,144430440,0,0,0
SM204,20220218,20220218,112458000,11:24:58,8276,3509,23228,144430440,0,0,0
SM204,20220218,20220218,112458500,11:24:58,8276,3509,23228,144430440,0,0,0
SM204,20220218,20220218,112459000,11:24:59,8276,3509,23228,144430440,0,0,0
SM204,20220218,20220218,112459500,11:24:59,8276,3509,23228,144430440,0,0,0
SM204,20220218,20220218,112500000,11:25:01,8276,3509,23228,144430440,0,0,0
SM204,20220218,20220218,112501000,11:25:02,8280,3518,23228,144800880,9,0,370440
SM204,20220218,20220218,112501500,11:25:05,8280,3518,23228,144800880,0,0,0
SM204,20220218,20220218,112502000,11:25:05,8280,3518,23228,144800880,0,0,0
SM204,20220218,20220218,112504500,11:25:06,8280,3518,23228,144800880,0,0,0
SM204,20220218,20220218,112505500,11:25:06,8280,3518,23228,144800880,0,0,0
SM204,20220218,20220218,112506000,11:25:07,8280,3518,23228,144800880,0,0,0
SM204,20220218,20220218,112506500,11:25:07,8280,3518,23228,144800880,0,0,0
SM204,20220218,20220218,112507000,11:25:07,8280,3518,23228,144800880,0,0,0
SM204,20220218,20220218,112510000,11:25:10,8280,3518,23228,144800880,0,0,0
SM204,20220218,20220218,112513500,11:25:15,8280,3518,23228,144800880,0,0,0
SM204,20220218,20220218,112515000,11:25:16,8280,3518,23228,144800880,0,0,0
SM204,20220218,20220218,112516500,11:25:16,8280,3518,23228,144800880,0,0,0
SM204,20220218,20220218,112517000,11:25:18,8280,3518,23228,144800880,0,0,0
SM204,20220218,20220218,112518000,11:25:19,8280,3518,23228,144800880,0,0,0
SM204,20220218,20220218,112518500,11:25:19,8280,3518,23228,144800880,0,0,0
SM204,20220218,20220218,112519000,11:25:19,8280,3518,23228,144800880,0,0,0
SM204,20220218,20220218,112520500,11:25:21,8280,3518,23228,144800880,0,0,0
SM204,20220218,20220218,112521000,11:25:21,8280,3518,23228,144800880,0,0,0
SM204,20220218,20220218,112522500,11:25:22,8280,3518,23228,144800880,0,0,0
SM204,20220218,20220218,112523500,11:25:24,8280,3518,23228,144800880,0,0,0
SM204,20220218,20220218,112524500,11:25:25,8280,3518,23228,144800880,0,0,0
SM204,20220218,20220218,112526000,11:25:26,8280,3518,23228,144800880,0,0,0
SM204,20220218,20220218,112528500,11:25:28,8280,3518,23228,144800880,0,0,0
SM204,20220218,20220218,112529000,11:25:29,8280,3518,23228,144800880,0,0,0
SM204,20220218,20220218,112529500,11:25:30,8282,3538,23229,145624080,20,1,823200
SM204,20220218,20220218,112530000,11:25:30,8282,3538,23229,145624080,0,0,0
SM204,20220218,20220218,112530500,11:25:31,8282,3538,23229,145624080,0,0,0
SM204,20220218,20220218,112538500,11:25:39,8282,3538,23229,145624080,0,0,0
SM204,20220218,20220218,112539000,11:25:39,8282,3546,23229,145953360,8,0,329280
SM204,20220218,20220218,112539500,11:25:40,8282,3546,23229,145953360,0,0,0
SM204,20220218,20220218,112543500,11:25:43,8282,3546,23229,145953360,0,0,0
SM204,20220218,20220218,112545000,11:25:45,8282,3546,23229,145953360,0,0,0
SM204,20220218,20220218,112545500,11:25:46,8282,3546,23229,145953360,0,0,0
SM204,20220218,20220218,112557500,11:25:57,8282,3546,23229,145953360,0,0,0
SM204,20220218,20220218,112558500,11:25:59,8282,3546,23229,145953360,0,0,0
SM204,20220218,20220218,112604500,11:26:05,8282,3546,23229,145953360,0,0,0
SM204,20220218,20220218,112605000,11:26:05,8282,3546,23229,145953360,0,0,0
SM204,20220218,20220218,112606000,11:26:06,8282,3546,23229,145953360,0,0,0
SM204,20220218,20220218,112607000,11:26:09,8282,3546,23229,145953360,0,0,0
SM204,20220218,20220218,112607500,11:26:09,8282,3546,23229,145953360,0,0,0
SM204,20220218,20220218,112608500,11:26:09,8282,3546,23229,145953360,0,0,0
SM204,20220218,20220218,112617000,11:26:17,8282,3546,23229,145953360,0,0,0
SM204,20220218,20220218,112617500,11:26:17,8282,3546,23229,145953360,0,0,0
SM204,20220218,20220218,112619500,11:26:20,8282,3546,23229,145953360,0,0,0
SM204,20220218,20220218,112620000,11:26:20,8282,3546,23229,145953360,0,0,0
SM204,20220218,20220218,112622000,11:26:22,8282,3546,23229,145953360,0,0,0
SM204,20220218,20220218,112622500,11:26:23,8282,3546,23229,145953360,0,0,0
SM204,20220218,20220218,112623000,11:26:23,8282,3546,23229,145953360,0,0,0
SM204,20220218,20220218,112624500,11:26:24,8282,3546,23229,145953360,0,0,0
SM204,20220218,20220218,112625000,11:26:25,8282,3546,23229,145953360,0,0,0
SM204,20220218,20220218,112626500,11:26:27,8282,3546,23229,145953360,0,0,0
SM204,20220218,20220218,112628500,11:26:28,8282,3546,23229,145953360,0,0,0
SM204,20220218,20220218,112632000,11:26:32,8282,3546,23229,145953360,0,0,0
SM204,20220218,20220218,112632500,11:26:32,8282,3546,23229,145953360,0,0,0
SM204,20220218,20220218,112633000,11:26:33,8282,3546,23229,145953360,0,0,0
SM204,20220218,20220218,112633500,11:26:34,8282,3546,23229,145953360,0,0,0
SM204,20220218,20220218,112634000,11:26:35,8282,3546,23229,145953360,0,0,0
SM204,20220218,20220218,112635000,11:26:37,8282,3546,23229,145953360,0,0,0
SM204,20220218,20220218,112635500,11:26:38,8282,3546,23229,145953360,0,0,0
SM204,20220218,20220218,112637500,11:27:10,8282,3546,23229,145953360,0,0,0
SM204,20220218,20220218,112652000,11:27:10,8282,3546,23229,145953360,0,0,0
SM204,20220218,20220218,112707500,11:27:12,8282,3546,23229,145953360,0,0,0
SM204,20220218,20220218,112712500,11:27:13,8282,3546,23229,145953360,0,0,0
SM204,20220218,20220218,112717000,11:27:17,8282,3546,23229,145953360,0,0,0
SM204,20220218,20220218,112717500,11:27:17,8282,3546,23229,145953360,0,0,0
SM204,20220218,20220218,112718000,11:27:18,8282,3546,23229,145953360,0,0,0
SM204,20220218,20220218,112723500,11:27:27,8282,3546,23229,145953360,0,0,0
SM204,20220218,20220218,112724000,11:27:27,8282,3546,23229,145953360,0,0,0
SM204,20220218,20220218,112726000,11:27:27,8282,3546,23229,145953360,0,0,0
SM204,20220218,20220218,112727000,11:27:27,8282,3546,23229,145953360,0,0,0
SM204,20220218,20220218,112727500,11:27:27,8282,3546,23229,145953360,0,0,0
SM204,20220218,20220218,112730500,11:27:31,8282,3546,23229,145953360,0,0,0
SM204,20220218,20220218,112731500,11:27:35,8280,3547,23228,145994520,1,-1,41160
SM204,20220218,20220218,112732000,11:27:36,8280,3547,23228,145994520,0,0,0
SM204,20220218,20220218,112732500,11:27:36,8280,3547,23228,145994520,0,0,0
SM204,20220218,20220218,112736500,11:27:38,8278,3548,23227,146035680,1,-1,41160
SM204,20220218,20220218,112737000,11:27:38,8278,3548,23227,146035680,0,0,0
SM204,20220218,20220218,112737500,11:27:38,8278,3548,23227,146035680,0,0,0
SM204,20220218,20220218,112738000,11:27:39,8278,3548,23227,146035680,0,0,0
SM204,20220218,20220218,112739000,11:27:39,8278,3548,23227,146035680,0,0,0
SM204,20220218,20220218,112740500,11:27:40,8278,3548,23227,146035680,0,0,0
SM204,20220218,20220218,112741000,11:27:41,8278,3548,23227,146035680,0,0,0
SM204,20220218,20220218,112741500,11:27:42,8278,3548,23227,146035680,0,0,0
SM204,20220218,20220218,112742000,11:27:42,8278,3548,23227,146035680,0,0,0
SM204,20220218,20220218,112743500,11:27:43,8278,3548,23227,146035680,0,0,0
SM204,20220218,20220218,112744000,11:27:44,8278,3548,23227,146035680,0,0,0
SM204,20220218,20220218,112745000,11:27:46,8278,3548,23227,146035680,0,0,0
SM204,20220218,20220218,112745500,11:27:46,8272,3552,23223,146200320,4,-4,164640
SM204,20220218,20220218,112746000,11:27:46,8272,3552,23223,146200320,0,0,0
SM204,20220218,20220218,112754000,11:27:54,8272,3552,23223,146200320,0,0,0
SM204,20220218,20220218,112754500,11:27:55,8272,3552,23223,146200320,0,0,0
SM204,20220218,20220218,112756500,11:27:56,8272,3552,23223,146200320,0,0,0
SM204,20220218,20220218,112757000,11:27:57,8274,3558,23221,146447280,6,-2,246960
SM204,20220218,20220218,112757500,11:27:57,8274,3558,23221,146447280,0,0,0
SM204,20220218,20220218,112758000,11:27:58,8274,3558,23221,146447280,0,0,0
SM204,20220218,20220218,112759000,11:27:59,8276,3559,23220,146488440,1,-1,41160
SM204,20220218,20220218,112801000,11:28:01,8276,3559,23220,146488440,0,0,0
SM204,20220218,20220218,112801500,11:28:02,8276,3559,23220,146488440,0,0,0
SM204,20220218,20220218,112802000,11:28:03,8276,3559,23220,146488440,0,0,0
SM204,20220218,20220218,112803000,11:28:04,8276,3559,23220,146488440,0,0,0
SM204,20220218,20220218,112810000,11:28:11,8276,3559,23220,146488440,0,0,0
SM204,20220218,20220218,112810500,11:28:12,8276,3559,23220,146488440,0,0,0
SM204,20220218,20220218,112812500,11:28:13,8276,3559,23220,146488440,0,0,0
SM204,20220218,20220218,112814500,11:28:14,8276,3559,23220,146488440,0,0,0
SM204,20220218,20220218,112815500,11:28:15,8276,3559,23220,146488440,0,0,0
SM204,20220218,20220218,112816000,11:28:16,8276,3559,23220,146488440,0,0,0
SM204,20220218,20220218,112816500,11:28:16,8276,3559,23220,146488440,0,0,0
SM204,20220218,20220218,112817000,11:28:17,8276,3559,23220,146488440,0,0,0
SM204,20220218,20220218,112817500,11:28:17,8276,3559,23220,146488440,0,0,0
SM204,20220218,20220218,112818000,11:28:18,8276,3559,23220,146488440,0,0,0
SM204,20220218,20220218,112822000,11:28:22,8276,3559,23220,146488440,0,0,0
SM204,20220218,20220218,112823000,11:28:23,8276,3559,23220,146488440,0,0,0
SM204,20220218,20220218,112823500,11:28:23,8276,3559,23220,146488440,0,0,0
SM204,20220218,20220218,112824500,11:28:24,8276,3559,23220,146488440,0,0,0
SM204,20220218,20220218,112825000,11:28:25,8276,3559,23220,146488440,0,0,0
SM204,20220218,20220218,112825500,11:28:25,8276,3559,23220,146488440,0,0,0
SM204,20220218,20220218,112826000,11:28:26,8276,3559,23220,146488440,0,0,0
SM204,20220218,20220218,112826500,11:28:27,8276,3559,23220,146488440,0,0,0
SM204,20220218,20220218,112827000,11:28:27,8276,3559,23220,146488440,0,0,0
SM204,20220218,20220218,112828000,11:28:28,8276,3559,23220,146488440,0,0,0
SM204,20220218,20220218,112828500,11:28:28,8282,3561,23219,146570760,2,-1,82320
SM204,20220218,20220218,112829000,11:28:29,8282,3561,23219,146570760,0,0,0
SM204,20220218,20220218,112829500,11:28:29,8278,3568,23219,146858880,7,0,288120
SM204,20220218,20220218,112830000,11:28:30,8278,3568,23219,146858880,0,0,0
SM204,20220218,20220218,112830500,11:28:31,8278,3568,23219,146858880,0,0,0
SM204,20220218,20220218,112831500,11:28:32,8278,3568,23219,146858880,0,0,0
SM204,20220218,20220218,112833500,11:28:34,8278,3570,23217,146941200,2,-2,82320
SM204,20220218,20220218,112834500,11:28:34,8278,3570,23217,146941200,0,0,0
SM204,20220218,20220218,112835000,11:28:35,8278,3570,23217,146941200,0,0,0
SM204,20220218,20220218,112835500,11:28:37,8278,3570,23217,146941200,0,0,0
SM204,20220218,20220218,112837500,11:28:38,8278,3570,23217,146941200,0,0,0
SM204,20220218,20220218,112838500,11:28:38,8278,3570,23217,146941200,0,0,0
SM204,20220218,20220218,112839500,11:28:40,8278,3570,23217,146941200,0,0,0
SM204,20220218,20220218,112840000,11:28:40,8278,3570,23217,146941200,0,0,0
SM204,20220218,20220218,112840500,11:28:40,8278,3570,23217,146941200,0,0,0
SM204,20220218,20220218,112841500,11:28:42,8278,3570,23217,146941200,0,0,0
SM204,20220218,20220218,112842000,11:28:42,8278,3570,23217,146941200,0,0,0
SM204,20220218,20220218,112844500,11:28:45,8278,3570,23217,146941200,0,0,0
SM204,20220218,20220218,112845000,11:28:45,8278,3570,23217,146941200,0,0,0
SM204,20220218,20220218,112846500,11:28:46,8278,3570,23217,146941200,0,0,0
SM204,20220218,20220218,112847000,11:28:47,8278,3570,23217,146941200,0,0,0
SM204,20220218,20220218,112853000,11:28:54,8278,3570,23217,146941200,0,0,0
SM204,20220218,20220218,112854000,11:28:54,8278,3570,23217,146941200,0,0,0
SM204,20220218,20220218,112854500,11:28:54,8274,3573,23220,147064680,3,3,123480
SM204,20220218,20220218,112855000,11:28:55,8274,3573,23220,147064680,0,0,0
SM204,20220218,20220218,112856500,11:28:56,8274,3573,23220,147064680,0,0,0
SM204,20220218,20220218,112857000,11:28:57,8274,3573,23220,147064680,0,0,0
SM204,20220218,20220218,112858500,11:28:59,8274,3573,23220,147064680,0,0,0
SM204,20220218,20220218,112900000,11:29:00,8274,3573,23220,147064680,0,0,0
SM204,20220218,20220218,112900500,11:29:01,8274,3573,23220,147064680,0,0,0
SM204,20220218,20220218,112902000,11:29:02,8274,3573,23220,147064680,0,0,0
SM204,20220218,20220218,112902500,11:29:03,8270,3576,23219,147188160,3,-1,123480
SM204,20220218,20220218,112904000,11:29:04,8270,3576,23219,147188160,0,0,0
SM204,20220218,20220218,112904500,11:29:04,8270,3576,23219,147188160,0,0,0
SM204,20220218,20220218,112905500,11:29:06,8270,3576,23219,147188160,0,0,0
SM204,20220218,20220218,112906000,11:29:06,8270,3576,23219,147188160,0,0,0
SM204,20220218,20220218,112910000,11:29:10,8270,3576,23219,147188160,0,0,0
SM204,20220218,20220218,112910500,11:29:10,8270,3576,23219,147188160,0,0,0
SM204,20220218,20220218,112911000,11:29:11,8270,3576,23219,147188160,0,0,0
SM204,20220218,20220218,112912000,11:29:12,8270,3576,23219,147188160,0,0,0
SM204,20220218,20220218,112920500,11:29:21,8270,3576,23219,147188160,0,0,0
SM204,20220218,20220218,112921000,11:29:22,8270,3576,23219,147188160,0,0,0
SM204,20220218,20220218,112923000,11:29:24,8270,3576,23219,147188160,0,0,0
SM204,20220218,20220218,112923500,11:29:24,8270,3576,23219,147188160,0,0,0
SM204,20220218,20220218,112926500,11:29:26,8270,3576,23219,147188160,0,0,0
SM204,20220218,20220218,112928000,11:29:28,8270,3576,23219,147188160,0,0,0
SM204,20220218,20220218,112928500,11:29:29,8270,3576,23219,147188160,0,0,0
SM204,20220218,20220218,112929000,11:29:29,8270,3576,23219,147188160,0,0,0
SM204,20220218,20220218,112929500,11:29:30,8270,3576,23219,147188160,0,0,0
SM204,20220218,20220218,112930000,11:29:30,8270,3576,23219,147188160,0,0,0
SM204,20220218,20220218,112932500,11:29:36,8270,3576,23219,147188160,0,0,0
SM204,20220218,20220218,112933000,11:29:37,8270,3576,23219,147188160,0,0,0
SM204,20220218,20220218,112933500,11:29:38,8270,3576,23219,147188160,0,0,0
SM204,20220218,20220218,112936500,11:29:38,8270,3576,23219,147188160,0,0,0
SM204,20220218,20220218,112937000,11:29:38,8270,3576,23219,147188160,0,0,0
SM204,20220218,20220218,112938500,11:29:39,8270,3576,23219,147188160,0,0,0
SM204,20220218,20220218,112939500,11:29:40,8270,3576,23219,147188160,0,0,0
SM204,20220218,20220218,112940500,11:29:40,8270,3576,23219,147188160,0,0,0
SM204,20220218,20220218,112943000,11:29:45,8270,3576,23219,147188160,0,0,0
SM204,20220218,20220218,112944500,11:29:45,8270,3576,23219,147188160,0,0,0
SM204,20220218,20220218,112945000,11:29:46,8270,3576,23219,147188160,0,0,0
SM204,20220218,20220218,112945500,11:29:46,8270,3576,23219,147188160,0,0,0
SM204,20220218,20220218,112946000,11:29:46,8270,3576,23219,147188160,0,0,0
SM204,20220218,20220218,112947500,11:29:48,8270,3576,23219,147188160,0,0,0
SM204,20220218,20220218,112948500,11:29:49,8270,3576,23219,147188160,0,0,0
SM204,20220218,20220218,112949000,11:29:50,8270,3576,23219,147188160,0,0,0
SM204,20220218,20220218,112950000,11:29:51,8270,3576,23219,147188160,0,0,0
SM204,20220218,20220218,112950500,11:29:51,8270,3576,23219,147188160,0,0,0
SM204,20220218,20220218,112951000,11:29:52,8270,3576,23219,147188160,0,0,0
SM204,20220218,20220218,112952000,11:29:52,8270,3576,23219,147188160,0,0,0
SM204,20220218,20220218,112952500,11:29:53,8270,3576,23219,147188160,0,0,0
SM204,20220218,20220218,112953000,11:29:54,8270,3576,23219,147188160,0,0,0
SM204,20220218,20220218,112954000,11:29:54,8270,3576,23219,147188160,0,0,0
SM204,20220218,20220218,112954500,11:29:54,8270,3576,23219,147188160,0,0,0
SM204,20220218,20220218,112955000,11:29:55,8270,3576,23219,147188160,0,0,0
SM204,20220218,20220218,112955500,11:29:56,8270,3576,23219,147188160,0,0,0
SM204,20220218,20220218,112956000,11:30:00,8270,3576,23219,147188160,0,0,0
SM204,20220218,20220218,112956500,11:30:00,8270,3576,23219,147188160,0,0,0
SM204,20220218,20220218,112957000,11:30:00,8270,3576,23219,147188160,0,0,0
SM204,20220218,20220218,112957500,11:30:02,8270,3576,23219,147188160,0,0,0
SM204,20220218,20220218,112959500,11:30:02,8270,3576,23219,147188160,0,0,0
SM204,20220218,20220218,113000000,11:30:03,8270,3576,23219,147188160,0,0,0
SM204,20220218,20220218,133001000,13:30:01,8274,3577,23218,147229320,1,-1,41160
SM204,20220218,20220218,133001500,13:30:02,8274,3577,23218,147229320,0,0,0
SM204,20220218,20220218,133002000,13:30:08,8274,3579,23216,147311640,2,-2,82320
SM204,20220218,20220218,133002500,13:30:10,8274,3579,23216,147311640,0,0,0
SM204,20220218,20220218,133008000,13:30:10,8274,3579,23216,147311640,0,0,0
SM204,20220218,20220218,133009500,13:30:10,8274,3579,23216,147311640,0,0,0
SM204,20220218,20220218,133013500,13:30:14,8274,3579,23216,147311640,0,0,0
SM204,20220218,20220218,133014000,13:30:16,8274,3579,23216,147311640,0,0,0
SM204,20220218,20220218,133014500,13:30:16,8274,3579,23216,147311640,0,0,0
SM204,20220218,20220218,133023000,13:30:40,8278,3582,23213,147435120,3,-3,123480
SM204,20220218,20220218,133038000,13:30:40,8278,3582,23213,147435120,0,0,0
SM204,20220218,20220218,133040500,13:30:42,8278,3582,23213,147435120,0,0,0
SM204,20220218,20220218,133041000,13:30:43,8278,3582,23213,147435120,0,0,0
SM204,20220218,20220218,133041500,13:30:44,8278,3582,23213,147435120,0,0,0
SM204,20220218,20220218,133043000,13:30:44,8278,3582,23213,147435120,0,0,0
SM204,20220218,20220218,133043500,13:30:45,8278,3582,23213,147435120,0,0,0
SM204,20220218,20220218,133044500,13:30:46,8278,3582,23213,147435120,0,0,0
SM204,20220218,20220218,133045000,13:30:46,8278,3582,23213,147435120,0,0,0
SM204,20220218,20220218,133045500,13:30:47,8278,3582,23213,147435120,0,0,0
SM204,20220218,20220218,133046000,13:30:47,8278,3582,23213,147435120,0,0,0
SM204,20220218,20220218,133046500,13:30:47,8278,3582,23213,147435120,0,0,0
SM204,20220218,20220218,133047000,13:30:48,8278,3582,23213,147435120,0,0,0
SM204,20220218,20220218,133047500,13:30:48,8278,3582,23213,147435120,0,0,0
SM204,20220218,20220218,133048000,13:30:49,8278,3582,23213,147435120,0,0,0
SM204,20220218,20220218,133048500,13:30:49,8278,3582,23213,147435120,0,0,0
SM204,20220218,20220218,133049500,13:30:50,8278,3582,23213,147435120,0,0,0
SM204,20220218,20220218,133050000,13:30:51,8278,3582,23213,147435120,0,0,0
SM204,20220218,20220218,133050500,13:30:51,8278,3582,23213,147435120,0,0,0
SM204,20220218,20220218,133052000,13:30:53,8278,3582,23213,147435120,0,0,0
SM204,20220218,20220218,133053000,13:30:54,8278,3582,23213,147435120,0,0,0
SM204,20220218,20220218,133054000,13:30:55,8278,3582,23213,147435120,0,0,0
SM204,20220218,20220218,133055000,13:30:56,8278,3582,23213,147435120,0,0,0
SM204,20220218,20220218,133057000,13:30:58,8278,3582,23213,147435120,0,0,0
SM204,20220218,20220218,133057500,13:30:58,8278,3582,23213,147435120,0,0,0
SM204,20220218,20220218,133058000,13:30:58,8278,3582,23213,147435120,0,0,0
SM204,20220218,20220218,133058500,13:30:59,8278,3582,23213,147435120,0,0,0
SM204,20220218,20220218,133059500,13:30:59,8278,3582,23213,147435120,0,0,0
SM204,20220218,20220218,133100000,13:31:00,8278,3582,23213,147435120,0,0,0
SM204,20220218,20220218,133100500,13:31:01,8278,3582,23213,147435120,0,0,0
SM204,20220218,20220218,133101000,13:31:01,8278,3582,23213,147435120,0,0,0
SM204,20220218,20220218,133102500,13:31:03,8278,3582,23213,147435120,0,0,0
SM204,20220218,20220218,133103000,13:31:03,8278,3582,23213,147435120,0,0,0
SM204,20220218,20220218,133103500,13:31:05,8278,3582,23213,147435120,0,0,0
SM204,20220218,20220218,133104000,13:31:06,8278,3582,23213,147435120,0,0,0
SM204,20220218,20220218,133104500,13:31:07,8278,3582,23213,147435120,0,0,0
SM204,20220218,20220218,133111000,13:31:11,8278,3582,23213,147435120,0,0,0
SM204,20220218,20220218,133111500,13:31:12,8278,3582,23213,147435120,0,0,0
SM204,20220218,20220218,133112000,13:31:13,8278,3582,23213,147435120,0,0,0
SM204,20220218,20220218,133112500,13:31:13,8278,3582,23213,147435120,0,0,0
SM204,20220218,20220218,133114000,13:31:15,8278,3582,23213,147435120,0,0,0
SM204,20220218,20220218,133115000,13:31:15,8278,3582,23213,147435120,0,0,0
SM204,20220218,20220218,133115500,13:31:16,8278,3582,23213,147435120,0,0,0
SM204,20220218,20220218,133116000,13:31:16,8278,3582,23213,147435120,0,0,0
SM204,20220218,20220218,133117000,13:31:18,8278,3582,23213,147435120,0,0,0
SM204,20220218,20220218,133117500,13:31:18,8278,3582,23213,147435120,0,0,0
SM204,20220218,20220218,133118000,13:31:19,8278,3582,23213,147435120,0,0,0
SM204,20220218,20220218,133118500,13:31:19,8278,3582,23213,147435120,0,0,0
SM204,20220218,20220218,133119000,13:31:19,8278,3582,23213,147435120,0,0,0
SM204,20220218,20220218,133120000,13:31:20,8278,3582,23213,147435120,0,0,0
SM204,20220218,20220218,133120500,13:31:21,8278,3582,23213,147435120,0,0,0
SM204,20220218,20220218,133121000,13:31:21,8278,3582,23213,147435120,0,0,0
SM204,20220218,20220218,133122000,13:31:23,8278,3582,23213,147435120,0,0,0
SM204,20220218,20220218,133122500,13:31:25,8278,3582,23213,147435120,0,0,0
SM204,20220218,20220218,133123000,13:31:25,8278,3582,23213,147435120,0,0,0
SM204,20220218,20220218,133123500,13:31:25,8278,3582,23213,147435120,0,0,0
SM204,20220218,20220218,133156000,13:31:56,8278,3582,23213,147435120,0,0,0
SM204,20220218,20220218,133158500,13:31:58,8278,3582,23213,147435120,0,0,0
SM204,20220218,20220218,133159500,13:32:00,8278,3582,23213,147435120,0,0,0
SM204,20220218,20220218,133200000,13:32:01,8278,3582,23213,147435120,0,0,0
SM204,20220218,20220218,133200500,13:32:01,8278,3582,23213,147435120,0,0,0
SM204,20220218,20220218,133201000,13:32:01,8278,3582,23213,147435120,0,0,0
SM204,20220218,20220218,133201500,13:32:01,8278,3582,23213,147435120,0,0,0
SM204,20220218,20220218,133202000,13:32:03,8278,3582,23213,147435120,0,0,0
SM204,20220218,20220218,133202500,13:32:04,8278,3582,23213,147435120,0,0,0
SM204,20220218,20220218,133203500,13:32:05,8278,3582,23213,147435120,0,0,0
SM204,20220218,20220218,133204000,13:32:05,8278,3582,23213,147435120,0,0,0
SM204,20220218,20220218,133210000,13:32:11,8278,3582,23213,147435120,0,0,0
SM204,20220218,20220218,133210500,13:32:14,8278,3582,23213,147435120,0,0,0
SM204,20220218,20220218,133211000,13:32:14,8278,3582,23213,147435120,0,0,0
SM204,20220218,20220218,133213000,13:32:15,8278,3582,23213,147435120,0,0,0
SM204,20220218,20220218,133214000,13:32:15,8278,3582,23213,147435120,0,0,0
SM204,20220218,20220218,133215000,13:32:16,8278,3582,23213,147435120,0,0,0
SM204,20220218,20220218,133215500,13:32:16,8278,3582,23213,147435120,0,0,0
SM204,20220218,20220218,133216500,13:32:17,8278,3582,23213,147435120,0,0,0
SM204,20220218,20220218,133217000,13:32:18,8278,3582,23213,147435120,0,0,0
SM204,20220218,20220218,133217500,13:32:18,8278,3582,23213,147435120,0,0,0
SM204,20220218,20220218,133218000,13:32:18,8278,3582,23213,147435120,0,0,0
SM204,20220218,20220218,133219500,13:32:20,8278,3582,23213,147435120,0,0,0
SM204,20220218,20220218,133220000,13:32:20,8278,3582,23213,147435120,0,0,0
SM204,20220218,20220218,133221000,13:32:21,8278,3582,23213,147435120,0,0,0
SM204,20220218,20220218,133222000,13:32:22,8278,3582,23213,147435120,0,0,0
SM204,20220218,20220218,133226500,13:32:27,8278,3582,23213,147435120,0,0,0
SM204,20220218,20220218,133227000,13:32:27,8278,3582,23213,147435120,0,0,0
SM204,20220218,20220218,133229000,13:32:33,8278,3582,23213,147435120,0,0,0
SM204,20220218,20220218,133232000,13:32:34,8278,3582,23213,147435120,0,0,0
SM204,20220218,20220218,133236500,13:32:37,8278,3582,23213,147435120,0,0,0
SM204,20220218,20220218,133239500,13:32:40,8278,3582,23213,147435120,0,0,0
SM204,20220218,20220218,133240000,13:32:40,8278,3582,23213,147435120,0,0,0
SM204,20220218,20220218,133242500,13:32:42,8278,3582,23213,147435120,0,0,0
SM204,20220218,20220218,133243000,13:32:43,8278,3582,23213,147435120,0,0,0
SM204,20220218,20220218,133243500,13:32:44,8278,3582,23213,147435120,0,0,0
SM204,20220218,20220218,133244000,13:32:44,8278,3582,23213,147435120,0,0,0
SM204,20220218,20220218,133244500,13:32:45,8278,3582,23213,147435120,0,0,0
SM204,20220218,20220218,133245000,13:32:45,8278,3582,23213,147435120,0,0,0
SM204,20220218,20220218,133246000,13:32:47,8278,3582,23213,147435120,0,0,0
SM204,20220218,20220218,133246500,13:32:47,8278,3582,23213,147435120,0,0,0
SM204,20220218,20220218,133247000,13:32:47,8278,3582,23213,147435120,0,0,0
SM204,20220218,20220218,133247500,13:32:48,8278,3582,23213,147435120,0,0,0
SM204,20220218,20220218,133248000,13:32:48,8278,3582,23213,147435120,0,0,0
SM204,20220218,20220218,133248500,13:32:49,8278,3582,23213,147435120,0,0,0
SM204,20220218,20220218,133249000,13:32:49,8278,3582,23213,147435120,0,0,0
SM204,20220218,20220218,133249500,13:32:50,8278,3582,23213,147435120,0,0,0
SM204,20220218,20220218,133250000,13:32:52,8278,3582,23213,147435120,0,0,0
SM204,20220218,20220218,133250500,13:32:52,8278,3582,23213,147435120,0,0,0
SM204,20220218,20220218,133251000,13:32:52,8278,3582,23213,147435120,0,0,0
SM204,20220218,20220218,133251500,13:32:53,8278,3582,23213,147435120,0,0,0
SM204,20220218,20220218,133253500,13:32:54,8278,3582,23213,147435120,0,0,0
SM204,20220218,20220218,133254000,13:32:54,8278,3582,23213,147435120,0,0,0
SM204,20220218,20220218,133254500,13:32:55,8278,3582,23213,147435120,0,0,0
SM204,20220218,20220218,133255000,13:32:55,8278,3582,23213,147435120,0,0,0
SM204,20220218,20220218,133255500,13:32:56,8278,3582,23213,147435120,0,0,0
SM204,20220218,20220218,133256000,13:32:56,8278,3582,23213,147435120,0,0,0
SM204,20220218,20220218,133256500,13:32:58,8278,3582,23213,147435120,0,0,0
SM204,20220218,20220218,133257000,13:32:59,8278,3582,23213,147435120,0,0,0
SM204,20220218,20220218,133257500,13:33:00,8278,3582,23213,147435120,0,0,0
SM204,20220218,20220218,133259500,13:33:01,8278,3582,23213,147435120,0,0,0
SM204,20220218,20220218,133300500,13:33:02,8278,3582,23213,147435120,0,0,0
SM204,20220218,20220218,133301000,13:33:02,8278,3582,23213,147435120,0,0,0
SM204,20220218,20220218,133301500,13:33:02,8278,3582,23213,147435120,0,0,0
SM204,20220218,20220218,133302000,13:33:03,8278,3582,23213,147435120,0,0,0
SM204,20220218,20220218,133302500,13:33:03,8278,3582,23213,147435120,0,0,0
SM204,20220218,20220218,133303000,13:33:04,8278,3582,23213,147435120,0,0,0
SM204,20220218,20220218,133303500,13:33:04,8278,3582,23213,147435120,0,0,0
SM204,20220218,20220218,133304000,13:33:04,8278,3582,23213,147435120,0,0,0
SM204,20220218,20220218,133305500,13:33:05,8278,3582,23213,147435120,0,0,0
SM204,20220218,20220218,133306500,13:33:06,8278,3582,23213,147435120,0,0,0
SM204,20220218,20220218,133307000,13:33:07,8278,3582,23213,147435120,0,0,0
SM204,20220218,20220218,133309500,13:33:11,8278,3582,23213,147435120,0,0,0
SM204,20220218,20220218,133310000,13:33:11,8278,3582,23213,147435120,0,0,0
SM204,20220218,20220218,133310500,13:33:13,8278,3582,23213,147435120,0,0,0
SM204,20220218,20220218,133313500,13:33:14,8278,3582,23213,147435120,0,0,0
SM204,20220218,20220218,133314000,13:33:17,8278,3582,23213,147435120,0,0,0
SM204,20220218,20220218,133318000,13:33:19,8278,3582,23213,147435120,0,0,0
SM204,20220218,20220218,133318500,13:33:19,8278,3582,23213,147435120,0,0,0
SM204,20220218,20220218,133319500,13:33:21,8278,3582,23213,147435120,0,0,0
SM204,20220218,20220218,133325000,13:33:26,8278,3582,23213,147435120,0,0,0
SM204,20220218,20220218,133325500,13:33:27,8278,3582,23213,147435120,0,0,0
SM204,20220218,20220218,133328500,13:33:30,8278,3582,23213,147435120,0,0,0
SM204,20220218,20220218,133329500,13:33:30,8278,3582,23213,147435120,0,0,0
SM204,20220218,20220218,133331000,13:33:32,8278,3582,23213,147435120,0,0,0
SM204,20220218,20220218,133332000,13:33:32,8278,3582,23213,147435120,0,0,0
SM204,20220218,20220218,133334000,13:33:34,8278,3582,23213,147435120,0,0,0
SM204,20220218,20220218,133334500,13:33:35,8278,3582,23213,147435120,0,0,0
SM204,20220218,20220218,133335000,13:33:35,8278,3582,23213,147435120,0,0,0
SM204,20220218,20220218,133338500,13:33:39,8278,3582,23213,147435120,0,0,0
SM204,20220218,20220218,133339000,13:33:39,8278,3582,23213,147435120,0,0,0
SM204,20220218,20220218,133339500,13:33:40,8278,3582,23213,147435120,0,0,0
SM204,20220218,20220218,133341000,13:33:41,8278,3582,23213,147435120,0,0,0
SM204,20220218,20220218,133341500,13:33:42,8266,3590,23209,147764400,8,-4,329280
SM204,20220218,20220218,133342000,13:33:42,8268,3591,23208,147805560,1,-1,41160
SM204,20220218,20220218,133342500,13:33:42,8268,3591,23208,147805560,0,0,0
SM204,20220218,20220218,133343500,13:33:44,8268,3591,23208,147805560,0,0,0
SM204,20220218,20220218,133344000,13:33:45,8268,3591,23208,147805560,0,0,0
SM204,20220218,20220218,133344500,13:33:45,8268,3591,23208,147805560,0,0,0
SM204,20220218,20220218,133348000,13:33:49,8268,3591,23208,147805560,0,0,0
SM204,20220218,20220218,133359500,13:34:00,8268,3591,23208,147805560,0,0,0
SM204,20220218,20220218,133400000,13:34:00,8268,3591,23208,147805560,0,0,0
SM204,20220218,20220218,133400500,13:34:01,8266,3599,23214,148134840,8,6,329280
SM204,20220218,20220218,133401000,13:34:01,8266,3599,23214,148134840,0,0,0
SM204,20220218,20220218,133402000,13:34:10,8266,3605,23208,148381800,6,-6,246960
SM204,20220218,20220218,133402500,13:34:10,8266,3605,23208,148381800,0,0,0
SM204,20220218,20220218,133410000,13:34:11,8266,3605,23208,148381800,0,0,0
SM204,20220218,20220218,133411000,13:34:12,8266,3605,23208,148381800,0,0,0
SM204,20220218,20220218,133411500,13:34:12,8266,3605,23208,148381800,0,0,0
SM204,20220218,20220218,133412000,13:34:12,8266,3605,23208,148381800,0,0,0
SM204,20220218,20220218,133412500,13:34:13,8266,3605,23208,148381800,0,0,0
SM204,20220218,20220218,133413500,13:34:14,8266,3605,23208,148381800,0,0,0
SM204,20220218,20220218,133419000,13:34:19,8266,3605,23208,148381800,0,0,0
SM204,20220218,20220218,133419500,13:34:20,8266,3605,23208,148381800,0,0,0
SM204,20220218,20220218,133420000,13:34:20,8266,3605,23208,148381800,0,0,0
SM204,20220218,20220218,133425000,13:34:25,8266,3605,23208,148381800,0,0,0
SM204,20220218,20220218,133426500,13:34:26,8266,3605,23208,148381800,0,0,0
SM204,20220218,20220218,133441000,13:34:41,8266,3605,23208,148381800,0,0,0
SM204,20220218,20220218,133443000,13:34:45,8266,3605,23208,148381800,0,0,0
SM204,20220218,20220218,133444500,13:34:46,8266,3605,23208,148381800,0,0,0
SM204,20220218,20220218,133450500,13:34:51,8266,3605,23208,148381800,0,0,0
SM204,20220218,20220218,133451000,13:34:51,8266,3605,23208,148381800,0,0,0
SM204,20220218,20220218,133451500,13:34:52,8266,3605,23208,148381800,0,0,0
SM204,20220218,20220218,133453000,13:34:53,8266,3605,23208,148381800,0,0,0
SM204,20220218,20220218,133454000,13:34:56,8266,3605,23208,148381800,0,0,0
SM204,20220218,20220218,133501500,13:35:06,8266,3605,23208,148381800,0,0,0
SM204,20220218,20220218,133509500,13:35:10,8266,3605,23208,148381800,0,0,0
SM204,20220218,20220218,133512500,13:35:13,8266,3605,23208,148381800,0,0,0
SM204,20220218,20220218,133513000,13:35:13,8266,3605,23208,148381800,0,0,0
SM204,20220218,20220218,133513500,13:35:14,8266,3605,23208,148381800,0,0,0
SM204,20220218,20220218,133514000,13:35:14,8266,3605,23208,148381800,0,0,0
SM204,20220218,20220218,133515500,13:35:16,8266,3605,23208,148381800,0,0,0
SM204,20220218,20220218,133516000,13:35:16,8266,3605,23208,148381800,0,0,0
SM204,20220218,20220218,133516500,13:35:17,8268,3633,23198,149534280,28,-10,1152480
SM204,20220218,20220218,133517000,13:35:17,8268,3633,23198,149534280,0,0,0
SM204,20220218,20220218,133517500,13:35:18,8268,3633,23198,149534280,0,0,0
SM204,20220218,20220218,133518500,13:35:19,8268,3633,23198,149534280,0,0,0
SM204,20220218,20220218,133519000,13:35:19,8268,3633,23198,149534280,0,0,0
SM204,20220218,20220218,133519500,13:35:20,8268,3633,23198,149534280,0,0,0
SM204,20220218,20220218,133522000,13:35:22,8268,3633,23198,149534280,0,0,0
SM204,20220218,20220218,133523000,13:35:23,8268,3633,23198,149534280,0,0,0
SM204,20220218,20220218,133539000,13:35:43,8268,3633,23198,149534280,0,0,0
SM204,20220218,20220218,133625500,13:36:26,8268,3633,23198,149534280,0,0,0
SM204,20220218,20220218,133626000,13:36:26,8266,3683,23148,151629110,50,-50,2094830
SM204,20220218,20220218,133626500,13:36:27,8266,3683,23148,151629110,0,0,0
SM204,20220218,20220218,133643000,13:36:43,8266,3683,23148,151629110,0,0,0
SM204,20220218,20220218,133719500,13:37:20,8268,3684,23147,151670280,1,-1,41170
SM204,20220218,20220218,133720000,13:37:21,8268,3684,23147,151670280,0,0,0
SM204,20220218,20220218,133720500,13:37:21,8268,3684,23147,151670280,0,0,0
SM204,20220218,20220218,133726000,13:37:26,8268,3684,23147,151670280,0,0,0
SM204,20220218,20220218,133727000,13:37:27,8268,3684,23147,151670280,0,0,0
SM204,20220218,20220218,133739500,13:37:39,8268,3684,23147,151670280,0,0,0
SM204,20220218,20220218,133740000,13:37:40,8268,3684,23147,151670280,0,0,0
SM204,20220218,20220218,133743500,13:37:44,8268,3684,23147,151670280,0,0,0
SM204,20220218,20220218,133748500,13:37:48,8268,3684,23147,151670280,0,0,0
SM204,20220218,20220218,133750500,13:37:51,8268,3684,23147,151670280,0,0,0
SM204,20220218,20220218,133752500,13:37:54,8268,3684,23147,151670280,0,0,0
SM204,20220218,20220218,133753500,13:37:54,8268,3684,23147,151670280,0,0,0
SM204,20220218,20220218,133812000,13:38:14,8268,3684,23147,151670280,0,0,0
SM204,20220218,20220218,133812500,13:38:14,8268,3684,23147,151670280,0,0,0
SM204,20220218,20220218,133813500,13:38:15,8268,3684,23147,151670280,0,0,0
SM204,20220218,20220218,133814000,13:38:17,8268,3684,23147,151670280,0,0,0
SM204,20220218,20220218,133819000,13:38:19,8270,3685,23146,151711450,1,-1,41170
SM204,20220218,20220218,133822500,13:38:23,8270,3685,23146,151711450,0,0,0
SM204,20220218,20220218,133839000,13:38:42,8270,3685,23146,151711450,0,0,0
SM204,20220218,20220218,133850500,13:38:50,8270,3685,23146,151711450,0,0,0
SM204,20220218,20220218,133851500,13:38:51,8270,3685,23146,151711450,0,0,0
SM204,20220218,20220218,133902000,13:39:02,8270,3685,23146,151711450,0,0,0
SM204,20220218,20220218,133908500,13:39:08,8270,3685,23146,151711450,0,0,0
SM204,20220218,20220218,133913500,13:39:14,8270,3685,23146,151711450,0,0,0
SM204,20220218,20220218,133914000,13:39:15,8270,3685,23146,151711450,0,0,0
SM204,20220218,20220218,133914500,13:39:18,8270,3685,23146,151711450,0,0,0
SM204,20220218,20220218,133931000,13:39:31,8270,3685,23146,151711450,0,0,0
SM204,20220218,20220218,133933500,13:39:33,8270,3685,23146,151711450,0,0,0
SM204,20220218,20220218,133936000,13:39:36,8270,3685,23146,151711450,0,0,0
SM204,20220218,20220218,133937000,13:39:37,8270,3685,23146,151711450,0,0,0
SM204,20220218,20220218,133938000,13:39:38,8270,3685,23146,151711450,0,0,0
SM204,20220218,20220218,133940000,13:39:41,8270,3685,23146,151711450,0,0,0
SM204,20220218,20220218,133941000,13:39:41,8268,3686,23147,151752620,1,1,41170
SM204,20220218,20220218,133943500,13:39:43,8266,3696,23155,152164320,10,8,411700
SM204,20220218,20220218,133944500,13:39:45,8264,3697,23154,152205490,1,-1,41170
SM204,20220218,20220218,133945000,13:39:45,8264,3697,23154,152205490,0,0,0
SM204,20220218,20220218,133945500,13:39:46,8264,3697,23154,152205490,0,0,0
SM204,20220218,20220218,133946000,13:39:47,8264,3697,23154,152205490,0,0,0
SM204,20220218,20220218,133947500,13:39:47,8264,3697,23154,152205490,0,0,0
SM204,20220218,20220218,133948000,13:39:48,8264,3697,23154,152205490,0,0,0
SM204,20220218,20220218,133950500,13:39:50,8264,3697,23154,152205490,0,0,0
SM204,20220218,20220218,133952500,13:39:53,8264,3697,23154,152205490,0,0,0
SM204,20220218,20220218,133953000,13:39:54,8264,3697,23154,152205490,0,0,0
SM204,20220218,20220218,133953500,13:39:54,8264,3697,23154,152205490,0,0,0
SM204,20220218,20220218,133954500,13:39:55,8264,3697,23154,152205490,0,0,0
SM204,20220218,20220218,133955000,13:39:55,8264,3697,23154,152205490,0,0,0
SM204,20220218,20220218,133956000,13:39:56,8264,3697,23154,152205490,0,0,0
SM204,20220218,20220218,134007000,13:40:13,8264,3697,23154,152205490,0,0,0
SM204,20220218,20220218,134015500,13:40:16,8264,3697,23154,152205490,0,0,0
SM204,20220218,20220218,134020500,13:40:21,8264,3697,23154,152205490,0,0,0
SM204,20220218,20220218,134021000,13:40:21,8264,3697,23154,152205490,0,0,0
SM204,20220218,20220218,134023000,13:40:23,8264,3697,23154,152205490,0,0,0
SM204,20220218,20220218,134023500,13:40:24,8264,3697,23154,152205490,0,0,0
SM204,20220218,20220218,134025000,13:40:25,8264,3697,23154,152205490,0,0,0
SM204,20220218,20220218,134029500,13:40:30,8264,3697,23154,152205490,0,0,0
SM204,20220218,20220218,134032000,13:40:32,8264,3697,23154,152205490,0,0,0
SM204,20220218,20220218,134032500,13:40:32,8264,3697,23154,152205490,0,0,0
SM204,20220218,20220218,134033000,13:40:33,8264,3697,23154,152205490,0,0,0
SM204,20220218,20220218,134033500,13:40:34,8268,3769,23124,155169730,72,-30,2964240
SM204,20220218,20220218,134034000,13:40:35,8268,3769,23124,155169730,0,0,0
SM204,20220218,20220218,134035000,13:40:35,8268,3769,23124,155169730,0,0,0
SM204,20220218,20220218,134035500,13:40:36,8268,3769,23124,155169730,0,0,0
SM204,20220218,20220218,134037000,13:40:37,8268,3769,23124,155169730,0,0,0
SM204,20220218,20220218,134041500,13:40:42,8270,3770,23123,155210900,1,-1,41170
SM204,20220218,20220218,134042500,13:40:43,8270,3770,23123,155210900,0,0,0
SM204,20220218,20220218,134043500,13:40:44,8270,3770,23123,155210900,0,0,0
SM204,20220218,20220218,134047000,13:40:47,8270,3770,23123,155210900,0,0,0
SM204,20220218,20220218,134047500,13:40:47,8270,3770,23123,155210900,0,0,0
SM204,20220218,20220218,134048500,13:40:48,8270,3770,23123,155210900,0,0,0
SM204,20220218,20220218,134049000,13:40:49,8270,3770,23123,155210900,0,0,0
SM204,20220218,20220218,134049500,13:40:49,8270,3770,23123,155210900,0,0,0
SM204,20220218,20220218,134050000,13:40:50,8270,3770,23123,155210900,0,0,0
SM204,20220218,20220218,134052000,13:40:55,8270,3770,23123,155210900,0,0,0
SM204,20220218,20220218,134052500,13:40:55,8270,3770,23123,155210900,0,0,0
SM204,20220218,20220218,134054500,13:40:55,8270,3770,23123,155210900,0,0,0
SM204,20220218,20220218,134058000,13:40:58,8270,3770,23123,155210900,0,0,0
SM204,20220218,20220218,134059000,13:40:59,8270,3770,23123,155210900,0,0,0
SM204,20220218,20220218,134100500,13:41:00,8270,3770,23123,155210900,0,0,0
SM204,20220218,20220218,134101500,13:41:01,8270,3770,23123,155210900,0,0,0
SM204,20220218,20220218,134102000,13:41:02,8270,3770,23123,155210900,0,0,0
SM204,20220218,20220218,134102500,13:41:03,8270,3770,23123,155210900,0,0,0
SM204,20220218,20220218,134103000,13:41:04,8270,3770,23123,155210900,0,0,0
SM204,20220218,20220218,134104500,13:41:06,8270,3770,23123,155210900,0,0,0
SM204,20220218,20220218,134105000,13:41:06,8270,3770,23123,155210900,0,0,0
SM204,20220218,20220218,134105500,13:41:06,8270,3770,23123,155210900,0,0,0
SM204,20220218,20220218,134107500,13:41:09,8270,3770,23123,155210900,0,0,0
SM204,20220218,20220218,134109500,13:41:10,8270,3770,23123,155210900,0,0,0
SM204,20220218,20220218,134110000,13:41:10,8270,3770,23123,155210900,0,0,0
SM204,20220218,20220218,134110500,13:41:10,8270,3770,23123,155210900,0,0,0
SM204,20220218,20220218,134111000,13:41:11,8270,3770,23123,155210900,0,0,0
SM204,20220218,20220218,134111500,13:41:12,8270,3770,23123,155210900,0,0,0
SM204,20220218,20220218,134113000,13:41:13,8270,3770,23123,155210900,0,0,0
SM204,20220218,20220218,134114500,13:41:16,8270,3770,23123,155210900,0,0,0
SM204,20220218,20220218,134116500,13:41:17,8270,3770,23123,155210900,0,0,0
SM204,20220218,20220218,134118500,13:41:19,8270,3770,23123,155210900,0,0,0
SM204,20220218,20220218,134119500,13:41:20,8270,3770,23123,155210900,0,0,0
SM204,20220218,20220218,134120000,13:41:22,8270,3770,23123,155210900,0,0,0
SM204,20220218,20220218,134121000,13:41:23,8270,3770,23123,155210900,0,0,0
SM204,20220218,20220218,134122000,13:41:24,8270,3770,23123,155210900,0,0,0
SM204,20220218,20220218,134129000,13:41:29,8270,3770,23123,155210900,0,0,0
SM204,20220218,20220218,134129500,13:41:30,8270,3770,23123,155210900,0,0,0
SM204,20220218,20220218,134131500,13:41:32,8270,3770,23123,155210900,0,0,0
SM204,20220218,20220218,134132000,13:41:33,8270,3770,23123,155210900,0,0,0
SM204,20220218,20220218,134135000,13:41:35,8270,3770,23123,155210900,0,0,0
SM204,20220218,20220218,134135500,13:41:39,8270,3770,23123,155210900,0,0,0
SM204,20220218,20220218,134144000,13:41:44,8270,3770,23123,155210900,0,0,0
SM204,20220218,20220218,134144500,13:41:45,8270,3770,23123,155210900,0,0,0
SM204,20220218,20220218,134150000,13:41:50,8270,3770,23123,155210900,0,0,0
SM204,20220218,20220218,134150500,13:41:51,8270,3770,23123,155210900,0,0,0
SM204,20220218,20220218,134152000,13:41:52,8270,3770,23123,155210900,0,0,0
SM204,20220218,20220218,134152500,13:41:53,8270,3770,23123,155210900,0,0,0
SM204,20220218,20220218,134202000,13:42:10,8270,3770,23123,155210900,0,0,0
SM204,20220218,20220218,134208500,13:42:12,8270,3770,23123,155210900,0,0,0
SM204,20220218,20220218,134213500,13:42:14,8270,3770,23123,155210900,0,0,0
SM204,20220218,20220218,134214000,13:42:14,8270,3770,23123,155210900,0,0,0
SM204,20220218,20220218,134214500,13:42:15,8270,3770,23123,155210900,0,0,0
SM204,20220218,20220218,134215000,13:42:15,8270,3770,23123,155210900,0,0,0
SM204,20220218,20220218,134215500,13:42:16,8270,3770,23123,155210900,0,0,0
SM204,20220218,20220218,134218500,13:42:20,8270,3770,23123,155210900,0,0,0
SM204,20220218,20220218,134220000,13:42:21,8268,3772,23122,155293240,2,-1,82340
SM204,20220218,20220218,134221000,13:42:21,8268,3772,23122,155293240,0,0,0
SM204,20220218,20220218,134223500,13:42:24,8268,3772,23122,155293240,0,0,0
SM204,20220218,20220218,134226000,13:42:27,8268,3772,23122,155293240,0,0,0
SM204,20220218,20220218,134227000,13:42:28,8268,3772,23122,155293240,0,0,0
SM204,20220218,20220218,134228000,13:42:29,8268,3772,23122,155293240,0,0,0
SM204,20220218,20220218,134228500,13:42:29,8268,3772,23122,155293240,0,0,0
SM204,20220218,20220218,134245500,13:42:45,8268,3772,23122,155293240,0,0,0
SM204,20220218,20220218,134249000,13:42:49,8268,3772,23122,155293240,0,0,0
SM204,20220218,20220218,134254500,13:42:54,8268,3772,23122,155293240,0,0,0
SM204,20220218,20220218,134255500,13:42:55,8268,3772,23122,155293240,0,0,0
SM204,20220218,20220218,134256500,13:42:57,8268,3772,23122,155293240,0,0,0
SM204,20220218,20220218,134257000,13:42:59,8266,3782,23120,155704940,10,-2,411700
SM204,20220218,20220218,134257500,13:42:59,8266,3786,23116,155869620,4,-4,164680
SM204,20220218,20220218,134259000,13:42:59,8266,3788,23115,155951960,2,-1,82340
SM204,20220218,20220218,134259500,13:43:01,8266,3790,23115,156034300,2,0,82340
SM204,20220218,20220218,134300000,13:43:02,8266,3791,23116,156075470,1,1,41170
SM204,20220218,20220218,134300500,13:43:02,8266,3792,23117,156116640,1,1,41170
SM204,20220218,20220218,134301000,13:43:02,8266,3792,23117,156116640,0,0,0
SM204,20220218,20220218,134301500,13:43:02,8266,3799,23117,156404830,7,0,288190
SM204,20220218,20220218,134302000,13:43:02,8266,3799,23117,156404830,0,0,0
SM204,20220218,20220218,134303000,13:43:05,8266,3799,23117,156404830,0,0,0
SM204,20220218,20220218,134304000,13:43:11,8266,3799,23117,156404830,0,0,0
SM204,20220218,20220218,134309500,13:43:12,8266,3799,23117,156404830,0,0,0
SM204,20220218,20220218,134315000,13:43:15,8266,3799,23117,156404830,0,0,0
SM204,20220218,20220218,134315500,13:43:15,8266,3799,23117,156404830,0,0,0
SM204,20220218,20220218,134323500,13:43:24,8266,3799,23117,156404830,0,0,0
SM204,20220218,20220218,134324000,13:43:24,8266,3799,23117,156404830,0,0,0
SM204,20220218,20220218,134326500,13:43:27,8266,3799,23117,156404830,0,0,0
SM204,20220218,20220218,134332500,13:43:32,8266,3799,23117,156404830,0,0,0
SM204,20220218,20220218,134340000,13:43:57,8266,3799,23117,156404830,0,0,0
SM204,20220218,20220218,134348500,13:44:04,8266,3799,23117,156404830,0,0,0
SM204,20220218,20220218,134356000,13:44:04,8266,3799,23117,156404830,0,0,0
SM204,20220218,20220218,134403500,13:44:04,8266,3799,23117,156404830,0,0,0
SM204,20220218,20220218,134404000,13:44:04,8266,3799,23117,156404830,0,0,0
SM204,20220218,20220218,134406000,13:44:06,8266,3799,23117,156404830,0,0,0
SM204,20220218,20220218,134406500,13:44:06,8266,3799,23117,156404830,0,0,0
SM204,20220218,20220218,134412500,13:44:17,8266,3799,23117,156404830,0,0,0
SM204,20220218,20220218,134417500,13:44:18,8266,3799,23117,156404830,0,0,0
SM204,20220218,20220218,134421500,13:44:23,8266,3799,23117,156404830,0,0,0
SM204,20220218,20220218,134423500,13:44:24,8266,3799,23117,156404830,0,0,0
SM204,20220218,20220218,134424000,13:44:24,8266,3799,23117,156404830,0,0,0
SM204,20220218,20220218,134432000,13:44:37,8266,3799,23117,156404830,0,0,0
SM204,20220218,20220218,134439000,13:44:39,8266,3799,23117,156404830,0,0,0
SM204,20220218,20220218,134441000,13:44:41,8266,3799,23117,156404830,0,0,0
SM204,20220218,20220218,134441500,13:44:42,8266,3799,23117,156404830,0,0,0
SM204,20220218,20220218,134449500,13:44:50,8266,3799,23117,156404830,0,0,0
SM204,20220218,20220218,134451500,13:44:52,8266,3799,23117,156404830,0,0,0
SM204,20220218,20220218,134452000,13:44:53,8266,3799,23117,156404830,0,0,0
SM204,20220218,20220218,134452500,13:44:53,8266,3799,23117,156404830,0,0,0
SM204,20220218,20220218,134454500,13:44:55,8266,3799,23117,156404830,0,0,0
SM204,20220218,20220218,134455500,13:44:56,8266,3799,23117,156404830,0,0,0
SM204,20220218,20220218,134456000,13:44:56,8266,3799,23117,156404830,0,0,0
SM204,20220218,20220218,134456500,13:44:56,8266,3799,23117,156404830,0,0,0
SM204,20220218,20220218,134459500,13:44:59,8266,3799,23117,156404830,0,0,0
SM204,20220218,20220218,134503500,13:45:04,8266,3799,23117,156404830,0,0,0
SM204,20220218,20220218,134504000,13:45:08,8266,3799,23117,156404830,0,0,0
SM204,20220218,20220218,134504500,13:45:08,8266,3799,23117,156404830,0,0,0
SM204,20220218,20220218,134510500,13:45:11,8266,3799,23117,156404830,0,0,0
SM204,20220218,20220218,134511000,13:45:11,8266,3799,23117,156404830,0,0,0
SM204,20220218,20220218,134511500,13:45:11,8266,3799,23117,156404830,0,0,0
SM204,20220218,20220218,134512000,13:45:12,8266,3799,23117,156404830,0,0,0
SM204,20220218,20220218,134512500,13:45:13,8266,3799,23117,156404830,0,0,0
SM204,20220218,20220218,134513000,13:45:14,8266,3799,23117,156404830,0,0,0
SM204,20220218,20220218,134513500,13:45:15,8270,3854,23091,158669180,55,-26,2264350
SM204,20220218,20220218,134514000,13:45:15,8270,3854,23091,158669180,0,0,0
SM204,20220218,20220218,134514500,13:45:16,8270,3854,23091,158669180,0,0,0
SM204,20220218,20220218,134515000,13:45:17,8270,3854,23091,158669180,0,0,0
SM204,20220218,20220218,134515500,13:45:17,8270,3854,23091,158669180,0,0,0
SM204,20220218,20220218,134516000,13:45:17,8270,3854,23091,158669180,0,0,0
SM204,20220218,20220218,134516500,13:45:17,8270,3854,23091,158669180,0,0,0
SM204,20220218,20220218,134517000,13:45:20,8270,3854,23091,158669180,0,0,0
SM204,20220218,20220218,134517500,13:45:20,8270,3854,23091,158669180,0,0,0
SM204,20220218,20220218,134518000,13:45:21,8270,3854,23091,158669180,0,0,0
SM204,20220218,20220218,134520500,13:45:23,8270,3854,23091,158669180,0,0,0
SM204,20220218,20220218,134521000,13:45:23,8270,3854,23091,158669180,0,0,0
SM204,20220218,20220218,134522500,13:45:24,8270,3854,23091,158669180,0,0,0
SM204,20220218,20220218,134523500,13:45:24,8270,3854,23091,158669180,0,0,0
SM204,20220218,20220218,134524000,13:45:24,8270,3854,23091,158669180,0,0,0
SM204,20220218,20220218,134524500,13:45:26,8270,3854,23091,158669180,0,0,0
SM204,20220218,20220218,134525000,13:45:26,8270,3854,23091,158669180,0,0,0
SM204,20220218,20220218,134525500,13:45:27,8270,3854,23091,158669180,0,0,0
SM204,20220218,20220218,134527000,13:45:30,8270,3854,23091,158669180,0,0,0
SM204,20220218,20220218,134527500,13:45:30,8270,3854,23091,158669180,0,0,0
SM204,20220218,20220218,134529500,13:45:30,8270,3854,23091,158669180,0,0,0
SM204,20220218,20220218,134530000,13:45:30,8270,3854,23091,158669180,0,0,0
SM204,20220218,20220218,134530500,13:45:31,8270,3854,23091,158669180,0,0,0
SM204,20220218,20220218,134531000,13:45:31,8270,3854,23091,158669180,0,0,0
SM204,20220218,20220218,134531500,13:45:32,8270,3854,23091,158669180,0,0,0
SM204,20220218,20220218,134532000,13:45:32,8270,3854,23091,158669180,0,0,0
SM204,20220218,20220218,134532500,13:45:33,8270,3854,23091,158669180,0,0,0
SM204,20220218,20220218,134533000,13:45:33,8270,3854,23091,158669180,0,0,0
SM204,20220218,20220218,134533500,13:45:34,8270,3854,23091,158669180,0,0,0
SM204,20220218,20220218,134534000,13:45:35,8270,3854,23091,158669180,0,0,0
SM204,20220218,20220218,134534500,13:45:35,8270,3854,23091,158669180,0,0,0
SM204,20220218,20220218,134535000,13:45:35,8274,3857,23091,158792690,3,0,123510
SM204,20220218,20220218,134535500,13:45:36,8274,3857,23091,158792690,0,0,0
SM204,20220218,20220218,134536000,13:45:37,8274,3857,23091,158792690,0,0,0
SM204,20220218,20220218,134536500,13:45:37,8274,3857,23091,158792690,0,0,0
SM204,20220218,20220218,134538500,13:45:39,8274,3857,23091,158792690,0,0,0
SM204,20220218,20220218,134539000,13:45:40,8274,3857,23091,158792690,0,0,0
SM204,20220218,20220218,134539500,13:45:40,8274,3857,23091,158792690,0,0,0
SM204,20220218,20220218,134540000,13:45:40,8274,3857,23091,158792690,0,0,0
SM204,20220218,20220218,134540500,13:45:41,8274,3857,23091,158792690,0,0,0
SM204,20220218,20220218,134541000,13:45:41,8274,3857,23091,158792690,0,0,0
SM204,20220218,20220218,134541500,13:45:45,8274,3857,23091,158792690,0,0,0
SM204,20220218,20220218,134542000,13:45:45,8274,3857,23091,158792690,0,0,0
SM204,20220218,20220218,134542500,13:45:46,8274,3857,23091,158792690,0,0,0
SM204,20220218,20220218,134545500,13:45:46,8274,3857,23091,158792690,0,0,0
SM204,20220218,20220218,134547000,13:45:47,8274,3857,23091,158792690,0,0,0
SM204,20220218,20220218,134547500,13:45:47,8274,3857,23091,158792690,0,0,0
SM204,20220218,20220218,134548500,13:45:48,8274,3857,23091,158792690,0,0,0
SM204,20220218,20220218,134556500,13:46:00,8274,3857,23091,158792690,0,0,0
SM204,20220218,20220218,134601000,13:46:02,8274,3857,23091,158792690,0,0,0
SM204,20220218,20220218,134601500,13:46:02,8274,3857,23091,158792690,0,0,0
SM204,20220218,20220218,134602500,13:46:04,8274,3857,23091,158792690,0,0,0
SM204,20220218,20220218,134604000,13:46:05,8274,3857,23091,158792690,0,0,0
SM204,20220218,20220218,134604500,13:46:05,8274,3857,23091,158792690,0,0,0
SM204,20220218,20220218,134607500,13:46:08,8274,3857,23091,158792690,0,0,0
SM204,20220218,20220218,134608000,13:46:08,8274,3857,23091,158792690,0,0,0
SM204,20220218,20220218,134610000,13:46:11,8274,3857,23091,158792690,0,0,0
SM204,20220218,20220218,134610500,13:46:11,8274,3857,23091,158792690,0,0,0
SM204,20220218,20220218,134611000,13:46:11,8274,3857,23091,158792690,0,0,0
SM204,20220218,20220218,134613500,13:46:14,8274,3857,23091,158792690,0,0,0
SM204,20220218,20220218,134614000,13:46:14,8274,3857,23091,158792690,0,0,0
SM204,20220218,20220218,134615500,13:46:17,8274,3857,23091,158792690,0,0,0
SM204,20220218,20220218,134616500,13:46:18,8274,3857,23091,158792690,0,0,0
SM204,20220218,20220218,134617500,13:46:18,8274,3857,23091,158792690,0,0,0
SM204,20220218,20220218,134618500,13:46:19,8274,3857,23091,158792690,0,0,0
SM204,20220218,20220218,134619500,13:46:19,8274,3857,23091,158792690,0,0,0
SM204,20220218,20220218,134620000,13:46:20,8274,3857,23091,158792690,0,0,0
SM204,20220218,20220218,134629000,13:46:31,8274,3857,23091,158792690,0,0,0
SM204,20220218,20220218,134632500,13:46:33,8274,3857,23091,158792690,0,0,0
SM204,20220218,20220218,134633500,13:46:33,8274,3857,23091,158792690,0,0,0
SM204,20220218,20220218,134634000,13:46:34,8274,3857,23091,158792690,0,0,0
SM204,20220218,20220218,134636500,13:46:37,8274,3857,23091,158792690,0,0,0
SM204,20220218,20220218,134637000,13:46:37,8274,3857,23091,158792690,0,0,0
SM204,20220218,20220218,134637500,13:46:38,8274,3857,23091,158792690,0,0,0
SM204,20220218,20220218,134641500,13:46:43,8274,3857,23091,158792690,0,0,0
SM204,20220218,20220218,134642000,13:46:43,8274,3857,23091,158792690,0,0,0
SM204,20220218,20220218,134703500,13:47:04,8274,3857,23091,158792690,0,0,0
SM204,20220218,20220218,134709500,13:47:11,8274,3857,23091,158792690,0,0,0
SM204,20220218,20220218,134726500,13:47:27,8274,3857,23091,158792690,0,0,0
SM204,20220218,20220218,134727000,13:47:27,8274,3857,23091,158792690,0,0,0
SM204,20220218,20220218,134727500,13:47:28,8274,3857,23091,158792690,0,0,0
SM204,20220218,20220218,134728000,13:47:28,8274,3857,23091,158792690,0,0,0
SM204,20220218,20220218,134728500,13:47:28,8274,3857,23091,158792690,0,0,0
SM204,20220218,20220218,134729000,13:47:29,8274,3857,23091,158792690,0,0,0
SM204,20220218,20220218,134730500,13:47:30,8274,3857,23091,158792690,0,0,0
SM204,20220218,20220218,134731000,13:47:31,8274,3857,23091,158792690,0,0,0
SM204,20220218,20220218,134731500,13:47:31,8272,3858,23090,158833860,1,-1,41170
SM204,20220218,20220218,134732000,13:47:32,8272,3858,23090,158833860,0,0,0
SM204,20220218,20220218,134733000,13:47:34,8272,3858,23090,158833860,0,0,0
SM204,20220218,20220218,134734000,13:47:36,8272,3858,23090,158833860,0,0,0
SM204,20220218,20220218,134741500,13:47:42,8272,3858,23090,158833860,0,0,0
SM204,20220218,20220218,134742500,13:47:42,8272,3858,23090,158833860,0,0,0
SM204,20220218,20220218,134745500,13:47:46,8272,3858,23090,158833860,0,0,0
SM204,20220218,20220218,134746500,13:47:47,8272,3858,23090,158833860,0,0,0
SM204,20220218,20220218,134759500,13:48:00,8272,3858,23090,158833860,0,0,0
SM204,20220218,20220218,134801500,13:48:01,8272,3858,23090,158833860,0,0,0
SM204,20220218,20220218,134804000,13:48:04,8272,3858,23090,158833860,0,0,0
SM204,20220218,20220218,134818000,13:48:19,8272,3858,23090,158833860,0,0,0
SM204,20220218,20220218,134839500,13:48:39,8272,3858,23090,158833860,0,0,0
SM204,20220218,20220218,134843500,13:48:43,8272,3858,23090,158833860,0,0,0
SM204,20220218,20220218,134845500,13:48:45,8272,3858,23090,158833860,0,0,0
SM204,20220218,20220218,134846500,13:48:46,8272,3858,23090,158833860,0,0,0
SM204,20220218,20220218,134847000,13:48:47,8272,3858,23090,158833860,0,0,0
SM204,20220218,20220218,134850000,13:48:50,8272,3858,23090,158833860,0,0,0
SM204,20220218,20220218,134851000,13:48:51,8274,3859,23090,158875030,1,0,41170
SM204,20220218,20220218,134851500,13:48:51,8274,3859,23090,158875030,0,0,0
SM204,20220218,20220218,134855500,13:48:56,8274,3859,23090,158875030,0,0,0
SM204,20220218,20220218,134856000,13:48:57,8274,3859,23090,158875030,0,0,0
SM204,20220218,20220218,134905500,13:49:05,8274,3859,23090,158875030,0,0,0
SM204,20220218,20220218,134906000,13:49:06,8274,3859,23090,158875030,0,0,0
SM204,20220218,20220218,134906500,13:49:06,8274,3859,23090,158875030,0,0,0
SM204,20220218,20220218,134907000,13:49:07,8274,3859,23090,158875030,0,0,0
SM204,20220218,20220218,134907500,13:49:07,8274,3859,23090,158875030,0,0,0
SM204,20220218,20220218,134911000,13:49:11,8274,3859,23090,158875030,0,0,0
SM204,20220218,20220218,134911500,13:49:12,8274,3859,23090,158875030,0,0,0
SM204,20220218,20220218,134912500,13:49:13,8274,3859,23090,158875030,0,0,0
SM204,20220218,20220218,134913000,13:49:13,8274,3859,23090,158875030,0,0,0
SM204,20220218,20220218,134914500,13:49:14,8274,3859,23090,158875030,0,0,0
SM204,20220218,20220218,134925500,13:49:26,8274,3859,23090,158875030,0,0,0
SM204,20220218,20220218,134927000,13:49:27,8274,3859,23090,158875030,0,0,0
SM204,20220218,20220218,134927500,13:49:28,8274,3859,23090,158875030,0,0,0
SM204,20220218,20220218,134928000,13:49:28,8274,3859,23090,158875030,0,0,0
SM204,20220218,20220218,134928500,13:49:29,8274,3859,23090,158875030,0,0,0
SM204,20220218,20220218,134932500,13:49:32,8274,3859,23090,158875030,0,0,0
SM204,20220218,20220218,134933500,13:49:34,8274,3859,23090,158875030,0,0,0
SM204,20220218,20220218,134937500,13:49:37,8274,3859,23090,158875030,0,0,0
SM204,20220218,20220218,134938000,13:49:38,8274,3859,23090,158875030,0,0,0
SM204,20220218,20220218,134947500,13:49:47,8274,3859,23090,158875030,0,0,0
SM204,20220218,20220218,134948500,13:49:48,8274,3859,23090,158875030,0,0,0
SM204,20220218,20220218,134950000,13:49:50,8274,3859,23090,158875030,0,0,0
SM204,20220218,20220218,134956000,13:49:56,8274,3859,23090,158875030,0,0,0
SM204,20220218,20220218,134958000,13:49:58,8274,3859,23090,158875030,0,0,0
SM204,20220218,20220218,134958500,13:49:59,8274,3859,23090,158875030,0,0,0
SM204,20220218,20220218,134959500,13:49:59,8274,3859,23090,158875030,0,0,0
SM204,20220218,20220218,135001000,13:50:01,8272,3860,23089,158916200,1,-1,41170
SM204,20220218,20220218,135001500,13:50:02,8272,3860,23089,158916200,0,0,0
SM204,20220218,20220218,135002500,13:50:03,8272,3860,23089,158916200,0,0,0
SM204,20220218,20220218,135008000,13:50:25,8272,3860,23089,158916200,0,0,0
SM204,20220218,20220218,135049000,13:50:50,8272,3860,23089,158916200,0,0,0
SM204,20220218,20220218,135049500,13:50:50,8272,3860,23089,158916200,0,0,0
SM204,20220218,20220218,135123000,13:51:23,8272,3860,23089,158916200,0,0,0
SM204,20220218,20220218,135123500,13:51:24,8272,3860,23089,158916200,0,0,0
SM204,20220218,20220218,135124000,13:51:24,8272,3860,23089,158916200,0,0,0
SM204,20220218,20220218,135125500,13:51:26,8272,3860,23089,158916200,0,0,0
SM204,20220218,20220218,135126500,13:51:27,8272,3860,23089,158916200,0,0,0
SM204,20220218,20220218,135127000,13:51:27,8272,3860,23089,158916200,0,0,0
SM204,20220218,20220218,135129000,13:51:29,8272,3860,23089,158916200,0,0,0
SM204,20220218,20220218,135130000,13:51:30,8272,3860,23089,158916200,0,0,0
SM204,20220218,20220218,135130500,13:51:31,8272,3860,23089,158916200,0,0,0
SM204,20220218,20220218,135134000,13:51:34,8272,3860,23089,158916200,0,0,0
SM204,20220218,20220218,135135500,13:51:35,8272,3860,23089,158916200,0,0,0
SM204,20220218,20220218,135137500,13:51:38,8272,3860,23089,158916200,0,0,0
SM204,20220218,20220218,135142000,13:51:42,8272,3860,23089,158916200,0,0,0
SM204,20220218,20220218,135146000,13:51:46,8272,3860,23089,158916200,0,0,0
SM204,20220218,20220218,135154000,13:51:54,8272,3860,23089,158916200,0,0,0
SM204,20220218,20220218,135156000,13:51:56,8272,3860,23089,158916200,0,0,0
SM204,20220218,20220218,135159500,13:51:59,8272,3860,23089,158916200,0,0,0
SM204,20220218,20220218,135201500,13:52:03,8272,3860,23089,158916200,0,0,0
SM204,20220218,20220218,135203500,13:52:04,8272,3860,23089,158916200,0,0,0
SM204,20220218,20220218,135207000,13:52:09,8272,3860,23089,158916200,0,0,0
SM204,20220218,20220218,135209000,13:52:10,8272,3860,23089,158916200,0,0,0
SM204,20220218,20220218,135226500,13:52:27,8272,3860,23089,158916200,0,0,0
SM204,20220218,20220218,135227000,13:52:27,8272,3860,23089,158916200,0,0,0
SM204,20220218,20220218,135228500,13:52:28,8272,3860,23089,158916200,0,0,0
SM204,20220218,20220218,135229000,13:52:29,8272,3860,23089,158916200,0,0,0
SM204,20220218,20220218,135229500,13:52:31,8272,3860,23089,158916200,0,0,0
SM204,20220218,20220218,135230000,13:52:31,8272,3860,23089,158916200,0,0,0
SM204,20220218,20220218,135231000,13:52:32,8272,3860,23089,158916200,0,0,0
SM204,20220218,20220218,135308000,13:53:09,8272,3860,23089,158916200,0,0,0
SM204,20220218,20220218,135319000,13:53:20,8272,3860,23089,158916200,0,0,0
SM204,20220218,20220218,135320000,13:53:20,8272,3860,23089,158916200,0,0,0
SM204,20220218,20220218,135320500,13:53:21,8272,3860,23089,158916200,0,0,0
SM204,20220218,20220218,135322500,13:53:23,8272,3860,23089,158916200,0,0,0
SM204,20220218,20220218,135327500,13:53:28,8272,3860,23089,158916200,0,0,0
SM204,20220218,20220218,135334000,13:53:35,8272,3860,23089,158916200,0,0,0
SM204,20220218,20220218,135336000,13:53:44,8272,3860,23089,158916200,0,0,0
SM204,20220218,20220218,135337000,13:53:45,8272,3860,23089,158916200,0,0,0
SM204,20220218,20220218,135343000,13:53:45,8272,3860,23089,158916200,0,0,0
SM204,20220218,20220218,135344500,13:53:45,8272,3860,23089,158916200,0,0,0
SM204,20220218,20220218,135346500,13:53:47,8272,3860,23089,158916200,0,0,0
SM204,20220218,20220218,135347000,13:53:47,8272,3860,23089,158916200,0,0,0
SM204,20220218,20220218,135350500,13:53:52,8272,3860,23089,158916200,0,0,0
SM204,20220218,20220218,135351500,13:53:53,8272,3860,23089,158916200,0,0,0
SM204,20220218,20220218,135352500,13:53:53,8272,3860,23089,158916200,0,0,0
SM204,20220218,20220218,135353000,13:53:53,8272,3860,23089,158916200,0,0,0
SM204,20220218,20220218,135355000,13:53:55,8270,3871,23088,159407780,11,-1,491580
SM204,20220218,20220218,135355500,13:53:56,8270,3871,23088,159407780,0,0,0
SM204,20220218,20220218,135356000,13:53:56,8270,3871,23088,159407780,0,0,0
SM204,20220218,20220218,135357000,13:53:57,8270,3871,23088,159407780,0,0,0
SM204,20220218,20220218,135358000,13:53:59,8270,3871,23088,159407780,0,0,0
SM204,20220218,20220218,135359000,13:54:00,8270,3871,23088,159407780,0,0,0
SM204,20220218,20220218,135405500,13:54:09,8270,3871,23088,159407780,0,0,0
SM204,20220218,20220218,135411500,13:54:12,8270,3871,23088,159407780,0,0,0
SM204,20220218,20220218,135418000,13:54:18,8270,3871,23088,159407780,0,0,0
SM204,20220218,20220218,135421000,13:54:21,8270,3871,23088,159407780,0,0,0
SM204,20220218,20220218,135425000,13:54:25,8270,3871,23088,159407780,0,0,0
SM204,20220218,20220218,135425500,13:54:26,8270,3871,23088,159407780,0,0,0
SM204,20220218,20220218,135426000,13:54:26,8268,3875,23084,159572500,4,-4,164720
SM204,20220218,20220218,135428000,13:54:30,8268,3882,23078,159860760,7,-6,288260
SM204,20220218,20220218,135428500,13:54:30,8268,3882,23078,159860760,0,0,0
SM204,20220218,20220218,135429000,13:54:31,8268,3882,23078,159860760,0,0,0
SM204,20220218,20220218,135429500,13:54:31,8268,3882,23078,159860760,0,0,0
SM204,20220218,20220218,135436000,13:54:36,8268,3882,23078,159860760,0,0,0
SM204,20220218,20220218,135438000,13:54:38,8268,3882,23078,159860760,0,0,0
SM204,20220218,20220218,135438500,13:54:39,8268,3882,23078,159860760,0,0,0
SM204,20220218,20220218,135439000,13:54:39,8268,3882,23078,159860760,0,0,0
SM204,20220218,20220218,135439500,13:54:40,8268,3882,23078,159860760,0,0,0
SM204,20220218,20220218,135442000,13:54:42,8268,3882,23078,159860760,0,0,0
SM204,20220218,20220218,135444500,13:54:44,8268,3882,23078,159860760,0,0,0
SM204,20220218,20220218,135445000,13:54:45,8268,3882,23078,159860760,0,0,0
SM204,20220218,20220218,135446000,13:54:46,8268,3882,23078,159860760,0,0,0
SM204,20220218,20220218,135446500,13:54:47,8268,3882,23078,159860760,0,0,0
SM204,20220218,20220218,135447000,13:54:47,8268,3882,23078,159860760,0,0,0
SM204,20220218,20220218,135448000,13:54:48,8268,3882,23078,159860760,0,0,0
SM204,20220218,20220218,135452500,13:54:52,8268,3882,23078,159860760,0,0,0
SM204,20220218,20220218,135454500,13:54:55,8268,3882,23078,159860760,0,0,0
SM204,20220218,20220218,135455500,13:54:55,8268,3882,23078,159860760,0,0,0
SM204,20220218,20220218,135459500,13:55:00,8268,3882,23078,159860760,0,0,0
SM204,20220218,20220218,135500000,13:55:00,8268,3882,23078,159860760,0,0,0
SM204,20220218,20220218,135500500,13:55:00,8268,3882,23078,159860760,0,0,0
SM204,20220218,20220218,135501000,13:55:01,8268,3882,23078,159860760,0,0,0
SM204,20220218,20220218,135502000,13:55:03,8268,3882,23078,159860760,0,0,0
SM204,20220218,20220218,135506000,13:55:06,8268,3882,23078,159860760,0,0,0
SM204,20220218,20220218,135510000,13:55:12,8268,3882,23078,159860760,0,0,0
SM204,20220218,20220218,135518500,13:55:25,8268,3882,23078,159860760,0,0,0
SM204,20220218,20220218,135534000,13:55:34,8266,3890,23070,160190200,8,-8,329440
SM204,20220218,20220218,135534500,13:55:34,8266,3890,23070,160190200,0,0,0
SM204,20220218,20220218,135536000,13:55:36,8266,3890,23070,160190200,0,0,0
SM204,20220218,20220218,135540500,13:55:41,8266,3890,23070,160190200,0,0,0
SM204,20220218,20220218,135545000,13:55:45,8266,3890,23070,160190200,0,0,0
SM204,20220218,20220218,135546500,13:55:47,8266,3890,23070,160190200,0,0,0
SM204,20220218,20220218,135550500,13:55:50,8266,3890,23070,160190200,0,0,0
SM204,20220218,20220218,135618000,13:56:23,8266,3890,23070,160190200,0,0,0
SM204,20220218,20220218,135621000,13:56:23,8266,3890,23070,160190200,0,0,0
SM204,20220218,20220218,135624000,13:56:24,8266,3890,23070,160190200,0,0,0
SM204,20220218,20220218,135632000,13:56:35,8266,3890,23070,160190200,0,0,0
SM204,20220218,20220218,135634000,13:56:35,8266,3890,23070,160190200,0,0,0
SM204,20220218,20220218,135635000,13:56:35,8266,3890,23070,160190200,0,0,0
SM204,20220218,20220218,135636500,13:56:39,8266,3890,23070,160190200,0,0,0
SM204,20220218,20220218,135637000,13:56:39,8266,3890,23070,160190200,0,0,0
SM204,20220218,20220218,135637500,13:56:39,8266,3890,23070,160190200,0,0,0
SM204,20220218,20220218,135638500,13:56:39,8266,3890,23070,160190200,0,0,0
SM204,20220218,20220218,135641500,13:56:42,8266,3890,23070,160190200,0,0,0
SM204,20220218,20220218,135645000,13:56:47,8266,3890,23070,160190200,0,0,0
SM204,20220218,20220218,135648500,13:56:50,8266,3890,23070,160190200,0,0,0
SM204,20220218,20220218,135654000,13:56:54,8266,3890,23070,160190200,0,0,0
SM204,20220218,20220218,135654500,13:56:55,8266,3890,23070,160190200,0,0,0
SM204,20220218,20220218,135702000,13:57:02,8266,3890,23070,160190200,0,0,0
SM204,20220218,20220218,135702500,13:57:03,8266,3890,23070,160190200,0,0,0
SM204,20220218,20220218,135703000,13:57:03,8266,3890,23070,160190200,0,0,0
SM204,20220218,20220218,135704000,13:57:04,8266,3890,23070,160190200,0,0,0
SM204,20220218,20220218,135704500,13:57:04,8266,3890,23070,160190200,0,0,0
SM204,20220218,20220218,135705000,13:57:05,8266,3890,23070,160190200,0,0,0
SM204,20220218,20220218,135705500,13:57:05,8266,3890,23070,160190200,0,0,0
SM204,20220218,20220218,135706000,13:57:06,8266,3890,23070,160190200,0,0,0
SM204,20220218,20220218,135707000,13:57:07,8266,3890,23070,160190200,0,0,0
SM204,20220218,20220218,135708000,13:57:08,8266,3890,23070,160190200,0,0,0
