SR203,20220218,20220218,111944500,11:20:04,5663,754,7571,42668860,754,-512,42668860
SR203,20220218,20220218,112118000,11:21:18,5663,754,7571,42668860,0,0,0
SR203,20220218,20220218,112118500,11:21:18,5667,756,7571,42782040,2,0,113180
SR203,20220218,20220218,112122000,11:21:22,5667,756,7571,42782040,0,0,0
SR203,20220218,20220218,112122500,11:21:22,5667,756,7571,42782040,0,0,0
SR203,20220218,20220218,112308000,11:23:33,5667,756,7571,42782040,0,0,0
SR203,20220218,20220218,112624000,11:26:24,5667,756,7571,42782040,0,0,0
SR203,20220218,20220218,112635000,11:26:37,5667,756,7571,42782040,0,0,0
SR203,20220218,20220218,112706000,11:27:12,5667,756,7571,42782040,0,0,0
SR203,20220218,20220218,112711500,11:27:12,5665,757,7571,42838630,1,0,56590
SR203,20220218,20220218,112931000,11:29:32,5665,757,7571,42838630,0,0,0
SR203,20220218,20220218,112950500,11:29:51,5665,757,7571,42838630,0,0,0
SR203,20220218,20220218,112951500,11:29:52,5665,757,7571,42838630,0,0,0
SR203,20220218,20220218,112952000,11:29:52,5665,757,7571,42838630,0,0,0
SR203,20220218,20220218,112953000,11:29:53,5665,757,7571,42838630,0,0,0
SR203,20220218,20220218,112953500,11:29:54,5665,757,7571,42838630,0,0,0
SR203,20220218,20220218,112954000,11:29:54,5665,757,7571,42838630,0,0,0
SR203,20220218,20220218,112954500,11:29:54,5665,757,7571,42838630,0,0,0
SR203,20220218,20220218,112955000,11:29:55,5665,757,7571,42838630,0,0,0
SR203,20220218,20220218,112955500,11:29:55,5665,757,7571,42838630,0,0,0
SR203,20220218,20220218,112956000,11:29:56,5665,757,7571,42838630,0,0,0
SR203,20220218,20220218,112956500,11:30:00,5665,757,7571,42838630,0,0,0
SR203,20220218,20220218,112957000,11:30:00,5665,757,7571,42838630,0,0,0
SR203,20220218,20220218,112957500,11:30:02,5665,757,7571,42838630,0,0,0
SR203,20220218,20220218,112958500,11:30:02,5665,757,7571,42838630,0,0,0
SR203,20220218,20220218,113000000,11:30:03,5665,757,7571,42838630,0,0,0
SR203,20220218,20220218,133001000,13:30:01,5665,757,7571,42838630,0,0,0
SR203,20220218,20220218,133001500,13:30:02,5665,757,7571,42838630,0,0,0
SR203,20220218,20220218,133002000,13:30:08,5665,757,7571,42838630,0,0,0
SR203,20220218,20220218,133002500,13:30:10,5664,758,7571,42895220,1,0,56590
SR203,20220218,20220218,133004000,13:30:10,5664,758,7571,42895220,0,0,0
SR203,20220218,20220218,133011000,13:30:12,5664,758,7571,42895220,0,0,0
SR203,20220218,20220218,133011500,13:30:13,5664,758,7571,42895220,0,0,0
SR203,20220218,20220218,133012000,13:30:13,5664,758,7571,42895220,0,0,0
SR203,20220218,20220218,133016500,13:30:18,5664,758,7571,42895220,0,0,0
SR203,20220218,20220218,133038000,13:30:40,5664,758,7571,42895220,0,0,0
SR203,20220218,20220218,133038500,13:30:41,5664,758,7571,42895220,0,0,0
SR203,20220218,20220218,133040500,13:30:42,5664,758,7571,42895220,0,0,0
SR203,20220218,20220218,133042000,13:30:44,5664,758,7571,42895220,0,0,0
SR203,20220218,20220218,133044500,13:30:46,5664,758,7571,42895220,0,0,0
SR203,20220218,20220218,133045000,13:30:46,5664,758,7571,42895220,0,0,0
SR203,20220218,20220218,133045500,13:30:47,5664,758,7571,42895220,0,0,0
SR203,20220218,20220218,133046500,13:30:47,5664,758,7571,42895220,0,0,0
SR203,20220218,20220218,133047000,13:30:47,5664,758,7571,42895220,0,0,0
SR203,20220218,20220218,133057000,13:30:57,5664,758,7571,42895220,0,0,0
SR203,20220218,20220218,133057500,13:30:58,5664,758,7571,42895220,0,0,0
SR203,20220218,20220218,133058000,13:30:58,5664,758,7571,42895220,0,0,0
SR203,20220218,20220218,133058500,13:30:59,5664,758,7571,42895220,0,0,0
SR203,20220218,20220218,133100500,13:31:00,5664,758,7571,42895220,0,0,0
SR203,20220218,20220218,133101000,13:31:01,5664,758,7571,42895220,0,0,0
SR203,20220218,20220218,133101500,13:31:01,5664,758,7571,42895220,0,0,0
SR203,20220218,20220218,133102500,13:31:02,5664,758,7571,42895220,0,0,0
SR203,20220218,20220218,133103500,13:31:04,5664,758,7571,42895220,0,0,0
SR203,20220218,20220218,133114000,13:31:15,5664,758,7571,42895220,0,0,0
SR203,20220218,20220218,133114500,13:31:15,5664,758,7571,42895220,0,0,0
SR203,20220218,20220218,133156000,13:31:56,5664,758,7571,42895220,0,0,0
SR203,20220218,20220218,133158500,13:31:58,5664,758,7571,42895220,0,0,0
SR203,20220218,20220218,133200000,13:32:00,5664,758,7571,42895220,0,0,0
SR203,20220218,20220218,133208000,13:32:09,5664,758,7571,42895220,0,0,0
SR203,20220218,20220218,133209500,13:32:10,5664,758,7571,42895220,0,0,0
SR203,20220218,20220218,133213000,13:32:15,5664,758,7571,42895220,0,0,0
SR203,20220218,20220218,133213500,13:32:15,5664,758,7571,42895220,0,0,0
SR203,20220218,20220218,133326000,13:33:27,5664,758,7571,42895220,0,0,0
SR203,20220218,20220218,133326500,13:33:29,5664,758,7571,42895220,0,0,0
SR203,20220218,20220218,133327000,13:33:29,5664,758,7571,42895220,0,0,0
SR203,20220218,20220218,133341000,13:33:41,5664,758,7571,42895220,0,0,0
SR203,20220218,20220218,133341500,13:33:42,5664,758,7571,42895220,0,0,0
SR203,20220218,20220218,133343500,13:33:44,5664,758,7571,42895220,0,0,0
SR203,20220218,20220218,133344500,13:33:45,5664,758,7571,42895220,0,0,0
SR203,20220218,20220218,133345000,13:33:45,5664,758,7571,42895220,0,0,0
SR203,20220218,20220218,133345500,13:33:45,5664,758,7571,42895220,0,0,0
SR203,20220218,20220218,133346000,13:33:47,5664,758,7571,42895220,0,0,0
SR203,20220218,20220218,133348000,13:33:49,5664,758,7571,42895220,0,0,0
SR203,20220218,20220218,133349000,13:33:50,5664,758,7571,42895220,0,0,0
SR203,20220218,20220218,133349500,13:33:50,5664,758,7571,42895220,0,0,0
SR203,20220218,20220218,133350000,13:33:50,5664,758,7571,42895220,0,0,0
SR203,20220218,20220218,133350500,13:33:50,5664,758,7571,42895220,0,0,0
SR203,20220218,20220218,133351000,13:33:51,5664,758,7571,42895220,0,0,0
SR203,20220218,20220218,133351500,13:33:52,5664,758,7571,42895220,0,0,0
SR203,20220218,20220218,133356500,13:33:57,5664,758,7571,42895220,0,0,0
SR203,20220218,20220218,133357000,13:33:58,5664,758,7571,42895220,0,0,0
SR203,20220218,20220218,133358000,13:33:58,5664,758,7571,42895220,0,0,0
SR203,20220218,20220218,133401000,13:34:01,5664,758,7571,42895220,0,0,0
SR203,20220218,20220218,133401500,13:34:02,5664,758,7571,42895220,0,0,0
SR203,20220218,20220218,133402000,13:34:02,5664,758,7571,42895220,0,0,0
SR203,20220218,20220218,133442000,13:34:44,5664,758,7571,42895220,0,0,0
SR203,20220218,20220218,133444000,13:34:45,5664,758,7571,42895220,0,0,0
SR203,20220218,20220218,133444500,13:34:46,5664,758,7571,42895220,0,0,0
SR203,20220218,20220218,133447000,13:34:47,5664,758,7571,42895220,0,0,0
SR203,20220218,20220218,133447500,13:34:47,5664,758,7571,42895220,0,0,0
SR203,20220218,20220218,133448000,13:34:48,5664,758,7571,42895220,0,0,0
SR203,20220218,20220218,133453000,13:34:53,5664,758,7571,42895220,0,0,0
SR203,20220218,20220218,133453500,13:34:55,5664,758,7571,42895220,0,0,0
SR203,20220218,20220218,133454000,13:34:56,5664,758,7571,42895220,0,0,0
SR203,20220218,20220218,133455000,13:34:56,5664,758,7571,42895220,0,0,0
SR203,20220218,20220218,133512500,13:35:13,5664,758,7571,42895220,0,0,0
SR203,20220218,20220218,133518000,13:35:18,5664,758,7571,42895220,0,0,0
SR203,20220218,20220218,133519500,13:35:20,5664,758,7571,42895220,0,0,0
SR203,20220218,20220218,133520000,13:35:20,5664,758,7571,42895220,0,0,0
SR203,20220218,20220218,133520500,13:35:20,5664,758,7571,42895220,0,0,0
SR203,20220218,20220218,133521000,13:35:21,5664,758,7571,42895220,0,0,0
SR203,20220218,20220218,133521500,13:35:22,5664,758,7571,42895220,0,0,0
SR203,20220218,20220218,133522500,13:35:23,5664,758,7571,42895220,0,0,0
SR203,20220218,20220218,133523000,13:35:23,5664,758,7571,42895220,0,0,0
SR203,20220218,20220218,133523500,13:35:23,5664,758,7571,42895220,0,0,0
SR203,20220218,20220218,133524000,13:35:24,5664,758,7571,42895220,0,0,0
SR203,20220218,20220218,133524500,13:35:25,5664,758,7571,42895220,0,0,0
SR203,20220218,20220218,133525000,13:35:25,5664,758,7571,42895220,0,0,0
SR203,20220218,20220218,133525500,13:35:26,5664,758,7571,42895220,0,0,0
SR203,20220218,20220218,133526000,13:35:26,5664,758,7571,42895220,0,0,0
SR203,20220218,20220218,133552000,13:35:52,5664,758,7571,42895220,0,0,0
SR203,20220218,20220218,133649000,13:36:49,5664,758,7571,42895220,0,0,0
SR203,20220218,20220218,133802500,13:38:05,5664,758,7571,42895220,0,0,0
SR203,20220218,20220218,133808500,13:38:09,5672,763,7571,43178170,5,0,282950
SR203,20220218,20220218,133811500,13:38:14,5672,763,7571,43178170,0,0,0
SR203,20220218,20220218,133819000,13:38:19,5672,763,7571,43178170,0,0,0
SR203,20220218,20220218,133822500,13:38:23,5672,763,7571,43178170,0,0,0
SR203,20220218,20220218,133823000,13:38:24,5672,763,7571,43178170,0,0,0
SR203,20220218,20220218,133823500,13:38:24,5672,763,7571,43178170,0,0,0
SR203,20220218,20220218,133824000,13:38:24,5672,763,7571,43178170,0,0,0
SR203,20220218,20220218,133824500,13:38:28,5672,763,7571,43178170,0,0,0
SR203,20220218,20220218,133825000,13:38:41,5672,763,7571,43178170,0,0,0
SR203,20220218,20220218,133825500,13:38:41,5672,763,7571,43178170,0,0,0
SR203,20220218,20220218,133826000,13:38:42,5672,763,7571,43178170,0,0,0
SR203,20220218,20220218,134035500,13:40:36,5672,763,7571,43178170,0,0,0
SR203,20220218,20220218,134041500,13:40:42,5672,763,7571,43178170,0,0,0
SR203,20220218,20220218,134129000,13:41:29,5672,763,7571,43178170,0,0,0
SR203,20220218,20220218,134134000,13:41:34,5672,763,7571,43178170,0,0,0
SR203,20220218,20220218,134228000,13:42:29,5672,763,7571,43178170,0,0,0
SR203,20220218,20220218,134256500,13:42:57,5672,763,7571,43178170,0,0,0
SR203,20220218,20220218,134257000,13:42:59,5672,763,7571,43178170,0,0,0
SR203,20220218,20220218,134339500,13:43:55,5672,763,7571,43178170,0,0,0
SR203,20220218,20220218,134340000,13:43:57,5672,763,7571,43178170,0,0,0
SR203,20220218,20220218,134404500,13:44:05,5672,763,7571,43178170,0,0,0
SR203,20220218,20220218,134405000,13:44:05,5672,763,7571,43178170,0,0,0
SR203,20220218,20220218,134405500,13:44:06,5672,763,7571,43178170,0,0,0
SR203,20220218,20220218,134406000,13:44:06,5672,763,7571,43178170,0,0,0
SR203,20220218,20220218,134406500,13:44:06,5672,763,7571,43178170,0,0,0
SR203,20220218,20220218,134407000,13:44:07,5672,763,7571,43178170,0,0,0
SR203,20220218,20220218,134444000,13:44:44,5668,764,7571,43234760,1,0,56590
SR203,20220218,20220218,134507500,13:45:09,5668,764,7571,43234760,0,0,0
SR203,20220218,20220218,134511000,13:45:11,5668,764,7571,43234760,0,0,0
SR203,20220218,20220218,134517500,13:45:20,5668,764,7571,43234760,0,0,0
SR203,20220218,20220218,134518000,13:45:20,5668,764,7571,43234760,0,0,0
SR203,20220218,20220218,134518500,13:45:22,5668,764,7571,43234760,0,0,0
SR203,20220218,20220218,134520500,13:45:23,5668,764,7571,43234760,0,0,0
SR203,20220218,20220218,134521000,13:45:23,5668,764,7571,43234760,0,0,0
SR203,20220218,20220218,134521500,13:45:23,5668,764,7571,43234760,0,0,0
SR203,20220218,20220218,134528000,13:45:30,5668,764,7571,43234760,0,0,0
SR203,20220218,20220218,134528500,13:45:30,5668,764,7571,43234760,0,0,0
SR203,20220218,20220218,134530500,13:45:30,5668,764,7571,43234760,0,0,0
SR203,20220218,20220218,134531000,13:45:31,5668,764,7571,43234760,0,0,0
SR203,20220218,20220218,134531500,13:45:31,5668,764,7571,43234760,0,0,0
SR203,20220218,20220218,134532000,13:45:32,5668,764,7571,43234760,0,0,0
SR203,20220218,20220218,134536000,13:45:36,5668,764,7571,43234760,0,0,0
SR203,20220218,20220218,134542500,13:45:46,5668,764,7571,43234760,0,0,0
SR203,20220218,20220218,134543000,13:45:46,5668,764,7571,43234760,0,0,0
SR203,20220218,20220218,134543500,13:45:46,5668,764,7571,43234760,0,0,0
SR203,20220218,20220218,134545000,13:45:46,5667,765,7570,43291350,1,-1,56590
SR203,20220218,20220218,134548000,13:45:48,5667,765,7570,43291350,0,0,0
SR203,20220218,20220218,134548500,13:45:48,5667,765,7570,43291350,0,0,0
SR203,20220218,20220218,134549000,13:45:49,5667,765,7570,43291350,0,0,0
SR203,20220218,20220218,134550000,13:45:53,5667,765,7570,43291350,0,0,0
SR203,20220218,20220218,134550500,13:45:54,5667,765,7570,43291350,0,0,0
SR203,20220218,20220218,134553000,13:45:54,5667,765,7570,43291350,0,0,0
SR203,20220218,20220218,134604500,13:46:05,5667,765,7570,43291350,0,0,0
SR203,20220218,20220218,134605000,13:46:05,5667,765,7570,43291350,0,0,0
SR203,20220218,20220218,134614000,13:46:14,5667,765,7570,43291350,0,0,0
SR203,20220218,20220218,134614500,13:46:15,5667,765,7570,43291350,0,0,0
SR203,20220218,20220218,134615000,13:46:15,5667,765,7570,43291350,0,0,0
SR203,20220218,20220218,134616000,13:46:17,5667,765,7570,43291350,0,0,0
SR203,20220218,20220218,134617500,13:46:18,5667,765,7570,43291350,0,0,0
SR203,20220218,20220218,134618000,13:46:18,5667,765,7570,43291350,0,0,0
SR203,20220218,20220218,134618500,13:46:18,5667,765,7570,43291350,0,0,0
SR203,20220218,20220218,134630000,13:46:31,5667,765,7570,43291350,0,0,0
SR203,20220218,20220218,134632000,13:46:32,5667,765,7570,43291350,0,0,0
SR203,20220218,20220218,134632500,13:46:32,5667,765,7570,43291350,0,0,0
SR203,20220218,20220218,134633000,13:46:33,5667,765,7570,43291350,0,0,0
SR203,20220218,20220218,134635500,13:46:36,5667,765,7570,43291350,0,0,0
SR203,20220218,20220218,134636000,13:46:37,5667,765,7570,43291350,0,0,0
SR203,20220218,20220218,134636500,13:46:37,5667,765,7570,43291350,0,0,0
SR203,20220218,20220218,134637000,13:46:37,5667,765,7570,43291350,0,0,0
SR203,20220218,20220218,134637500,13:46:38,5667,765,7570,43291350,0,0,0
SR203,20220218,20220218,134638500,13:46:38,5667,765,7570,43291350,0,0,0
SR203,20220218,20220218,134639000,13:46:39,5667,765,7570,43291350,0,0,0
SR203,20220218,20220218,134639500,13:46:40,5667,765,7570,43291350,0,0,0
SR203,20220218,20220218,134640000,13:46:40,5667,765,7570,43291350,0,0,0
SR203,20220218,20220218,134640500,13:46:42,5667,765,7570,43291350,0,0,0
SR203,20220218,20220218,134641000,13:46:42,5667,765,7570,43291350,0,0,0
SR203,20220218,20220218,134641500,13:46:43,5667,765,7570,43291350,0,0,0
SR203,20220218,20220218,134646500,13:46:47,5667,765,7570,43291350,0,0,0
SR203,20220218,20220218,134648000,13:46:48,5667,765,7570,43291350,0,0,0
SR203,20220218,20220218,134648500,13:46:48,5667,765,7570,43291350,0,0,0
SR203,20220218,20220218,134649000,13:46:49,5667,765,7570,43291350,0,0,0
SR203,20220218,20220218,134649500,13:46:50,5667,765,7570,43291350,0,0,0
SR203,20220218,20220218,134650000,13:46:50,5667,765,7570,43291350,0,0,0
SR203,20220218,20220218,134652500,13:46:53,5667,765,7570,43291350,0,0,0
SR203,20220218,20220218,134653000,13:46:54,5667,765,7570,43291350,0,0,0
SR203,20220218,20220218,134653500,13:46:54,5667,765,7570,43291350,0,0,0
SR203,20220218,20220218,134654000,13:46:55,5667,765,7570,43291350,0,0,0
SR203,20220218,20220218,134654500,13:46:55,5667,765,7570,43291350,0,0,0
SR203,20220218,20220218,134655000,13:46:55,5667,765,7570,43291350,0,0,0
SR203,20220218,20220218,134655500,13:46:55,5667,765,7570,43291350,0,0,0
SR203,20220218,20220218,134656000,13:46:56,5667,765,7570,43291350,0,0,0
SR203,20220218,20220218,134656500,13:46:56,5667,765,7570,43291350,0,0,0
SR203,20220218,20220218,134657000,13:46:57,5667,765,7570,43291350,0,0,0
SR203,20220218,20220218,134657500,13:46:57,5667,765,7570,43291350,0,0,0
SR203,20220218,20220218,134658000,13:46:58,5667,765,7570,43291350,0,0,0
SR203,20220218,20220218,134658500,13:46:59,5667,765,7570,43291350,0,0,0
SR203,20220218,20220218,134701000,13:47:01,5667,765,7570,43291350,0,0,0
SR203,20220218,20220218,134701500,13:47:02,5667,765,7570,43291350,0,0,0
SR203,20220218,20220218,134702500,13:47:02,5667,765,7570,43291350,0,0,0
SR203,20220218,20220218,134703000,13:47:03,5667,765,7570,43291350,0,0,0
SR203,20220218,20220218,134703500,13:47:03,5667,765,7570,43291350,0,0,0
SR203,20220218,20220218,134704500,13:47:05,5667,765,7570,43291350,0,0,0
SR203,20220218,20220218,134707000,13:47:10,5667,765,7570,43291350,0,0,0
SR203,20220218,20220218,134709500,13:47:11,5667,765,7570,43291350,0,0,0
SR203,20220218,20220218,134710000,13:47:12,5667,765,7570,43291350,0,0,0
SR203,20220218,20220218,134710500,13:47:12,5667,765,7570,43291350,0,0,0
SR203,20220218,20220218,134711000,13:47:13,5667,765,7570,43291350,0,0,0
SR203,20220218,20220218,134711500,13:47:16,5667,765,7570,43291350,0,0,0
SR203,20220218,20220218,134712000,13:47:16,5667,765,7570,43291350,0,0,0
SR203,20220218,20220218,134716500,13:47:16,5667,765,7570,43291350,0,0,0
SR203,20220218,20220218,134717000,13:47:17,5667,765,7570,43291350,0,0,0
SR203,20220218,20220218,134717500,13:47:19,5667,765,7570,43291350,0,0,0
SR203,20220218,20220218,134719000,13:47:19,5667,765,7570,43291350,0,0,0
SR203,20220218,20220218,134720500,13:47:20,5667,765,7570,43291350,0,0,0
SR203,20220218,20220218,134721500,13:47:22,5667,765,7570,43291350,0,0,0
SR203,20220218,20220218,134723000,13:47:26,5667,765,7570,43291350,0,0,0
SR203,20220218,20220218,134723500,13:47:26,5667,765,7570,43291350,0,0,0
SR203,20220218,20220218,134724000,13:47:27,5667,765,7570,43291350,0,0,0
SR203,20220218,20220218,134725000,13:47:27,5667,765,7570,43291350,0,0,0
SR203,20220218,20220218,134731000,13:47:31,5667,765,7570,43291350,0,0,0
SR203,20220218,20220218,134733000,13:47:34,5667,765,7570,43291350,0,0,0
SR203,20220218,20220218,134733500,13:47:34,5667,765,7570,43291350,0,0,0
SR203,20220218,20220218,134734000,13:47:34,5667,765,7570,43291350,0,0,0
SR203,20220218,20220218,134734500,13:47:36,5667,765,7570,43291350,0,0,0
SR203,20220218,20220218,134735500,13:47:36,5667,765,7570,43291350,0,0,0
SR203,20220218,20220218,134736500,13:47:36,5667,765,7570,43291350,0,0,0
SR203,20220218,20220218,134737000,13:47:37,5667,765,7570,43291350,0,0,0
SR203,20220218,20220218,134737500,13:47:38,5667,765,7570,43291350,0,0,0
SR203,20220218,20220218,134738000,13:47:38,5667,765,7570,43291350,0,0,0
SR203,20220218,20220218,134738500,13:47:38,5667,765,7570,43291350,0,0,0
SR203,20220218,20220218,134739000,13:47:39,5667,765,7570,43291350,0,0,0
SR203,20220218,20220218,134739500,13:47:40,5667,765,7570,43291350,0,0,0
SR203,20220218,20220218,134740000,13:47:40,5667,765,7570,43291350,0,0,0
SR203,20220218,20220218,134740500,13:47:40,5667,765,7570,43291350,0,0,0
SR203,20220218,20220218,134741000,13:47:41,5667,765,7570,43291350,0,0,0
SR203,20220218,20220218,134742000,13:47:42,5667,765,7570,43291350,0,0,0
SR203,20220218,20220218,134743000,13:47:43,5667,765,7570,43291350,0,0,0
SR203,20220218,20220218,134743500,13:47:43,5667,765,7570,43291350,0,0,0
SR203,20220218,20220218,134744000,13:47:44,5667,765,7570,43291350,0,0,0
SR203,20220218,20220218,134745000,13:47:45,5667,765,7570,43291350,0,0,0
SR203,20220218,20220218,134747000,13:47:47,5667,765,7570,43291350,0,0,0
SR203,20220218,20220218,134747500,13:47:47,5667,765,7570,43291350,0,0,0
SR203,20220218,20220218,134752500,13:47:52,5667,765,7570,43291350,0,0,0
SR203,20220218,20220218,134758500,13:47:58,5667,765,7570,43291350,0,0,0
SR203,20220218,20220218,134806500,13:48:06,5667,765,7570,43291350,0,0,0
SR203,20220218,20220218,134807000,13:48:07,5667,765,7570,43291350,0,0,0
SR203,20220218,20220218,134808500,13:48:08,5667,765,7570,43291350,0,0,0
SR203,20220218,20220218,134809500,13:48:09,5667,765,7570,43291350,0,0,0
SR203,20220218,20220218,134810500,13:48:10,5667,765,7570,43291350,0,0,0
SR203,20220218,20220218,134812000,13:48:12,5667,765,7570,43291350,0,0,0
SR203,20220218,20220218,134813500,13:48:13,5667,765,7570,43291350,0,0,0
SR203,20220218,20220218,134817000,13:48:17,5667,765,7570,43291350,0,0,0
SR203,20220218,20220218,134817500,13:48:18,5667,765,7570,43291350,0,0,0
SR203,20220218,20220218,134818000,13:48:19,5667,765,7570,43291350,0,0,0
SR203,20220218,20220218,134818500,13:48:20,5667,765,7570,43291350,0,0,0
SR203,20220218,20220218,134819000,13:48:20,5667,765,7570,43291350,0,0,0
SR203,20220218,20220218,134820500,13:48:22,5667,765,7570,43291350,0,0,0
SR203,20220218,20220218,134824000,13:48:24,5667,765,7570,43291350,0,0,0
SR203,20220218,20220218,134826500,13:48:27,5667,765,7570,43291350,0,0,0
SR203,20220218,20220218,134829000,13:48:29,5667,765,7570,43291350,0,0,0
SR203,20220218,20220218,134830000,13:48:30,5667,765,7570,43291350,0,0,0
SR203,20220218,20220218,134830500,13:48:31,5667,765,7570,43291350,0,0,0
SR203,20220218,20220218,134831000,13:48:32,5667,765,7570,43291350,0,0,0
SR203,20220218,20220218,134832500,13:48:32,5667,765,7570,43291350,0,0,0
SR203,20220218,20220218,134833000,13:48:33,5667,765,7570,43291350,0,0,0
SR203,20220218,20220218,134833500,13:48:34,5667,765,7570,43291350,0,0,0
SR203,20220218,20220218,134834000,13:48:34,5667,765,7570,43291350,0,0,0
SR203,20220218,20220218,134834500,13:48:36,5667,765,7570,43291350,0,0,0
SR203,20220218,20220218,134835000,13:48:36,5667,765,7570,43291350,0,0,0
SR203,20220218,20220218,134836500,13:48:37,5667,765,7570,43291350,0,0,0
SR203,20220218,20220218,134837000,13:48:37,5667,765,7570,43291350,0,0,0
SR203,20220218,20220218,134838000,13:48:38,5667,765,7570,43291350,0,0,0
SR203,20220218,20220218,134839000,13:48:39,5667,765,7570,43291350,0,0,0
SR203,20220218,20220218,134839500,13:48:39,5667,765,7570,43291350,0,0,0
SR203,20220218,20220218,134840500,13:48:40,5667,765,7570,43291350,0,0,0
SR203,20220218,20220218,134841000,13:48:41,5667,765,7570,43291350,0,0,0
SR203,20220218,20220218,134842000,13:48:42,5667,765,7570,43291350,0,0,0
SR203,20220218,20220218,134842500,13:48:42,5667,765,7570,43291350,0,0,0
SR203,20220218,20220218,134843500,13:48:43,5667,765,7570,43291350,0,0,0
SR203,20220218,20220218,134844000,13:48:44,5667,765,7570,43291350,0,0,0
SR203,20220218,20220218,134845000,13:48:45,5667,765,7570,43291350,0,0,0
SR203,20220218,20220218,134845500,13:48:45,5667,765,7570,43291350,0,0,0
SR203,20220218,20220218,134846000,13:48:46,5667,765,7570,43291350,0,0,0
SR203,20220218,20220218,134847000,13:48:47,5667,765,7570,43291350,0,0,0
SR203,20220218,20220218,134848500,13:48:48,5667,765,7570,43291350,0,0,0
SR203,20220218,20220218,134849000,13:48:49,5667,765,7570,43291350,0,0,0
SR203,20220218,20220218,134849500,13:48:49,5667,765,7570,43291350,0,0,0
SR203,20220218,20220218,134850000,13:48:50,5667,765,7570,43291350,0,0,0
SR203,20220218,20220218,134852500,13:48:52,5667,765,7570,43291350,0,0,0
SR203,20220218,20220218,134853000,13:48:54,5667,765,7570,43291350,0,0,0
SR203,20220218,20220218,134854000,13:48:55,5667,765,7570,43291350,0,0,0
SR203,20220218,20220218,134854500,13:48:56,5667,765,7570,43291350,0,0,0
SR203,20220218,20220218,134855000,13:48:56,5667,765,7570,43291350,0,0,0
SR203,20220218,20220218,134858500,13:48:59,5667,765,7570,43291350,0,0,0
SR203,20220218,20220218,134859000,13:48:59,5667,765,7570,43291350,0,0,0
SR203,20220218,20220218,134859500,13:49:00,5667,765,7570,43291350,0,0,0
SR203,20220218,20220218,134900500,13:49:00,5667,765,7570,43291350,0,0,0
SR203,20220218,20220218,134904500,13:49:04,5667,765,7570,43291350,0,0,0
SR203,20220218,20220218,134905000,13:49:05,5667,765,7570,43291350,0,0,0
SR203,20220218,20220218,134905500,13:49:05,5667,765,7570,43291350,0,0,0
SR203,20220218,20220218,134906000,13:49:06,5667,765,7570,43291350,0,0,0
SR203,20220218,20220218,134907000,13:49:07,5667,765,7570,43291350,0,0,0
SR203,20220218,20220218,134909000,13:49:09,5667,765,7570,43291350,0,0,0
SR203,20220218,20220218,134909500,13:49:10,5667,765,7570,43291350,0,0,0
SR203,20220218,20220218,134912500,13:49:13,5667,765,7570,43291350,0,0,0
SR203,20220218,20220218,134913500,13:49:13,5667,765,7570,43291350,0,0,0
SR203,20220218,20220218,134914000,13:49:14,5667,765,7570,43291350,0,0,0
SR203,20220218,20220218,134914500,13:49:14,5667,765,7570,43291350,0,0,0
SR203,20220218,20220218,134916000,13:49:16,5667,765,7570,43291350,0,0,0
SR203,20220218,20220218,134918000,13:49:18,5667,765,7570,43291350,0,0,0
SR203,20220218,20220218,134923500,13:49:24,5667,765,7570,43291350,0,0,0
SR203,20220218,20220218,134924000,13:49:24,5667,765,7570,43291350,0,0,0
SR203,20220218,20220218,134925000,13:49:25,5667,765,7570,43291350,0,0,0
SR203,20220218,20220218,134926000,13:49:26,5667,765,7570,43291350,0,0,0
SR203,20220218,20220218,134926500,13:49:27,5667,765,7570,43291350,0,0,0
SR203,20220218,20220218,134927000,13:49:27,5667,765,7570,43291350,0,0,0
SR203,20220218,20220218,134933500,13:49:34,5667,765,7570,43291350,0,0,0
SR203,20220218,20220218,134934000,13:49:34,5667,765,7570,43291350,0,0,0
SR203,20220218,20220218,134939000,13:49:39,5667,765,7570,43291350,0,0,0
SR203,20220218,20220218,134942500,13:49:42,5667,765,7570,43291350,0,0,0
SR203,20220218,20220218,134946500,13:49:46,5667,765,7570,43291350,0,0,0
SR203,20220218,20220218,134949500,13:49:50,5667,765,7570,43291350,0,0,0
SR203,20220218,20220218,134953500,13:49:55,5668,811,7525,45902600,46,-45,2611250
SR203,20220218,20220218,134954500,13:49:55,5668,811,7525,45902600,0,0,0
SR203,20220218,20220218,134955000,13:49:55,5668,811,7525,45902600,0,0,0
SR203,20220218,20220218,134956000,13:49:56,5668,811,7525,45902600,0,0,0
SR203,20220218,20220218,134956500,13:49:57,5668,811,7525,45902600,0,0,0
SR203,20220218,20220218,134957000,13:49:57,5668,811,7525,45902600,0,0,0
SR203,20220218,20220218,134957500,13:49:57,5668,811,7525,45902600,0,0,0
SR203,20220218,20220218,134959000,13:49:59,5668,811,7525,45902600,0,0,0
SR203,20220218,20220218,134959500,13:49:59,5668,811,7525,45902600,0,0,0
SR203,20220218,20220218,135000500,13:50:00,5668,811,7525,45902600,0,0,0
SR203,20220218,20220218,135002000,13:50:02,5668,811,7525,45902600,0,0,0
SR203,20220218,20220218,135002500,13:50:02,5668,811,7525,45902600,0,0,0
SR203,20220218,20220218,135003000,13:50:03,5668,811,7525,45902600,0,0,0
SR203,20220218,20220218,135003500,13:50:03,5668,811,7525,45902600,0,0,0
SR203,20220218,20220218,135004000,13:50:04,5668,811,7525,45902600,0,0,0
SR203,20220218,20220218,135004500,13:50:04,5668,811,7525,45902600,0,0,0
SR203,20220218,20220218,135005000,13:50:05,5668,811,7525,45902600,0,0,0
SR203,20220218,20220218,135005500,13:50:06,5668,811,7525,45902600,0,0,0
SR203,20220218,20220218,135006000,13:50:06,5668,811,7525,45902600,0,0,0
SR203,20220218,20220218,135006500,13:50:07,5668,811,7525,45902600,0,0,0
SR203,20220218,20220218,135008000,13:50:09,5668,811,7525,45902600,0,0,0
SR203,20220218,20220218,135008500,13:50:25,5668,811,7525,45902600,0,0,0
SR203,20220218,20220218,135009500,13:50:26,5668,811,7525,45902600,0,0,0
SR203,20220218,20220218,135024500,13:50:26,5668,811,7525,45902600,0,0,0
SR203,20220218,20220218,135026000,13:50:28,5668,811,7525,45902600,0,0,0
SR203,20220218,20220218,135026500,13:50:29,5668,811,7525,45902600,0,0,0
SR203,20220218,20220218,135027000,13:50:33,5668,811,7525,45902600,0,0,0
SR203,20220218,20220218,135027500,13:50:35,5668,811,7525,45902600,0,0,0
SR203,20220218,20220218,135033500,13:50:37,5668,811,7525,45902600,0,0,0
SR203,20220218,20220218,135035500,13:50:37,5668,811,7525,45902600,0,0,0
SR203,20220218,20220218,135037000,13:50:38,5668,811,7525,45902600,0,0,0
SR203,20220218,20220218,135037500,13:50:38,5668,811,7525,45902600,0,0,0
SR203,20220218,20220218,135038000,13:50:39,5668,811,7525,45902600,0,0,0
SR203,20220218,20220218,135038500,13:50:39,5668,811,7525,45902600,0,0,0
SR203,20220218,20220218,135039000,13:50:39,5668,811,7525,45902600,0,0,0
SR203,20220218,20220218,135039500,13:50:39,5668,811,7525,45902600,0,0,0
SR203,20220218,20220218,135040000,13:50:40,5668,811,7525,45902600,0,0,0
SR203,20220218,20220218,135040500,13:50:41,5668,811,7525,45902600,0,0,0
SR203,20220218,20220218,135042500,13:50:43,5668,811,7525,45902600,0,0,0
SR203,20220218,20220218,135045000,13:50:45,5668,811,7525,45902600,0,0,0
SR203,20220218,20220218,135045500,13:50:46,5668,811,7525,45902600,0,0,0
SR203,20220218,20220218,135046000,13:50:47,5668,811,7525,45902600,0,0,0
SR203,20220218,20220218,135048500,13:50:48,5668,811,7525,45902600,0,0,0
SR203,20220218,20220218,135050500,13:50:51,5668,811,7525,45902600,0,0,0
SR203,20220218,20220218,135053500,13:50:54,5668,811,7525,45902600,0,0,0
SR203,20220218,20220218,135056500,13:50:57,5668,811,7525,45902600,0,0,0
SR203,20220218,20220218,135059500,13:50:59,5668,811,7525,45902600,0,0,0
SR203,20220218,20220218,135100000,13:51:00,5668,811,7525,45902600,0,0,0
SR203,20220218,20220218,135100500,13:51:01,5668,811,7525,45902600,0,0,0
SR203,20220218,20220218,135101000,13:51:01,5668,811,7525,45902600,0,0,0
SR203,20220218,20220218,135101500,13:51:01,5668,811,7525,45902600,0,0,0
SR203,20220218,20220218,135102000,13:51:02,5668,811,7525,45902600,0,0,0
SR203,20220218,20220218,135102500,13:51:02,5668,811,7525,45902600,0,0,0
SR203,20220218,20220218,135103000,13:51:03,5668,811,7525,45902600,0,0,0
SR203,20220218,20220218,135103500,13:51:03,5668,811,7525,45902600,0,0,0
SR203,20220218,20220218,135104000,13:51:04,5668,811,7525,45902600,0,0,0
SR203,20220218,20220218,135104500,13:51:04,5668,811,7525,45902600,0,0,0
SR203,20220218,20220218,135105000,13:51:05,5668,811,7525,45902600,0,0,0
SR203,20220218,20220218,135105500,13:51:05,5668,811,7525,45902600,0,0,0
SR203,20220218,20220218,135106000,13:51:06,5668,811,7525,45902600,0,0,0
SR203,20220218,20220218,135106500,13:51:07,5668,811,7525,45902600,0,0,0
SR203,20220218,20220218,135117500,13:51:21,5668,811,7525,45902600,0,0,0
SR203,20220218,20220218,135122500,13:51:22,5668,811,7525,45902600,0,0,0
SR203,20220218,20220218,135123500,13:51:24,5668,811,7525,45902600,0,0,0
SR203,20220218,20220218,135125000,13:51:25,5668,811,7525,45902600,0,0,0
SR203,20220218,20220218,135126500,13:51:27,5668,811,7525,45902600,0,0,0
SR203,20220218,20220218,135127500,13:51:27,5668,811,7525,45902600,0,0,0
SR203,20220218,20220218,135128500,13:51:29,5668,811,7525,45902600,0,0,0
SR203,20220218,20220218,135129000,13:51:29,5668,811,7525,45902600,0,0,0
SR203,20220218,20220218,135129500,13:51:29,5668,811,7525,45902600,0,0,0
SR203,20220218,20220218,135135500,13:51:35,5668,811,7525,45902600,0,0,0
SR203,20220218,20220218,135146000,13:51:46,5668,811,7525,45902600,0,0,0
SR203,20220218,20220218,135148500,13:51:49,5668,811,7525,45902600,0,0,0
SR203,20220218,20220218,135150000,13:51:50,5668,811,7525,45902600,0,0,0
SR203,20220218,20220218,135156000,13:51:56,5668,811,7525,45902600,0,0,0
SR203,20220218,20220218,135201000,13:52:01,5668,811,7525,45902600,0,0,0
SR203,20220218,20220218,135202000,13:52:03,5668,811,7525,45902600,0,0,0
SR203,20220218,20220218,135202500,13:52:03,5668,811,7525,45902600,0,0,0
SR203,20220218,20220218,135203000,13:52:03,5668,811,7525,45902600,0,0,0
SR203,20220218,20220218,135203500,13:52:04,5668,811,7525,45902600,0,0,0
SR203,20220218,20220218,135205500,13:52:06,5668,811,7525,45902600,0,0,0
SR203,20220218,20220218,135206000,13:52:06,5668,811,7525,45902600,0,0,0
SR203,20220218,20220218,135209500,13:52:11,5668,811,7525,45902600,0,0,0
SR203,20220218,20220218,135210000,13:52:11,5668,811,7525,45902600,0,0,0
SR203,20220218,20220218,135211000,13:52:12,5668,811,7525,45902600,0,0,0
SR203,20220218,20220218,135213000,13:52:13,5668,811,7525,45902600,0,0,0
SR203,20220218,20220218,135213500,13:52:13,5668,811,7525,45902600,0,0,0
SR203,20220218,20220218,135214000,13:52:14,5668,811,7525,45902600,0,0,0
SR203,20220218,20220218,135215500,13:52:15,5668,811,7525,45902600,0,0,0
SR203,20220218,20220218,135216000,13:52:16,5668,811,7525,45902600,0,0,0
SR203,20220218,20220218,135221000,13:52:24,5668,811,7525,45902600,0,0,0
SR203,20220218,20220218,135221500,13:52:24,5668,811,7525,45902600,0,0,0
SR203,20220218,20220218,135223000,13:52:24,5668,811,7525,45902600,0,0,0
SR203,20220218,20220218,135224000,13:52:24,5668,811,7525,45902600,0,0,0
SR203,20220218,20220218,135225500,13:52:25,5668,811,7525,45902600,0,0,0
SR203,20220218,20220218,135226000,13:52:26,5668,811,7525,45902600,0,0,0
SR203,20220218,20220218,135226500,13:52:27,5668,811,7525,45902600,0,0,0
SR203,20220218,20220218,135227500,13:52:27,5668,811,7525,45902600,0,0,0
SR203,20220218,20220218,135228000,13:52:28,5668,811,7525,45902600,0,0,0
SR203,20220218,20220218,135230500,13:52:31,5668,811,7525,45902600,0,0,0
SR203,20220218,20220218,135233000,13:52:33,5668,811,7525,45902600,0,0,0
SR203,20220218,20220218,135233500,13:52:33,5668,811,7525,45902600,0,0,0
SR203,20220218,20220218,135234000,13:52:34,5668,811,7525,45902600,0,0,0
SR203,20220218,20220218,135234500,13:52:35,5668,811,7525,45902600,0,0,0
SR203,20220218,20220218,135235000,13:52:35,5668,811,7525,45902600,0,0,0
SR203,20220218,20220218,135236000,13:52:37,5668,811,7525,45902600,0,0,0
SR203,20220218,20220218,135244000,13:52:45,5668,811,7525,45902600,0,0,0
SR203,20220218,20220218,135245000,13:52:47,5668,811,7525,45902600,0,0,0
SR203,20220218,20220218,135246000,13:52:48,5668,811,7525,45902600,0,0,0
SR203,20220218,20220218,135253500,13:52:54,5668,811,7525,45902600,0,0,0
SR203,20220218,20220218,135254000,13:52:54,5668,811,7525,45902600,0,0,0
SR203,20220218,20220218,135254500,13:52:54,5668,811,7525,45902600,0,0,0
SR203,20220218,20220218,135255000,13:52:55,5668,811,7525,45902600,0,0,0
SR203,20220218,20220218,135256500,13:52:57,5668,811,7525,45902600,0,0,0
SR203,20220218,20220218,135257000,13:52:57,5668,811,7525,45902600,0,0,0
SR203,20220218,20220218,135259000,13:52:59,5668,811,7525,45902600,0,0,0
SR203,20220218,20220218,135300000,13:53:00,5668,811,7525,45902600,0,0,0
SR203,20220218,20220218,135300500,13:53:01,5668,811,7525,45902600,0,0,0
SR203,20220218,20220218,135301500,13:53:01,5668,811,7525,45902600,0,0,0
SR203,20220218,20220218,135303000,13:53:03,5668,811,7525,45902600,0,0,0
SR203,20220218,20220218,135304500,13:53:06,5668,811,7525,45902600,0,0,0
SR203,20220218,20220218,135305000,13:53:06,5668,811,7525,45902600,0,0,0
SR203,20220218,20220218,135305500,13:53:08,5668,811,7525,45902600,0,0,0
SR203,20220218,20220218,135306500,13:53:09,5668,811,7525,45902600,0,0,0
SR203,20220218,20220218,135307000,13:53:09,5668,811,7525,45902600,0,0,0
SR203,20220218,20220218,135308500,13:53:09,5668,811,7525,45902600,0,0,0
SR203,20220218,20220218,135309000,13:53:09,5668,811,7525,45902600,0,0,0
SR203,20220218,20220218,135309500,13:53:09,5668,811,7525,45902600,0,0,0
SR203,20220218,20220218,135310000,13:53:10,5668,811,7525,45902600,0,0,0
SR203,20220218,20220218,135310500,13:53:10,5668,811,7525,45902600,0,0,0
SR203,20220218,20220218,135311500,13:53:12,5668,811,7525,45902600,0,0,0
SR203,20220218,20220218,135312000,13:53:12,5668,811,7525,45902600,0,0,0
SR203,20220218,20220218,135313500,13:53:13,5668,811,7525,45902600,0,0,0
SR203,20220218,20220218,135319500,13:53:20,5668,811,7525,45902600,0,0,0
SR203,20220218,20220218,135320000,13:53:20,5668,811,7525,45902600,0,0,0
SR203,20220218,20220218,135321500,13:53:21,5668,811,7525,45902600,0,0,0
SR203,20220218,20220218,135322000,13:53:22,5668,811,7525,45902600,0,0,0
SR203,20220218,20220218,135322500,13:53:23,5668,811,7525,45902600,0,0,0
SR203,20220218,20220218,135324000,13:53:25,5668,811,7525,45902600,0,0,0
SR203,20220218,20220218,135324500,13:53:26,5668,811,7525,45902600,0,0,0
SR203,20220218,20220218,135327500,13:53:28,5668,811,7525,45902600,0,0,0
SR203,20220218,20220218,135328000,13:53:28,5668,811,7525,45902600,0,0,0
SR203,20220218,20220218,135328500,13:53:29,5668,811,7525,45902600,0,0,0
SR203,20220218,20220218,135329500,13:53:29,5668,811,7525,45902600,0,0,0
SR203,20220218,20220218,135333500,13:53:33,5668,811,7525,45902600,0,0,0
SR203,20220218,20220218,135334000,13:53:34,5668,811,7525,45902600,0,0,0
SR203,20220218,20220218,135335000,13:53:35,5668,811,7525,45902600,0,0,0
SR203,20220218,20220218,135335500,13:53:36,5668,811,7525,45902600,0,0,0
SR203,20220218,20220218,135336000,13:53:36,5668,811,7525,45902600,0,0,0
SR203,20220218,20220218,135337000,13:53:44,5668,811,7525,45902600,0,0,0
SR203,20220218,20220218,135344000,13:53:45,5668,811,7525,45902600,0,0,0
SR203,20220218,20220218,135345500,13:53:46,5668,811,7525,45902600,0,0,0
SR203,20220218,20220218,135346000,13:53:47,5668,811,7525,45902600,0,0,0
SR203,20220218,20220218,135346500,13:53:47,5668,811,7525,45902600,0,0,0
SR203,20220218,20220218,135347000,13:53:47,5668,811,7525,45902600,0,0,0
SR203,20220218,20220218,135347500,13:53:47,5668,811,7525,45902600,0,0,0
SR203,20220218,20220218,135348000,13:53:48,5668,811,7525,45902600,0,0,0
SR203,20220218,20220218,135348500,13:53:48,5668,811,7525,45902600,0,0,0
SR203,20220218,20220218,135349000,13:53:49,5668,811,7525,45902600,0,0,0
SR203,20220218,20220218,135349500,13:53:50,5668,811,7525,45902600,0,0,0
SR203,20220218,20220218,135350000,13:53:50,5668,811,7525,45902600,0,0,0
SR203,20220218,20220218,135350500,13:53:50,5668,811,7525,45902600,0,0,0
SR203,20220218,20220218,135354000,13:53:54,5668,811,7525,45902600,0,0,0
SR203,20220218,20220218,135354500,13:53:55,5668,811,7525,45902600,0,0,0
SR203,20220218,20220218,135355000,13:53:55,5668,811,7525,45902600,0,0,0
SR203,20220218,20220218,135355500,13:53:56,5668,811,7525,45902600,0,0,0
SR203,20220218,20220218,135356500,13:53:57,5668,811,7525,45902600,0,0,0
SR203,20220218,20220218,135358000,13:53:58,5668,811,7525,45902600,0,0,0
SR203,20220218,20220218,135358500,13:53:59,5668,811,7525,45902600,0,0,0
SR203,20220218,20220218,135359000,13:54:00,5668,811,7525,45902600,0,0,0
SR203,20220218,20220218,135400000,13:54:08,5668,811,7525,45902600,0,0,0
SR203,20220218,20220218,135400500,13:54:08,5668,811,7525,45902600,0,0,0
SR203,20220218,20220218,135407500,13:54:09,5668,811,7525,45902600,0,0,0
SR203,20220218,20220218,135408500,13:54:09,5668,811,7525,45902600,0,0,0
SR203,20220218,20220218,135413000,13:54:13,5668,811,7525,45902600,0,0,0
SR203,20220218,20220218,135417000,13:54:17,5668,811,7525,45902600,0,0,0
SR203,20220218,20220218,135417500,13:54:18,5668,811,7525,45902600,0,0,0
SR203,20220218,20220218,135418500,13:54:18,5668,811,7525,45902600,0,0,0
SR203,20220218,20220218,135419000,13:54:19,5668,811,7525,45902600,0,0,0
SR203,20220218,20220218,135419500,13:54:19,5668,811,7525,45902600,0,0,0
SR203,20220218,20220218,135420500,13:54:21,5668,811,7525,45902600,0,0,0
SR203,20220218,20220218,135422000,13:54:22,5668,811,7525,45902600,0,0,0
SR203,20220218,20220218,135422500,13:54:22,5668,811,7525,45902600,0,0,0
SR203,20220218,20220218,135423000,13:54:23,5668,811,7525,45902600,0,0,0
SR203,20220218,20220218,135425000,13:54:25,5668,811,7525,45902600,0,0,0
SR203,20220218,20220218,135426000,13:54:26,5668,811,7525,45902600,0,0,0
SR203,20220218,20220218,135427500,13:54:28,5668,811,7525,45902600,0,0,0
SR203,20220218,20220218,135429000,13:54:31,5668,811,7525,45902600,0,0,0
SR203,20220218,20220218,135429500,13:54:31,5668,811,7525,45902600,0,0,0
SR203,20220218,20220218,135430500,13:54:31,5668,811,7525,45902600,0,0,0
SR203,20220218,20220218,135431000,13:54:32,5668,811,7525,45902600,0,0,0
SR203,20220218,20220218,135431500,13:54:32,5668,811,7525,45902600,0,0,0
SR203,20220218,20220218,135432000,13:54:32,5668,811,7525,45902600,0,0,0
SR203,20220218,20220218,135432500,13:54:33,5668,811,7525,45902600,0,0,0
SR203,20220218,20220218,135433000,13:54:33,5668,811,7525,45902600,0,0,0
SR203,20220218,20220218,135434000,13:54:34,5668,811,7525,45902600,0,0,0
SR203,20220218,20220218,135434500,13:54:34,5668,811,7525,45902600,0,0,0
SR203,20220218,20220218,135435000,13:54:35,5668,811,7525,45902600,0,0,0
SR203,20220218,20220218,135436000,13:54:36,5668,811,7525,45902600,0,0,0
SR203,20220218,20220218,135436500,13:54:36,5668,811,7525,45902600,0,0,0
SR203,20220218,20220218,135437000,13:54:37,5668,811,7525,45902600,0,0,0
SR203,20220218,20220218,135438000,13:54:38,5668,811,7525,45902600,0,0,0
SR203,20220218,20220218,135438500,13:54:39,5668,811,7525,45902600,0,0,0
SR203,20220218,20220218,135440000,13:54:40,5668,811,7525,45902600,0,0,0
SR203,20220218,20220218,135440500,13:54:40,5668,811,7525,45902600,0,0,0
SR203,20220218,20220218,135441000,13:54:41,5668,811,7525,45902600,0,0,0
SR203,20220218,20220218,135443500,13:54:44,5668,811,7525,45902600,0,0,0
SR203,20220218,20220218,135446500,13:54:47,5668,811,7525,45902600,0,0,0
SR203,20220218,20220218,135447000,13:54:47,5668,811,7525,45902600,0,0,0
SR203,20220218,20220218,135450000,13:54:50,5668,811,7525,45902600,0,0,0
SR203,20220218,20220218,135452000,13:54:52,5668,811,7525,45902600,0,0,0
SR203,20220218,20220218,135453000,13:54:53,5668,811,7525,45902600,0,0,0
SR203,20220218,20220218,135454500,13:54:54,5668,811,7525,45902600,0,0,0
SR203,20220218,20220218,135455000,13:54:55,5668,811,7525,45902600,0,0,0
SR203,20220218,20220218,135455500,13:54:55,5668,811,7525,45902600,0,0,0
SR203,20220218,20220218,135456000,13:54:56,5668,811,7525,45902600,0,0,0
SR203,20220218,20220218,135456500,13:54:56,5668,811,7525,45902600,0,0,0
SR203,20220218,20220218,135457000,13:54:57,5668,811,7525,45902600,0,0,0
SR203,20220218,20220218,135457500,13:54:57,5668,811,7525,45902600,0,0,0
SR203,20220218,20220218,135458000,13:54:58,5668,811,7525,45902600,0,0,0
SR203,20220218,20220218,135458500,13:54:59,5668,811,7525,45902600,0,0,0
SR203,20220218,20220218,135459000,13:54:59,5668,811,7525,45902600,0,0,0
SR203,20220218,20220218,135459500,13:55:00,5668,811,7525,45902600,0,0,0
SR203,20220218,20220218,135500000,13:55:00,5668,811,7525,45902600,0,0,0
SR203,20220218,20220218,135501500,13:55:02,5668,811,7525,45902600,0,0,0
SR203,20220218,20220218,135502000,13:55:03,5668,811,7525,45902600,0,0,0
SR203,20220218,20220218,135502500,13:55:03,5668,811,7525,45902600,0,0,0
SR203,20220218,20220218,135503000,13:55:03,5668,811,7525,45902600,0,0,0
SR203,20220218,20220218,135503500,13:55:03,5668,811,7525,45902600,0,0,0
SR203,20220218,20220218,135504000,13:55:04,5668,811,7525,45902600,0,0,0
SR203,20220218,20220218,135504500,13:55:05,5668,811,7525,45902600,0,0,0
SR203,20220218,20220218,135505500,13:55:06,5668,811,7525,45902600,0,0,0
SR203,20220218,20220218,135506000,13:55:06,5668,811,7525,45902600,0,0,0
SR203,20220218,20220218,135507500,13:55:11,5668,811,7525,45902600,0,0,0
SR203,20220218,20220218,135511500,13:55:12,5668,811,7525,45902600,0,0,0
SR203,20220218,20220218,135512000,13:55:12,5668,811,7525,45902600,0,0,0
SR203,20220218,20220218,135512500,13:55:13,5668,811,7525,45902600,0,0,0
SR203,20220218,20220218,135513000,13:55:13,5668,811,7525,45902600,0,0,0
SR203,20220218,20220218,135513500,13:55:15,5668,811,7525,45902600,0,0,0
SR203,20220218,20220218,135514500,13:55:15,5668,811,7525,45902600,0,0,0
SR203,20220218,20220218,135515000,13:55:15,5668,811,7525,45902600,0,0,0
SR203,20220218,20220218,135515500,13:55:16,5668,811,7525,45902600,0,0,0
SR203,20220218,20220218,135517500,13:55:21,5668,811,7525,45902600,0,0,0
SR203,20220218,20220218,135518000,13:55:21,5668,811,7525,45902600,0,0,0
SR203,20220218,20220218,135518500,13:55:24,5668,811,7525,45902600,0,0,0
SR203,20220218,20220218,135520000,13:55:25,5668,811,7525,45902600,0,0,0
SR203,20220218,20220218,135521000,13:55:25,5668,811,7525,45902600,0,0,0
SR203,20220218,20220218,135524500,13:55:25,5668,811,7525,45902600,0,0,0
SR203,20220218,20220218,135525500,13:55:26,5668,811,7525,45902600,0,0,0
SR203,20220218,20220218,135526000,13:55:27,5668,811,7525,45902600,0,0,0
SR203,20220218,20220218,135527000,13:55:28,5668,811,7525,45902600,0,0,0
SR203,20220218,20220218,135527500,13:55:28,5668,811,7525,45902600,0,0,0
SR203,20220218,20220218,135529000,13:55:29,5668,811,7525,45902600,0,0,0
SR203,20220218,20220218,135529500,13:55:30,5668,811,7525,45902600,0,0,0
SR203,20220218,20220218,135531000,13:55:31,5668,811,7525,45902600,0,0,0
SR203,20220218,20220218,135531500,13:55:32,5668,811,7525,45902600,0,0,0
SR203,20220218,20220218,135536000,13:55:36,5668,811,7525,45902600,0,0,0
SR203,20220218,20220218,135536500,13:55:37,5668,811,7525,45902600,0,0,0
SR203,20220218,20220218,135537000,13:55:37,5668,811,7525,45902600,0,0,0
SR203,20220218,20220218,135537500,13:55:37,5668,811,7525,45902600,0,0,0
SR203,20220218,20220218,135538000,13:55:38,5668,811,7525,45902600,0,0,0
SR203,20220218,20220218,135538500,13:55:39,5668,811,7525,45902600,0,0,0
SR203,20220218,20220218,135539000,13:55:39,5668,811,7525,45902600,0,0,0
SR203,20220218,20220218,135540000,13:55:40,5668,811,7525,45902600,0,0,0
SR203,20220218,20220218,135540500,13:55:41,5668,811,7525,45902600,0,0,0
SR203,20220218,20220218,135543000,13:55:43,5668,811,7525,45902600,0,0,0
SR203,20220218,20220218,135549000,13:55:50,5668,811,7525,45902600,0,0,0
SR203,20220218,20220218,135549500,13:55:50,5668,811,7525,45902600,0,0,0
SR203,20220218,20220218,135550000,13:55:50,5668,811,7525,45902600,0,0,0
SR203,20220218,20220218,135550500,13:55:50,5668,811,7525,45902600,0,0,0
SR203,20220218,20220218,135551000,13:55:51,5668,811,7525,45902600,0,0,0
SR203,20220218,20220218,135551500,13:55:52,5668,811,7525,45902600,0,0,0
SR203,20220218,20220218,135552000,13:55:52,5668,811,7525,45902600,0,0,0
SR203,20220218,20220218,135553000,13:55:53,5668,811,7525,45902600,0,0,0
SR203,20220218,20220218,135553500,13:55:54,5668,811,7525,45902600,0,0,0
SR203,20220218,20220218,135554500,13:55:54,5668,811,7525,45902600,0,0,0
SR203,20220218,20220218,135556500,13:55:58,5668,811,7525,45902600,0,0,0
SR203,20220218,20220218,135600500,13:56:02,5668,811,7525,45902600,0,0,0
SR203,20220218,20220218,135601000,13:56:02,5668,811,7525,45902600,0,0,0
SR203,20220218,20220218,135602000,13:56:03,5668,811,7525,45902600,0,0,0
SR203,20220218,20220218,135602500,13:56:19,5668,811,7525,45902600,0,0,0
SR203,20220218,20220218,135603500,13:56:23,5668,811,7525,45902600,0,0,0
SR203,20220218,20220218,135604000,13:56:23,5668,811,7525,45902600,0,0,0
SR203,20220218,20220218,135618000,13:56:23,5668,811,7525,45902600,0,0,0
SR203,20220218,20220218,135623000,13:56:23,5668,811,7525,45902600,0,0,0
SR203,20220218,20220218,135623500,13:56:24,5668,811,7525,45902600,0,0,0
SR203,20220218,20220218,135624000,13:56:24,5668,811,7525,45902600,0,0,0
SR203,20220218,20220218,135624500,13:56:24,5668,811,7525,45902600,0,0,0
SR203,20220218,20220218,135625000,13:56:25,5668,811,7525,45902600,0,0,0
SR203,20220218,20220218,135626000,13:56:33,5668,811,7525,45902600,0,0,0
SR203,20220218,20220218,135627000,13:56:34,5668,811,7525,45902600,0,0,0
SR203,20220218,20220218,135631000,13:56:35,5668,811,7525,45902600,0,0,0
SR203,20220218,20220218,135634500,13:56:35,5668,811,7525,45902600,0,0,0
SR203,20220218,20220218,135635000,13:56:35,5668,811,7525,45902600,0,0,0
SR203,20220218,20220218,135636500,13:56:38,5668,811,7525,45902600,0,0,0
SR203,20220218,20220218,135637500,13:56:39,5668,811,7525,45902600,0,0,0
SR203,20220218,20220218,135640500,13:56:41,5668,811,7525,45902600,0,0,0
SR203,20220218,20220218,135641000,13:56:41,5668,811,7525,45902600,0,0,0
SR203,20220218,20220218,135642500,13:56:43,5668,811,7525,45902600,0,0,0
SR203,20220218,20220218,135643000,13:56:43,5668,811,7525,45902600,0,0,0
SR203,20220218,20220218,135643500,13:56:44,5668,811,7525,45902600,0,0,0
SR203,20220218,20220218,135645500,13:56:47,5668,811,7525,45902600,0,0,0
SR203,20220218,20220218,135646000,13:56:47,5668,811,7525,45902600,0,0,0
SR203,20220218,20220218,135648000,13:56:48,5668,811,7525,45902600,0,0,0
SR203,20220218,20220218,135649000,13:56:50,5668,811,7525,45902600,0,0,0
SR203,20220218,20220218,135649500,13:56:50,5668,811,7525,45902600,0,0,0
SR203,20220218,20220218,135650000,13:56:50,5668,811,7525,45902600,0,0,0
SR203,20220218,20220218,135650500,13:56:51,5668,811,7525,45902600,0,0,0
SR203,20220218,20220218,135652500,13:56:52,5668,811,7525,45902600,0,0,0
SR203,20220218,20220218,135654000,13:56:54,5668,811,7525,45902600,0,0,0
SR203,20220218,20220218,135654500,13:56:54,5668,811,7525,45902600,0,0,0
SR203,20220218,20220218,135655000,13:56:55,5668,811,7525,45902600,0,0,0
SR203,20220218,20220218,135655500,13:56:55,5668,811,7525,45902600,0,0,0
SR203,20220218,20220218,135656000,13:56:56,5668,811,7525,45902600,0,0,0
SR203,20220218,20220218,135656500,13:56:56,5668,811,7525,45902600,0,0,0
SR203,20220218,20220218,135657500,13:56:58,5668,811,7525,45902600,0,0,0
SR203,20220218,20220218,135658000,13:56:58,5668,811,7525,45902600,0,0,0
SR203,20220218,20220218,135658500,13:56:59,5668,811,7525,45902600,0,0,0
SR203,20220218,20220218,135659000,13:56:59,5668,811,7525,45902600,0,0,0
SR203,20220218,20220218,135659500,13:57:01,5668,811,7525,45902600,0,0,0
SR203,20220218,20220218,135700000,13:57:01,5668,811,7525,45902600,0,0,0
SR203,20220218,20220218,135700500,13:57:01,5668,811,7525,45902600,0,0,0
SR203,20220218,20220218,135701000,13:57:02,5668,811,7525,45902600,0,0,0
SR203,20220218,20220218,135702500,13:57:02,5668,811,7525,45902600,0,0,0
SR203,20220218,20220218,135703000,13:57:03,5668,811,7525,45902600,0,0,0
SR203,20220218,20220218,135703500,13:57:04,5668,811,7525,45902600,0,0,0
SR203,20220218,20220218,135704000,13:57:04,5668,811,7525,45902600,0,0,0
SR203,20220218,20220218,135704500,13:57:04,5668,811,7525,45902600,0,0,0
SR203,20220218,20220218,135705000,13:57:05,5668,811,7525,45902600,0,0,0
SR203,20220218,20220218,135705500,13:57:05,5668,811,7525,45902600,0,0,0
SR203,20220218,20220218,135707500,13:57:07,5668,811,7525,45902600,0,0,0
SR203,20220218,20220218,135708000,13:57:08,5668,811,7525,45902600,0,0,0
