SR205,20220218,20220218,112002000,11:20:09,5705,252418,466623,14387826000,252418,-7203,14387826000
SR205,20220218,20220218,112004500,11:20:09,5705,252418,466623,14387826000,0,0,0
SR205,20220218,20220218,112005500,11:20:10,5705,252418,466623,14387826000,0,0,0
SR205,20220218,20220218,112006500,11:20:10,5705,252418,466623,14387826000,0,0,0
SR205,20220218,20220218,112007000,11:20:10,5705,252418,466623,14387826000,0,0,0
SR205,20220218,20220218,112007500,11:20:10,5705,252418,466623,14387826000,0,0,0
SR205,20220218,20220218,112008000,11:20:10,5706,252431,466630,14388567000,13,7,741000
SR205,20220218,20220218,112009000,11:20:10,5706,252431,466630,14388567000,0,0,0
SR205,20220218,20220218,112009500,11:20:10,5705,252432,466631,14388624000,1,1,57000
SR205,20220218,20220218,112010000,11:20:10,5705,252434,466632,14388738000,2,1,114000
SR205,20220218,20220218,112010500,11:20:10,5706,252436,466633,14388852000,2,1,114000
SR205,20220218,20220218,112011000,11:20:11,5705,252439,466631,14389023000,3,-2,171000
SR205,20220218,20220218,112011500,11:20:12,5705,252439,466631,14389023000,0,0,0
SR205,20220218,20220218,112012500,11:20:12,5705,252439,466631,14389023000,0,0,0
SR205,20220218,20220218,112013000,11:20:13,5705,252439,466631,14389023000,0,0,0
SR205,20220218,20220218,112014000,11:20:14,5706,252440,466630,14389080000,1,-1,57000
SR205,20220218,20220218,112015500,11:20:16,5706,252440,466630,14389080000,0,0,0
SR205,20220218,20220218,112016000,11:20:16,5706,252440,466630,14389080000,0,0,0
SR205,20220218,20220218,112016500,11:20:16,5705,252442,466630,14389194000,2,0,114000
SR205,20220218,20220218,112017500,11:20:17,5705,252442,466630,14389194000,0,0,0
SR205,20220218,20220218,112019500,11:20:20,5705,252442,466630,14389194000,0,0,0
SR205,20220218,20220218,112020000,11:20:20,5705,252442,466630,14389194000,0,0,0
SR205,20220218,20220218,112020500,11:20:20,5706,252443,466629,14389251000,1,-1,57000
SR205,20220218,20220218,112021000,11:20:21,5706,252444,466629,14389308000,1,0,57000
SR205,20220218,20220218,112021500,11:20:21,5705,252464,466626,14390448000,20,-3,1140000
SR205,20220218,20220218,112022500,11:20:23,5705,252464,466626,14390448000,0,0,0
SR205,20220218,20220218,112023000,11:20:23,5705,252465,466626,14390505000,1,0,57000
SR205,20220218,20220218,112025500,11:20:26,5706,252466,466626,14390562000,1,0,57000
SR205,20220218,20220218,112026000,11:20:26,5705,252467,466626,14390619000,1,0,57000
SR205,20220218,20220218,112026500,11:20:26,5705,252467,466626,14390619000,0,0,0
SR205,20220218,20220218,112027000,11:20:27,5705,252467,466626,14390619000,0,0,0
SR205,20220218,20220218,112027500,11:20:28,5705,252468,466625,14390676000,1,-1,57000
SR205,20220218,20220218,112029000,11:20:29,5705,252478,466615,14391246000,10,-10,570000
SR205,20220218,20220218,112029500,11:20:30,5705,252481,466614,14391417000,3,-1,171000
SR205,20220218,20220218,112030000,11:20:31,5705,252484,466614,14391588000,3,0,171000
SR205,20220218,20220218,112030500,11:20:31,5706,252486,466613,14391702000,2,-1,114000
SR205,20220218,20220218,112032500,11:20:32,5706,252486,466613,14391702000,0,0,0
SR205,20220218,20220218,112033000,11:20:33,5705,252487,466613,14391759000,1,0,57000
SR205,20220218,20220218,112034000,11:20:34,5705,252487,466613,14391759000,0,0,0
SR205,20220218,20220218,112034500,11:20:34,5705,252487,466613,14391759000,0,0,0
SR205,20220218,20220218,112035000,11:20:35,5706,252492,466613,14392044000,5,0,285000
SR205,20220218,20220218,112035500,11:20:35,5706,252492,466613,14392044000,0,0,0
SR205,20220218,20220218,112037500,11:20:38,5706,252492,466613,14392044000,0,0,0
SR205,20220218,20220218,112038500,11:20:38,5706,252492,466613,14392044000,0,0,0
SR205,20220218,20220218,112039000,11:20:39,5706,252493,466613,14392101000,1,0,57000
SR205,20220218,20220218,112039500,11:20:40,5706,252493,466613,14392101000,0,0,0
SR205,20220218,20220218,112040000,11:20:40,5706,252493,466613,14392101000,0,0,0
SR205,20220218,20220218,112040500,11:20:41,5706,252494,466613,14392158000,1,0,57000
SR205,20220218,20220218,112042000,11:20:42,5706,252495,466613,14392215000,1,0,57000
SR205,20220218,20220218,112043500,11:20:44,5706,252496,466613,14392272000,1,0,57000
SR205,20220218,20220218,112044500,11:20:45,5706,252496,466613,14392272000,0,0,0
SR205,20220218,20220218,112045000,11:20:45,5706,252497,466614,14392329000,1,1,57000
SR205,20220218,20220218,112045500,11:20:46,5706,252497,466614,14392329000,0,0,0
SR205,20220218,20220218,112046000,11:20:46,5706,252497,466614,14392329000,0,0,0
SR205,20220218,20220218,112046500,11:20:46,5706,252498,466614,14392386000,1,0,57000
SR205,20220218,20220218,112047500,11:20:48,5705,252501,466614,14392557000,3,0,171000
SR205,20220218,20220218,112048000,11:20:48,5706,252502,466613,14392614000,1,-1,57000
SR205,20220218,20220218,112050500,11:20:50,5706,252503,466612,14392671000,1,-1,57000
SR205,20220218,20220218,112051000,11:20:51,5706,252504,466612,14392728000,1,0,57000
SR205,20220218,20220218,112053500,11:20:53,5706,252504,466612,14392728000,0,0,0
SR205,20220218,20220218,112054000,11:20:54,5706,252514,466614,14393298000,10,2,570000
SR205,20220218,20220218,112054500,11:20:55,5706,252514,466614,14393298000,0,0,0
SR205,20220218,20220218,112055000,11:20:55,5706,252517,466615,14393469000,3,1,171000
SR205,20220218,20220218,112056000,11:20:56,5706,252517,466615,14393469000,0,0,0
SR205,20220218,20220218,112056500,11:20:56,5706,252521,466614,14393697000,4,-1,228000
SR205,20220218,20220218,112057000,11:20:58,5705,252526,466615,14393982000,5,1,285000
SR205,20220218,20220218,112057500,11:20:58,5706,252527,466615,14394039000,1,0,57000
SR205,20220218,20220218,112058000,11:20:58,5705,252529,466617,14394153000,2,2,114000
SR205,20220218,20220218,112058500,11:20:59,5705,252529,466617,14394153000,0,0,0
SR205,20220218,20220218,112059000,11:20:59,5706,252531,466617,14394267000,2,0,114000
SR205,20220218,20220218,112059500,11:21:00,5706,252531,466617,14394267000,0,0,0
SR205,20220218,20220218,112100000,11:21:00,5706,252532,466618,14394324000,1,1,57000
SR205,20220218,20220218,112101000,11:21:01,5706,252532,466618,14394324000,0,0,0
SR205,20220218,20220218,112101500,11:21:02,5705,252533,466618,14394381000,1,0,57000
SR205,20220218,20220218,112102000,11:21:02,5705,252534,466619,14394438000,1,1,57000
SR205,20220218,20220218,112102500,11:21:03,5706,252536,466620,14394552000,2,1,114000
SR205,20220218,20220218,112103000,11:21:03,5706,252537,466621,14394609000,1,1,57000
SR205,20220218,20220218,112103500,11:21:04,5706,252538,466622,14394666000,1,1,57000
SR205,20220218,20220218,112104000,11:21:04,5706,252541,466623,14394837000,3,1,171000
SR205,20220218,20220218,112104500,11:21:05,5706,252542,466623,14394894000,1,0,57000
SR205,20220218,20220218,112105000,11:21:05,5706,252547,466626,14395179000,5,3,285000
SR205,20220218,20220218,112105500,11:21:06,5706,252548,466627,14395236000,1,1,57000
SR205,20220218,20220218,112106000,11:21:07,5706,252548,466627,14395236000,0,0,0
SR205,20220218,20220218,112107000,11:21:10,5706,252548,466627,14395236000,0,0,0
SR205,20220218,20220218,112108000,11:21:10,5705,252550,466627,14395350000,2,0,114000
SR205,20220218,20220218,112109500,11:21:10,5705,252550,466627,14395350000,0,0,0
SR205,20220218,20220218,112111000,11:21:11,5705,252550,466627,14395350000,0,0,0
SR205,20220218,20220218,112111500,11:21:12,5706,252554,466627,14395578000,4,0,228000
SR205,20220218,20220218,112112500,11:21:13,5706,252557,466630,14395749000,3,3,171000
SR205,20220218,20220218,112113500,11:21:13,5705,252560,466631,14395920000,3,1,171000
SR205,20220218,20220218,112117000,11:21:17,5705,252560,466631,14395920000,0,0,0
SR205,20220218,20220218,112117500,11:21:18,5706,252561,466632,14395977000,1,1,57000
SR205,20220218,20220218,112118000,11:21:18,5706,252673,466676,14402361000,112,44,6384000
SR205,20220218,20220218,112118500,11:21:18,5707,252675,466676,14402475000,2,0,114000
SR205,20220218,20220218,112119000,11:21:19,5707,252690,466666,14403330000,15,-10,855000
SR205,20220218,20220218,112119500,11:21:19,5707,252690,466666,14403330000,0,0,0
SR205,20220218,20220218,112120000,11:21:20,5706,252693,466666,14403501000,3,0,171000
SR205,20220218,20220218,112120500,11:21:21,5706,252694,466666,14403558000,1,0,57000
SR205,20220218,20220218,112121000,11:21:22,5706,252696,466666,14403672000,2,0,114000
SR205,20220218,20220218,112122000,11:21:22,5706,252754,466655,14406978000,58,-11,3306000
SR205,20220218,20220218,112122500,11:21:22,5706,252757,466654,14407149000,3,-1,171000
SR205,20220218,20220218,112123000,11:21:23,5706,252757,466654,14407149000,0,0,0
SR205,20220218,20220218,112123500,11:21:23,5706,252757,466654,14407149000,0,0,0
SR205,20220218,20220218,112124000,11:21:24,5706,252757,466654,14407149000,0,0,0
SR205,20220218,20220218,112124500,11:21:25,5706,252757,466654,14407149000,0,0,0
SR205,20220218,20220218,112125000,11:22:29,5706,252757,466654,14407149000,0,0,0
SR205,20220218,20220218,112125500,11:23:32,5706,252758,466653,14407206000,1,-1,57000
SR205,20220218,20220218,112126000,11:23:33,5706,252759,466653,14407263000,1,0,57000
SR205,20220218,20220218,112126500,11:23:33,5706,252759,466653,14407263000,0,0,0
SR205,20220218,20220218,112331000,11:23:33,5705,253329,466621,14439753000,570,-32,32490000
SR205,20220218,20220218,112334000,11:23:34,5705,253330,466621,14439810000,1,0,57000
SR205,20220218,20220218,112337000,11:23:38,5705,253330,466621,14439810000,0,0,0
SR205,20220218,20220218,112339500,11:23:39,5705,253330,466621,14439810000,0,0,0
SR205,20220218,20220218,112340000,11:23:40,5705,253332,466621,14439924000,2,0,114000
SR205,20220218,20220218,112340500,11:23:40,5705,253332,466621,14439924000,0,0,0
SR205,20220218,20220218,112343000,11:23:43,5706,253333,466621,14439981000,1,0,57000
SR205,20220218,20220218,112343500,11:23:43,5705,253336,466619,14440152000,3,-2,171000
SR205,20220218,20220218,112344000,11:23:48,5705,253336,466619,14440152000,0,0,0
SR205,20220218,20220218,112347000,11:23:48,5705,253336,466619,14440152000,0,0,0
SR205,20220218,20220218,112348500,11:23:49,5705,253343,466617,14440551000,7,-2,399000
SR205,20220218,20220218,112349000,11:23:49,5705,253346,466615,14440722000,3,-2,171000
SR205,20220218,20220218,112349500,11:23:50,5705,253346,466615,14440722000,0,0,0
SR205,20220218,20220218,112350000,11:23:50,5706,253349,466614,14440893000,3,-1,171000
SR205,20220218,20220218,112350500,11:23:50,5706,253349,466614,14440893000,0,0,0
SR205,20220218,20220218,112351500,11:23:51,5706,253349,466614,14440893000,0,0,0
SR205,20220218,20220218,112353500,11:23:53,5706,253349,466614,14440893000,0,0,0
SR205,20220218,20220218,112354000,11:23:54,5706,253350,466614,14440950000,1,0,57000
SR205,20220218,20220218,112354500,11:23:55,5706,253350,466614,14440950000,0,0,0
SR205,20220218,20220218,112355000,11:23:55,5706,253360,466614,14441520000,10,0,570000
SR205,20220218,20220218,112355500,11:23:55,5706,253360,466614,14441520000,0,0,0
SR205,20220218,20220218,112356000,11:23:56,5706,253360,466614,14441520000,0,0,0
SR205,20220218,20220218,112357500,11:23:57,5706,253361,466613,14441577000,1,-1,57000
SR205,20220218,20220218,112358000,11:23:58,5706,253361,466613,14441577000,0,0,0
SR205,20220218,20220218,112359500,11:23:59,5706,253361,466613,14441577000,0,0,0
SR205,20220218,20220218,112400000,11:24:00,5706,253366,466610,14441862000,5,-3,285000
SR205,20220218,20220218,112400500,11:24:00,5705,253368,466608,14441976000,2,-2,114000
SR205,20220218,20220218,112401000,11:24:01,5705,253368,466608,14441976000,0,0,0
SR205,20220218,20220218,112402500,11:24:02,5705,253371,466609,14442147000,3,1,171000
SR205,20220218,20220218,112403000,11:24:03,5706,253372,466610,14442204000,1,1,57000
SR205,20220218,20220218,112403500,11:24:04,5705,253374,466608,14442318000,2,-2,114000
SR205,20220218,20220218,112404000,11:24:04,5705,253374,466608,14442318000,0,0,0
SR205,20220218,20220218,112405000,11:24:05,5705,253374,466608,14442318000,0,0,0
SR205,20220218,20220218,112405500,11:24:05,5705,253374,466608,14442318000,0,0,0
SR205,20220218,20220218,112406000,11:24:06,5705,253374,466608,14442318000,0,0,0
SR205,20220218,20220218,112406500,11:24:06,5705,253374,466608,14442318000,0,0,0
SR205,20220218,20220218,112407500,11:24:08,5706,253379,466610,14442603000,5,2,285000
SR205,20220218,20220218,112408000,11:24:08,5706,253379,466610,14442603000,0,0,0
SR205,20220218,20220218,112409000,11:24:11,5706,253379,466610,14442603000,0,0,0
SR205,20220218,20220218,112411500,11:24:12,5706,253379,466610,14442603000,0,0,0
SR205,20220218,20220218,112412000,11:24:12,5706,253379,466610,14442603000,0,0,0
SR205,20220218,20220218,112412500,11:24:13,5705,253391,466613,14443287000,12,3,684000
SR205,20220218,20220218,112413000,11:24:13,5705,253396,466614,14443572000,5,1,285000
SR205,20220218,20220218,112413500,11:24:14,5705,253406,466605,14444142000,10,-9,570000
SR205,20220218,20220218,112414000,11:24:14,5705,253406,466605,14444142000,0,0,0
SR205,20220218,20220218,112414500,11:24:14,5705,253406,466605,14444142000,0,0,0
SR205,20220218,20220218,112415000,11:24:15,5705,253407,466604,14444199000,1,-1,57000
SR205,20220218,20220218,112415500,11:24:15,5705,253408,466604,14444256000,1,0,57000
SR205,20220218,20220218,112416500,11:24:17,5706,253410,466604,14444370000,2,0,114000
SR205,20220218,20220218,112417000,11:24:17,5706,253410,466604,14444370000,0,0,0
SR205,20220218,20220218,112418000,11:24:18,5706,253410,466604,14444370000,0,0,0
SR205,20220218,20220218,112418500,11:24:19,5706,253410,466604,14444370000,0,0,0
SR205,20220218,20220218,112419000,11:24:19,5706,253410,466604,14444370000,0,0,0
SR205,20220218,20220218,112420000,11:24:20,5706,253410,466604,14444370000,0,0,0
SR205,20220218,20220218,112420500,11:24:20,5706,253410,466604,14444370000,0,0,0
SR205,20220218,20220218,112421500,11:24:22,5706,253410,466604,14444370000,0,0,0
SR205,20220218,20220218,112422000,11:24:22,5706,253410,466604,14444370000,0,0,0
SR205,20220218,20220218,112422500,11:24:23,5706,253410,466604,14444370000,0,0,0
SR205,20220218,20220218,112423500,11:24:24,5706,253410,466604,14444370000,0,0,0
SR205,20220218,20220218,112424500,11:24:24,5706,253410,466604,14444370000,0,0,0
SR205,20220218,20220218,112425000,11:24:25,5706,253413,466604,14444541000,3,0,171000
SR205,20220218,20220218,112425500,11:24:25,5706,253413,466604,14444541000,0,0,0
SR205,20220218,20220218,112426500,11:24:26,5705,253414,466604,14444598000,1,0,57000
SR205,20220218,20220218,112427000,11:24:27,5705,253414,466604,14444598000,0,0,0
SR205,20220218,20220218,112427500,11:24:28,5705,253414,466604,14444598000,0,0,0
SR205,20220218,20220218,112428500,11:24:28,5706,253415,466604,14444655000,1,0,57000
SR205,20220218,20220218,112429500,11:24:29,5706,253415,466604,14444655000,0,0,0
SR205,20220218,20220218,112430000,11:24:30,5706,253415,466604,14444655000,0,0,0
SR205,20220218,20220218,112431500,11:24:31,5706,253415,466604,14444655000,0,0,0
SR205,20220218,20220218,112432500,11:24:32,5705,253416,466604,14444712000,1,0,57000
SR205,20220218,20220218,112433000,11:24:33,5706,253418,466605,14444826000,2,1,114000
SR205,20220218,20220218,112434000,11:24:34,5705,253420,466604,14444940000,2,-1,114000
SR205,20220218,20220218,112434500,11:24:34,5705,253421,466603,14444997000,1,-1,57000
SR205,20220218,20220218,112435000,11:24:35,5705,253421,466603,14444997000,0,0,0
SR205,20220218,20220218,112435500,11:24:35,5706,253422,466603,14445054000,1,0,57000
SR205,20220218,20220218,112436000,11:24:36,5706,253422,466603,14445054000,0,0,0
SR205,20220218,20220218,112436500,11:24:36,5705,253423,466602,14445111000,1,-1,57000
SR205,20220218,20220218,112438000,11:24:39,5706,253426,466601,14445282000,3,-1,171000
SR205,20220218,20220218,112439000,11:24:40,5706,253426,466601,14445282000,0,0,0
SR205,20220218,20220218,112440000,11:24:40,5706,253427,466602,14445339000,1,1,57000
SR205,20220218,20220218,112440500,11:24:40,5706,253429,466601,14445453000,2,-1,114000
SR205,20220218,20220218,112441000,11:24:41,5705,253431,466599,14445567000,2,-2,114000
SR205,20220218,20220218,112442000,11:24:42,5705,253436,466599,14445852000,5,0,285000
SR205,20220218,20220218,112443500,11:24:43,5706,253437,466599,14445909000,1,0,57000
SR205,20220218,20220218,112445000,11:24:45,5705,253438,466598,14445966000,1,-1,57000
SR205,20220218,20220218,112446000,11:24:46,5705,253438,466598,14445966000,0,0,0
SR205,20220218,20220218,112446500,11:24:46,5705,253439,466597,14446023000,1,-1,57000
SR205,20220218,20220218,112447000,11:24:47,5705,253449,466594,14446593000,10,-3,570000
SR205,20220218,20220218,112447500,11:24:47,5705,253449,466594,14446593000,0,0,0
SR205,20220218,20220218,112448000,11:24:48,5706,253451,466594,14446707000,2,0,114000
SR205,20220218,20220218,112448500,11:24:48,5706,253452,466594,14446764000,1,0,57000
SR205,20220218,20220218,112449000,11:24:49,5705,253458,466591,14447106000,6,-3,342000
SR205,20220218,20220218,112450000,11:24:50,5706,253463,466589,14447391000,5,-2,285000
SR205,20220218,20220218,112451000,11:24:51,5706,253466,466589,14447562000,3,0,171000
SR205,20220218,20220218,112451500,11:24:52,5706,253467,466590,14447619000,1,1,57000
SR205,20220218,20220218,112452500,11:24:52,5706,253467,466590,14447619000,0,0,0
SR205,20220218,20220218,112453000,11:24:53,5706,253467,466590,14447619000,0,0,0
SR205,20220218,20220218,112454000,11:24:54,5706,253468,466590,14447676000,1,0,57000
SR205,20220218,20220218,112454500,11:24:54,5706,253468,466590,14447676000,0,0,0
SR205,20220218,20220218,112455500,11:24:56,5706,253470,466590,14447790000,2,0,114000
SR205,20220218,20220218,112456000,11:24:56,5705,253471,466590,14447847000,1,0,57000
SR205,20220218,20220218,112456500,11:24:56,5706,253472,466590,14447904000,1,0,57000
SR205,20220218,20220218,112457500,11:24:57,5706,253475,466592,14448075000,3,2,171000
SR205,20220218,20220218,112458500,11:24:58,5706,253477,466592,14448189000,2,0,114000
SR205,20220218,20220218,112459000,11:24:59,5706,253481,466588,14448417000,4,-4,228000
SR205,20220218,20220218,112500000,11:25:00,5706,253482,466588,14448474000,1,0,57000
SR205,20220218,20220218,112500500,11:25:01,5706,253482,466588,14448474000,0,0,0
SR205,20220218,20220218,112501500,11:25:03,5706,253483,466589,14448531000,1,1,57000
SR205,20220218,20220218,112502000,11:25:05,5706,253483,466589,14448531000,0,0,0
SR205,20220218,20220218,112504000,11:25:06,5706,253483,466589,14448531000,0,0,0
SR205,20220218,20220218,112505500,11:25:06,5706,253483,466589,14448531000,0,0,0
SR205,20220218,20220218,112507500,11:25:07,5706,253483,466589,14448531000,0,0,0
SR205,20220218,20220218,112508000,11:25:08,5706,253495,466589,14449215000,12,0,684000
SR205,20220218,20220218,112508500,11:25:08,5705,253501,466589,14449557000,6,0,342000
SR205,20220218,20220218,112511000,11:25:11,5705,253501,466589,14449557000,0,0,0
SR205,20220218,20220218,112511500,11:25:11,5705,253501,466589,14449557000,0,0,0
SR205,20220218,20220218,112512000,11:25:12,5706,253514,466593,14450298000,13,4,741000
SR205,20220218,20220218,112512500,11:25:12,5705,253515,466592,14450355000,1,-1,57000
SR205,20220218,20220218,112513500,11:25:15,5706,253518,466591,14450526000,3,-1,171000
SR205,20220218,20220218,112514000,11:25:15,5706,253518,466591,14450526000,0,0,0
SR205,20220218,20220218,112514500,11:25:15,5706,253518,466591,14450526000,0,0,0
SR205,20220218,20220218,112518000,11:25:18,5706,253518,466591,14450526000,0,0,0
SR205,20220218,20220218,112518500,11:25:19,5706,253518,466591,14450526000,0,0,0
SR205,20220218,20220218,112519000,11:25:19,5706,253523,466592,14450811000,5,1,285000
SR205,20220218,20220218,112519500,11:25:19,5706,253523,466592,14450811000,0,0,0
SR205,20220218,20220218,112521000,11:25:21,5705,253524,466591,14450868000,1,-1,57000
SR205,20220218,20220218,112522000,11:25:22,5705,253525,466590,14450925000,1,-1,57000
SR205,20220218,20220218,112522500,11:25:22,5706,253526,466589,14450982000,1,-1,57000
SR205,20220218,20220218,112523000,11:25:23,5706,253526,466589,14450982000,0,0,0
SR205,20220218,20220218,112523500,11:25:24,5706,253526,466589,14450982000,0,0,0
SR205,20220218,20220218,112524000,11:25:25,5705,253528,466590,14451096000,2,1,114000
SR205,20220218,20220218,112525000,11:25:25,5706,253529,466590,14451153000,1,0,57000
SR205,20220218,20220218,112526000,11:25:26,5706,253530,466591,14451210000,1,1,57000
SR205,20220218,20220218,112528000,11:25:28,5706,253530,466591,14451210000,0,0,0
SR205,20220218,20220218,112528500,11:25:28,5706,253532,466593,14451324000,2,2,114000
SR205,20220218,20220218,112531000,11:25:31,5706,253532,466593,14451324000,0,0,0
SR205,20220218,20220218,112531500,11:25:32,5705,253538,466593,14451666000,6,0,342000
SR205,20220218,20220218,112532500,11:25:33,5706,253541,466596,14451837000,3,3,171000
SR205,20220218,20220218,112533000,11:25:33,5705,253545,466596,14452065000,4,0,228000
SR205,20220218,20220218,112534000,11:25:34,5705,253546,466596,14452122000,1,0,57000
SR205,20220218,20220218,112535000,11:25:36,5705,253546,466596,14452122000,0,0,0
SR205,20220218,20220218,112535500,11:25:37,5705,253546,466596,14452122000,0,0,0
SR205,20220218,20220218,112536500,11:25:37,5705,253547,466596,14452179000,1,0,57000
SR205,20220218,20220218,112537000,11:25:38,5705,253547,466596,14452179000,0,0,0
SR205,20220218,20220218,112537500,11:25:38,5705,253547,466596,14452179000,0,0,0
SR205,20220218,20220218,112538000,11:25:38,5706,253548,466596,14452236000,1,0,57000
SR205,20220218,20220218,112538500,11:25:39,5706,253548,466596,14452236000,0,0,0
SR205,20220218,20220218,112539000,11:25:39,5706,253549,466597,14452293000,1,1,57000
SR205,20220218,20220218,112541500,11:25:41,5705,253553,466597,14452521000,4,0,228000
SR205,20220218,20220218,112542500,11:25:42,5706,253555,466599,14452635000,2,2,114000
SR205,20220218,20220218,112543500,11:25:43,5706,253556,466599,14452692000,1,0,57000
SR205,20220218,20220218,112544000,11:25:44,5706,253557,466599,14452749000,1,0,57000
SR205,20220218,20220218,112544500,11:25:44,5706,253557,466599,14452749000,0,0,0
SR205,20220218,20220218,112545000,11:25:45,5706,253558,466599,14452806000,1,0,57000
SR205,20220218,20220218,112545500,11:25:46,5706,253570,466599,14453490000,12,0,684000
SR205,20220218,20220218,112546000,11:25:47,5706,253572,466601,14453604000,2,2,114000
SR205,20220218,20220218,112546500,11:25:48,5705,253575,466601,14453775000,3,0,171000
SR205,20220218,20220218,112547000,11:25:48,5705,253576,466601,14453832000,1,0,57000
SR205,20220218,20220218,112547500,11:25:48,5705,253577,466601,14453889000,1,0,57000
SR205,20220218,20220218,112549000,11:25:49,5705,253580,466600,14454060000,3,-1,171000
SR205,20220218,20220218,112549500,11:25:49,5705,253581,466600,14454117000,1,0,57000
SR205,20220218,20220218,112550000,11:25:50,5705,253581,466600,14454117000,0,0,0
SR205,20220218,20220218,112551000,11:25:51,5705,253581,466600,14454117000,0,0,0
SR205,20220218,20220218,112552000,11:25:52,5706,253592,466611,14454744000,11,11,627000
SR205,20220218,20220218,112555000,11:25:55,5706,253598,466610,14455086000,6,-1,342000
SR205,20220218,20220218,112556500,11:25:57,5705,253599,466610,14455143000,1,0,57000
SR205,20220218,20220218,112558000,11:25:59,5705,253599,466610,14455143000,0,0,0
SR205,20220218,20220218,112558500,11:25:59,5705,253599,466610,14455143000,0,0,0
SR205,20220218,20220218,112559000,11:26:00,5705,253601,466612,14455257000,2,2,114000
SR205,20220218,20220218,112559500,11:26:00,5705,253604,466611,14455428000,3,-1,171000
SR205,20220218,20220218,112600000,11:26:00,5705,253604,466611,14455428000,0,0,0
SR205,20220218,20220218,112600500,11:26:01,5705,253606,466610,14455542000,2,-1,114000
SR205,20220218,20220218,112601000,11:26:01,5705,253607,466610,14455599000,1,0,57000
SR205,20220218,20220218,112601500,11:26:01,5705,253609,466610,14455713000,2,0,114000
SR205,20220218,20220218,112602000,11:26:03,5705,253610,466610,14455770000,1,0,57000
SR205,20220218,20220218,112602500,11:26:03,5705,253611,466609,14455827000,1,-1,57000
SR205,20220218,20220218,112604500,11:26:05,5705,253613,466608,14455941000,2,-1,114000
SR205,20220218,20220218,112605000,11:26:05,5705,253613,466608,14455941000,0,0,0
SR205,20220218,20220218,112605500,11:26:06,5705,253614,466608,14455998000,1,0,57000
SR205,20220218,20220218,112606500,11:26:07,5705,253617,466605,14456169000,3,-3,171000
SR205,20220218,20220218,112607500,11:26:09,5705,253617,466605,14456169000,0,0,0
SR205,20220218,20220218,112609000,11:26:10,5705,253623,466604,14456511000,6,-1,342000
SR205,20220218,20220218,112609500,11:26:10,5705,253623,466604,14456511000,0,0,0
SR205,20220218,20220218,112610000,11:26:10,5705,253625,466603,14456625000,2,-1,114000
SR205,20220218,20220218,112610500,11:26:11,5705,253627,466602,14456739000,2,-1,114000
SR205,20220218,20220218,112611000,11:26:11,5705,253627,466602,14456739000,0,0,0
SR205,20220218,20220218,112611500,11:26:13,5705,253627,466602,14456739000,0,0,0
SR205,20220218,20220218,112612000,11:26:14,5705,253627,466602,14456739000,0,0,0
SR205,20220218,20220218,112614000,11:26:15,5705,253627,466602,14456739000,0,0,0
SR205,20220218,20220218,112614500,11:26:15,5705,253628,466603,14456796000,1,1,57000
SR205,20220218,20220218,112617000,11:26:17,5705,253629,466603,14456853000,1,0,57000
SR205,20220218,20220218,112619500,11:26:20,5705,253631,466603,14456967000,2,0,114000
SR205,20220218,20220218,112620000,11:26:20,5706,253633,466603,14457081000,2,0,114000
SR205,20220218,20220218,112621000,11:26:21,5705,253634,466603,14457138000,1,0,57000
SR205,20220218,20220218,112622500,11:26:23,5705,253635,466602,14457195000,1,-1,57000
SR205,20220218,20220218,112623000,11:26:23,5706,253640,466602,14457480000,5,0,285000
SR205,20220218,20220218,112623500,11:26:23,5706,253777,466656,14465289000,137,54,7809000
SR205,20220218,20220218,112624000,11:26:24,5706,253858,466690,14469906000,81,34,4617000
SR205,20220218,20220218,112624500,11:26:24,5706,253859,466690,14469963000,1,0,57000
SR205,20220218,20220218,112625000,11:26:25,5707,253863,466690,14470191000,4,0,228000
SR205,20220218,20220218,112625500,11:26:25,5707,253863,466690,14470191000,0,0,0
SR205,20220218,20220218,112626000,11:26:26,5707,253863,466690,14470191000,0,0,0
SR205,20220218,20220218,112626500,11:26:26,5706,253864,466690,14470248000,1,0,57000
SR205,20220218,20220218,112627000,11:26:27,5706,253864,466690,14470248000,0,0,0
SR205,20220218,20220218,112627500,11:26:27,5706,253865,466691,14470305000,1,1,57000
SR205,20220218,20220218,112628500,11:26:28,5707,253868,466694,14470476000,3,3,171000
SR205,20220218,20220218,112629000,11:26:29,5707,253868,466694,14470476000,0,0,0
SR205,20220218,20220218,112630000,11:26:31,5706,253869,466693,14470533000,1,-1,57000
SR205,20220218,20220218,112630500,11:26:31,5707,253870,466694,14470590000,1,1,57000
SR205,20220218,20220218,112631000,11:26:31,5707,253870,466694,14470590000,0,0,0
SR205,20220218,20220218,112632000,11:26:32,5707,253871,466695,14470647000,1,1,57000
SR205,20220218,20220218,112632500,11:26:32,5706,253872,466694,14470704000,1,-1,57000
SR205,20220218,20220218,112633000,11:26:33,5707,253874,466694,14470818000,2,0,114000
SR205,20220218,20220218,112633500,11:26:34,5707,253875,466695,14470875000,1,1,57000
SR205,20220218,20220218,112634000,11:26:34,5706,253876,466694,14470932000,1,-1,57000
SR205,20220218,20220218,112635000,11:26:37,5706,253994,466658,14477658000,118,-36,6726000
SR205,20220218,20220218,112635500,11:26:38,5706,253994,466658,14477658000,0,0,0
SR205,20220218,20220218,112636000,11:26:38,5706,253994,466658,14477658000,0,0,0
SR205,20220218,20220218,112637000,11:26:38,5706,253994,466658,14477658000,0,0,0
SR205,20220218,20220218,112638000,11:27:10,5706,253995,466657,14477715000,1,-1,57000
SR205,20220218,20220218,112638500,11:27:10,5706,253995,466657,14477715000,0,0,0
SR205,20220218,20220218,112653500,11:27:10,5706,253995,466657,14477715000,0,0,0
SR205,20220218,20220218,112654000,11:27:12,5706,254069,466601,14481933000,74,-56,4218000
SR205,20220218,20220218,112710000,11:27:12,5706,254069,466601,14481933000,0,0,0
SR205,20220218,20220218,112710500,11:27:12,5705,254318,466563,14496126000,249,-38,14193000
SR205,20220218,20220218,112712000,11:27:12,5705,254318,466563,14496126000,0,0,0
SR205,20220218,20220218,112712500,11:27:13,5705,254321,466561,14496297000,3,-2,171000
SR205,20220218,20220218,112713000,11:27:13,5705,254321,466561,14496297000,0,0,0
SR205,20220218,20220218,112713500,11:27:14,5705,254321,466561,14496297000,0,0,0
SR205,20220218,20220218,112714000,11:27:15,5705,254326,466561,14496582000,5,0,285000
SR205,20220218,20220218,112714500,11:27:15,5706,254327,466560,14496639000,1,-1,57000
SR205,20220218,20220218,112715000,11:27:15,5706,254327,466560,14496639000,0,0,0
SR205,20220218,20220218,112716000,11:27:17,5706,254327,466560,14496639000,0,0,0
SR205,20220218,20220218,112716500,11:27:17,5706,254328,466560,14496696000,1,0,57000
SR205,20220218,20220218,112717500,11:27:17,5706,254328,466560,14496696000,0,0,0
SR205,20220218,20220218,112719000,11:27:19,5706,254328,466560,14496696000,0,0,0
SR205,20220218,20220218,112719500,11:27:20,5705,254330,466560,14496810000,2,0,114000
SR205,20220218,20220218,112720000,11:27:20,5705,254330,466560,14496810000,0,0,0
SR205,20220218,20220218,112720500,11:27:21,5705,254330,466560,14496810000,0,0,0
SR205,20220218,20220218,112722500,11:27:26,5706,254333,466557,14496981000,3,-3,171000
SR205,20220218,20220218,112723500,11:27:27,5706,254333,466557,14496981000,0,0,0
SR205,20220218,20220218,112726000,11:27:27,5706,254334,466556,14497038000,1,-1,57000
SR205,20220218,20220218,112727500,11:27:27,5706,254334,466556,14497038000,0,0,0
SR205,20220218,20220218,112728000,11:27:28,5706,254334,466556,14497038000,0,0,0
SR205,20220218,20220218,112731000,11:27:32,5706,254335,466556,14497095000,1,0,57000
SR205,20220218,20220218,112731500,11:27:35,5706,254335,466556,14497095000,0,0,0
SR205,20220218,20220218,112735000,11:27:36,5706,254344,466552,14497608000,9,-4,513000
SR205,20220218,20220218,112736500,11:27:38,5706,254345,466552,14497665000,1,0,57000
SR205,20220218,20220218,112737000,11:27:38,5706,254347,466553,14497779000,2,1,114000
SR205,20220218,20220218,112737500,11:27:38,5705,254357,466547,14498349000,10,-6,570000
SR205,20220218,20220218,112738000,11:27:38,5706,254358,466547,14498406000,1,0,57000
SR205,20220218,20220218,112739000,11:27:39,5706,254358,466547,14498406000,0,0,0
SR205,20220218,20220218,112740000,11:27:40,5706,254359,466547,14498463000,1,0,57000
SR205,20220218,20220218,112741000,11:27:41,5706,254359,466547,14498463000,0,0,0
SR205,20220218,20220218,112743000,11:27:43,5706,254359,466547,14498463000,0,0,0
SR205,20220218,20220218,112744500,11:27:45,5706,254360,466547,14498520000,1,0,57000
SR205,20220218,20220218,112745000,11:27:46,5706,254360,466547,14498520000,0,0,0
SR205,20220218,20220218,112748000,11:27:53,5706,254360,466547,14498520000,0,0,0
SR205,20220218,20220218,112749500,11:27:54,5706,254360,466547,14498520000,0,0,0
SR205,20220218,20220218,112753500,11:27:54,5706,254360,466547,14498520000,0,0,0
SR205,20220218,20220218,112755000,11:27:55,5706,254360,466547,14498520000,0,0,0
SR205,20220218,20220218,112755500,11:27:55,5705,254363,466545,14498691000,3,-2,171000
SR205,20220218,20220218,112756500,11:27:56,5705,254368,466545,14498976000,5,0,285000
SR205,20220218,20220218,112757000,11:27:57,5705,254368,466545,14498976000,0,0,0
SR205,20220218,20220218,112757500,11:27:57,5706,254369,466545,14499033000,1,0,57000
SR205,20220218,20220218,112758000,11:27:58,5706,254369,466545,14499033000,0,0,0
SR205,20220218,20220218,112758500,11:27:59,5706,254369,466545,14499033000,0,0,0
SR205,20220218,20220218,112759000,11:27:59,5706,254369,466545,14499033000,0,0,0
SR205,20220218,20220218,112759500,11:27:59,5705,254370,466546,14499090000,1,1,57000
SR205,20220218,20220218,112802000,11:28:03,5705,254370,466546,14499090000,0,0,0
SR205,20220218,20220218,112802500,11:28:03,5706,254380,466543,14499660000,10,-3,570000
SR205,20220218,20220218,112803500,11:28:04,5706,254380,466543,14499660000,0,0,0
SR205,20220218,20220218,112804000,11:28:05,5706,254381,466544,14499717000,1,1,57000
SR205,20220218,20220218,112805500,11:28:06,5705,254382,466545,14499774000,1,1,57000
SR205,20220218,20220218,112806000,11:28:10,5705,254382,466545,14499774000,0,0,0
SR205,20220218,20220218,112807000,11:28:10,5705,254382,466545,14499774000,0,0,0
SR205,20220218,20220218,112807500,11:28:11,5705,254382,466545,14499774000,0,0,0
SR205,20220218,20220218,112810000,11:28:11,5705,254382,466545,14499774000,0,0,0
SR205,20220218,20220218,112810500,11:28:11,5705,254382,466545,14499774000,0,0,0
SR205,20220218,20220218,112811000,11:28:12,5705,254389,466546,14500173000,7,1,399000
SR205,20220218,20220218,112812000,11:28:12,5705,254391,466546,14500287000,2,0,114000
SR205,20220218,20220218,112813000,11:28:13,5705,254394,466546,14500458000,3,0,171000
SR205,20220218,20220218,112814000,11:28:14,5705,254394,466546,14500458000,0,0,0
SR205,20220218,20220218,112814500,11:28:14,5705,254396,466548,14500572000,2,2,114000
SR205,20220218,20220218,112815000,11:28:15,5705,254397,466548,14500629000,1,0,57000
SR205,20220218,20220218,112815500,11:28:15,5705,254398,466549,14500686000,1,1,57000
SR205,20220218,20220218,112816500,11:28:16,5705,254398,466549,14500686000,0,0,0
SR205,20220218,20220218,112817000,11:28:17,5705,254410,466549,14501370000,12,0,684000
SR205,20220218,20220218,112817500,11:28:17,5705,254410,466549,14501370000,0,0,0
SR205,20220218,20220218,112819000,11:28:19,5705,254411,466550,14501427000,1,1,57000
SR205,20220218,20220218,112820500,11:28:20,5705,254411,466550,14501427000,0,0,0
SR205,20220218,20220218,112821000,11:28:21,5706,254413,466549,14501541000,2,-1,114000
SR205,20220218,20220218,112821500,11:28:22,5706,254413,466549,14501541000,0,0,0
SR205,20220218,20220218,112822000,11:28:22,5706,254414,466548,14501598000,1,-1,57000
SR205,20220218,20220218,112823000,11:28:23,5705,254420,466548,14501940000,6,0,342000
SR205,20220218,20220218,112823500,11:28:23,5705,254421,466549,14501997000,1,1,57000
SR205,20220218,20220218,112824000,11:28:24,5705,254421,466549,14501997000,0,0,0
SR205,20220218,20220218,112824500,11:28:24,5706,254424,466549,14502168000,3,0,171000
SR205,20220218,20220218,112825500,11:28:25,5706,254424,466549,14502168000,0,0,0
SR205,20220218,20220218,112828000,11:28:28,5705,254425,466549,14502225000,1,0,57000
SR205,20220218,20220218,112828500,11:28:28,5706,254435,466547,14502795000,10,-2,570000
SR205,20220218,20220218,112831000,11:28:31,5706,254436,466546,14502852000,1,-1,57000
SR205,20220218,20220218,112831500,11:28:31,5705,254442,466541,14503194000,6,-5,342000
SR205,20220218,20220218,112832000,11:28:32,5705,254442,466541,14503194000,0,0,0
SR205,20220218,20220218,112832500,11:28:33,5706,254443,466540,14503251000,1,-1,57000
SR205,20220218,20220218,112833000,11:28:33,5706,254444,466539,14503308000,1,-1,57000
SR205,20220218,20220218,112833500,11:28:34,5705,254448,466538,14503536000,4,-1,228000
SR205,20220218,20220218,112834000,11:28:34,5705,254448,466538,14503536000,0,0,0
SR205,20220218,20220218,112834500,11:28:34,5705,254448,466538,14503536000,0,0,0
SR205,20220218,20220218,112835500,11:28:37,5705,254449,466537,14503593000,1,-1,57000
SR205,20220218,20220218,112836000,11:28:37,5705,254449,466537,14503593000,0,0,0
SR205,20220218,20220218,112836500,11:28:37,5705,254450,466537,14503650000,1,0,57000
SR205,20220218,20220218,112837000,11:28:37,5706,254454,466535,14503878000,4,-2,228000
SR205,20220218,20220218,112838000,11:28:38,5706,254454,466535,14503878000,0,0,0
SR205,20220218,20220218,112838500,11:28:38,5705,254464,466530,14504448000,10,-5,570000
SR205,20220218,20220218,112839500,11:28:40,5705,254464,466530,14504448000,0,0,0
SR205,20220218,20220218,112840000,11:28:40,5705,254464,466530,14504448000,0,0,0
SR205,20220218,20220218,112842000,11:28:42,5706,254468,466530,14504676000,4,0,228000
SR205,20220218,20220218,112844500,11:28:45,5706,254468,466530,14504676000,0,0,0
SR205,20220218,20220218,112845500,11:28:45,5706,254473,466526,14504961000,5,-4,285000
SR205,20220218,20220218,112846000,11:28:46,5705,254478,466521,14505246000,5,-5,285000
SR205,20220218,20220218,112846500,11:28:46,5705,254479,466521,14505303000,1,0,57000
SR205,20220218,20220218,112847500,11:28:48,5705,254480,466520,14505360000,1,-1,57000
SR205,20220218,20220218,112848500,11:28:48,5705,254480,466520,14505360000,0,0,0
SR205,20220218,20220218,112849000,11:28:49,5706,254488,466520,14505816000,8,0,456000
SR205,20220218,20220218,112851000,11:28:51,5706,254488,466520,14505816000,0,0,0
SR205,20220218,20220218,112851500,11:28:51,5705,254489,466520,14505873000,1,0,57000
SR205,20220218,20220218,112852000,11:28:53,5705,254490,466520,14505930000,1,0,57000
SR205,20220218,20220218,112853000,11:28:54,5706,254491,466519,14505987000,1,-1,57000
SR205,20220218,20220218,112854500,11:28:54,5706,254493,466519,14506101000,2,0,114000
SR205,20220218,20220218,112855000,11:28:55,5705,254494,466519,14506158000,1,0,57000
SR205,20220218,20220218,112856000,11:28:56,5706,254504,466519,14506728000,10,0,570000
SR205,20220218,20220218,112857000,11:28:57,5706,254504,466519,14506728000,0,0,0
SR205,20220218,20220218,112859000,11:28:59,5705,254505,466518,14506785000,1,-1,57000
SR205,20220218,20220218,112900500,11:29:01,5705,254507,466516,14506899000,2,-2,114000
SR205,20220218,20220218,112901000,11:29:01,5705,254511,466512,14507127000,4,-4,228000
SR205,20220218,20220218,112902000,11:29:02,5705,254512,466511,14507184000,1,-1,57000
SR205,20220218,20220218,112902500,11:29:03,5706,254513,466511,14507241000,1,0,57000
SR205,20220218,20220218,112903000,11:29:03,5706,254522,466503,14507754000,9,-8,513000
SR205,20220218,20220218,112903500,11:29:04,5706,254522,466503,14507754000,0,0,0
SR205,20220218,20220218,112904000,11:29:04,5706,254522,466503,14507754000,0,0,0
SR205,20220218,20220218,112904500,11:29:04,5705,254524,466502,14507868000,2,-1,114000
SR205,20220218,20220218,112905000,11:29:05,5705,254524,466502,14507868000,0,0,0
SR205,20220218,20220218,112905500,11:29:06,5706,254526,466503,14507982000,2,1,114000
SR205,20220218,20220218,112906000,11:29:06,5705,254527,466503,14508039000,1,0,57000
SR205,20220218,20220218,112907500,11:29:08,5705,254528,466503,14508096000,1,0,57000
SR205,20220218,20220218,112908500,11:29:08,5705,254533,466504,14508381000,5,1,285000
SR205,20220218,20220218,112909500,11:29:09,5705,254536,466506,14508552000,3,2,171000
SR205,20220218,20220218,112910000,11:29:10,5705,254556,466507,14509692000,20,1,1140000
SR205,20220218,20220218,112910500,11:29:10,5705,254556,466507,14509692000,0,0,0
SR205,20220218,20220218,112911000,11:29:11,5705,254558,466505,14509806000,2,-2,114000
SR205,20220218,20220218,112913000,11:29:13,5705,254558,466505,14509806000,0,0,0
SR205,20220218,20220218,112913500,11:29:14,5705,254559,466505,14509863000,1,0,57000
SR205,20220218,20220218,112914500,11:29:15,5705,254565,466499,14510205000,6,-6,342000
SR205,20220218,20220218,112915000,11:29:15,5705,254568,466501,14510376000,3,2,171000
SR205,20220218,20220218,112915500,11:29:16,5706,254569,466501,14510433000,1,0,57000
SR205,20220218,20220218,112916000,11:29:16,5705,254572,466504,14510604000,3,3,171000
SR205,20220218,20220218,112917000,11:29:20,5705,254578,466510,14510946000,6,6,342000
SR205,20220218,20220218,112917500,11:29:21,5705,254590,466511,14511630000,12,1,684000
SR205,20220218,20220218,112918000,11:29:21,5705,254594,466514,14511858000,4,3,228000
SR205,20220218,20220218,112920000,11:29:21,5705,254597,466517,14512029000,3,3,171000
SR205,20220218,20220218,112922000,11:29:24,5705,254598,466517,14512086000,1,0,57000
SR205,20220218,20220218,112922500,11:29:24,5705,254598,466517,14512086000,0,0,0
SR205,20220218,20220218,112923000,11:29:24,5705,254599,466517,14512143000,1,0,57000
SR205,20220218,20220218,112924500,11:29:24,5705,254599,466517,14512143000,0,0,0
SR205,20220218,20220218,112925000,11:29:25,5705,254599,466517,14512143000,0,0,0
SR205,20220218,20220218,112925500,11:29:25,5705,254604,466515,14512428000,5,-2,285000
SR205,20220218,20220218,112926500,11:29:26,5705,254604,466515,14512428000,0,0,0
SR205,20220218,20220218,112927500,11:29:27,5706,254605,466515,14512485000,1,0,57000
SR205,20220218,20220218,112928500,11:29:28,5706,254605,466515,14512485000,0,0,0
SR205,20220218,20220218,112929000,11:29:29,5706,254605,466515,14512485000,0,0,0
SR205,20220218,20220218,112929500,11:29:30,5705,254606,466516,14512542000,1,1,57000
SR205,20220218,20220218,112930000,11:29:30,5705,254607,466516,14512599000,1,0,57000
SR205,20220218,20220218,112930500,11:29:31,5705,254607,466516,14512599000,0,0,0
SR205,20220218,20220218,112931000,11:29:32,5705,254682,466530,14516874000,75,14,4275000
SR205,20220218,20220218,112931500,11:29:32,5704,254683,466530,14516931000,1,0,57000
SR205,20220218,20220218,112932000,11:29:36,5704,254686,466530,14517102000,3,0,171000
SR205,20220218,20220218,112932500,11:29:36,5704,254686,466530,14517102000,0,0,0
SR205,20220218,20220218,112933000,11:29:37,5704,254687,466530,14517159000,1,0,57000
SR205,20220218,20220218,112933500,11:29:38,5705,254688,466529,14517216000,1,-1,57000
SR205,20220218,20220218,112936500,11:29:38,5705,254688,466529,14517216000,0,0,0
SR205,20220218,20220218,112937000,11:29:38,5705,254734,466516,14519838000,46,-13,2622000
SR205,20220218,20220218,112937500,11:29:38,5704,254735,466515,14519895000,1,-1,57000
SR205,20220218,20220218,112938000,11:29:38,5704,254736,466515,14519952000,1,0,57000
SR205,20220218,20220218,112939000,11:29:39,5704,254736,466515,14519952000,0,0,0
SR205,20220218,20220218,112939500,11:29:40,5704,254738,466513,14520066000,2,-2,114000
SR205,20220218,20220218,112940000,11:29:40,5704,254738,466513,14520066000,0,0,0
SR205,20220218,20220218,112941000,11:29:41,5704,254743,466510,14520351000,5,-3,285000
SR205,20220218,20220218,112942000,11:29:43,5705,254748,466508,14520636000,5,-2,285000
SR205,20220218,20220218,112942500,11:29:44,5704,254751,466505,14520807000,3,-3,171000
SR205,20220218,20220218,112943000,11:29:45,5704,254773,466483,14522061000,22,-22,1254000
SR205,20220218,20220218,112943500,11:29:45,5705,254777,466483,14522289000,4,0,228000
SR205,20220218,20220218,112944500,11:29:45,5705,254778,466483,14522346000,1,0,57000
SR205,20220218,20220218,112945000,11:29:46,5704,254779,466482,14522403000,1,-1,57000
SR205,20220218,20220218,112945500,11:29:46,5704,254780,466481,14522460000,1,-1,57000
SR205,20220218,20220218,112946000,11:29:46,5704,254783,466481,14522631000,3,0,171000
SR205,20220218,20220218,112946500,11:29:47,5704,254786,466481,14522802000,3,0,171000
SR205,20220218,20220218,112948000,11:29:49,5705,254788,466479,14522916000,2,-2,114000
SR205,20220218,20220218,112948500,11:29:49,5704,254791,466480,14523087000,3,1,171000
SR205,20220218,20220218,112949000,11:29:50,5704,254791,466480,14523087000,0,0,0
SR205,20220218,20220218,112949500,11:29:50,5704,254792,466480,14523144000,1,0,57000
SR205,20220218,20220218,112950000,11:29:51,5704,254793,466480,14523201000,1,0,57000
SR205,20220218,20220218,112950500,11:29:51,5704,254810,466480,14524170000,17,0,969000
SR205,20220218,20220218,112951500,11:29:52,5705,254822,466480,14524854000,12,0,684000
SR205,20220218,20220218,112952000,11:29:52,5704,254823,466480,14524911000,1,0,57000
SR205,20220218,20220218,112952500,11:29:53,5704,254823,466480,14524911000,0,0,0
SR205,20220218,20220218,112953000,11:29:54,5704,254824,466481,14524968000,1,1,57000
SR205,20220218,20220218,112953500,11:29:54,5704,254824,466481,14524968000,0,0,0
SR205,20220218,20220218,112954000,11:29:54,5704,254829,466481,14525253000,5,0,285000
SR205,20220218,20220218,112954500,11:29:54,5704,254844,466473,14526108000,15,-8,855000
SR205,20220218,20220218,112955000,11:29:55,5704,254856,466470,14526792000,12,-3,684000
SR205,20220218,20220218,112955500,11:29:56,5704,254915,466511,14530155000,59,41,3363000
SR205,20220218,20220218,112956000,11:29:56,5704,254922,466512,14530554000,7,1,399000
SR205,20220218,20220218,112956500,11:30:00,5704,254925,466510,14530725000,3,-2,171000
SR205,20220218,20220218,112957000,11:30:00,5704,254929,466507,14530953000,4,-3,228000
SR205,20220218,20220218,112957500,11:30:02,5704,254929,466507,14530953000,0,0,0
SR205,20220218,20220218,112959000,11:30:02,5704,254929,466507,14530953000,0,0,0
SR205,20220218,20220218,113000000,11:30:03,5704,254941,466502,14531637000,12,-5,684000
SR205,20220218,20220218,113000500,11:30:03,5704,254941,466502,14531637000,0,0,0
SR205,20220218,20220218,133001000,13:30:01,5704,254957,466506,14532549000,16,4,912000
SR205,20220218,20220218,133001500,13:30:02,5704,254962,466507,14532834000,5,1,285000
SR205,20220218,20220218,133002000,13:30:08,5703,254989,466522,14534373000,27,15,1539000
SR205,20220218,20220218,133002500,13:30:10,5704,254994,466523,14534658000,5,1,285000
SR205,20220218,20220218,133008000,13:30:10,5705,255076,466520,14539332000,82,-3,4674000
SR205,20220218,20220218,133009500,13:30:10,5705,255076,466520,14539332000,0,0,0
SR205,20220218,20220218,133011000,13:30:13,5705,255076,466520,14539332000,0,0,0
SR205,20220218,20220218,133012500,13:30:13,5705,255076,466520,14539332000,0,0,0
SR205,20220218,20220218,133013500,13:30:14,5704,255118,466535,14541726000,42,15,2394000
SR205,20220218,20220218,133014000,13:30:15,5704,255119,466535,14541783000,1,0,57000
SR205,20220218,20220218,133014500,13:30:16,5704,255119,466535,14541783000,0,0,0
SR205,20220218,20220218,133015000,13:30:17,5704,255119,466535,14541783000,0,0,0
SR205,20220218,20220218,133016500,13:30:18,5703,255367,466678,14555919000,248,143,14136000
SR205,20220218,20220218,133017000,13:30:18,5703,255367,466678,14555919000,0,0,0
SR205,20220218,20220218,133017500,13:30:18,5703,255367,466678,14555919000,0,0,0
SR205,20220218,20220218,133018000,13:30:19,5703,255376,466683,14556432000,9,5,513000
SR205,20220218,20220218,133018500,13:30:20,5703,255383,466682,14556831000,7,-1,399000
SR205,20220218,20220218,133019000,13:30:20,5703,255389,466682,14557173000,6,0,342000
SR205,20220218,20220218,133019500,13:30:20,5703,255389,466682,14557173000,0,0,0
SR205,20220218,20220218,133020000,13:30:21,5702,255395,466687,14557515000,6,5,342000
SR205,20220218,20220218,133020500,13:30:21,5702,255408,466683,14558256000,13,-4,741000
SR205,20220218,20220218,133021000,13:30:21,5702,255409,466682,14558313000,1,-1,57000
SR205,20220218,20220218,133021500,13:30:22,5702,255409,466682,14558313000,0,0,0
SR205,20220218,20220218,133022000,13:30:38,5702,255411,466682,14558427000,2,0,114000
SR205,20220218,20220218,133022500,13:30:38,5702,255412,466681,14558484000,1,-1,57000
SR205,20220218,20220218,133023000,13:30:40,5702,255417,466677,14558769000,5,-4,285000
SR205,20220218,20220218,133038000,13:30:40,5702,255417,466677,14558769000,0,0,0
SR205,20220218,20220218,133038500,13:30:42,5702,255417,466677,14558769000,0,0,0
SR205,20220218,20220218,133040500,13:30:42,5703,255560,466639,14566920000,143,-38,8151000
SR205,20220218,20220218,133041000,13:30:43,5703,255560,466639,14566920000,0,0,0
SR205,20220218,20220218,133042500,13:30:44,5704,255569,466645,14567433000,9,6,513000
SR205,20220218,20220218,133043000,13:30:44,5703,255570,466644,14567490000,1,-1,57000
SR205,20220218,20220218,133043500,13:30:45,5703,255570,466644,14567490000,0,0,0
SR205,20220218,20220218,133044500,13:30:46,5703,255571,466645,14567547000,1,1,57000
SR205,20220218,20220218,133045000,13:30:46,5703,255572,466645,14567604000,1,0,57000
SR205,20220218,20220218,133045500,13:30:47,5703,255572,466645,14567604000,0,0,0
SR205,20220218,20220218,133046000,13:30:47,5703,255572,466645,14567604000,0,0,0
SR205,20220218,20220218,133046500,13:30:47,5703,255579,466641,14568003000,7,-4,399000
SR205,20220218,20220218,133047000,13:30:48,5703,255580,466640,14568060000,1,-1,57000
SR205,20220218,20220218,133047500,13:30:48,5703,255581,466640,14568117000,1,0,57000
SR205,20220218,20220218,133048000,13:30:49,5703,255581,466640,14568117000,0,0,0
SR205,20220218,20220218,133049500,13:30:50,5703,255583,466640,14568231000,2,0,114000
SR205,20220218,20220218,133050500,13:30:51,5704,255584,466640,14568288000,1,0,57000
SR205,20220218,20220218,133051000,13:30:52,5703,255585,466641,14568345000,1,1,57000
SR205,20220218,20220218,133051500,13:30:52,5703,255585,466641,14568345000,0,0,0
SR205,20220218,20220218,133052000,13:30:53,5704,255586,466640,14568402000,1,-1,57000
SR205,20220218,20220218,133052500,13:30:53,5703,255587,466640,14568459000,1,0,57000
SR205,20220218,20220218,133053500,13:30:54,5703,255587,466640,14568459000,0,0,0
SR205,20220218,20220218,133054000,13:30:54,5703,255587,466640,14568459000,0,0,0
SR205,20220218,20220218,133054500,13:30:55,5704,255588,466640,14568516000,1,0,57000
SR205,20220218,20220218,133056500,13:30:57,5704,255588,466640,14568516000,0,0,0
SR205,20220218,20220218,133057000,13:30:58,5703,255597,466642,14569029000,9,2,513000
SR205,20220218,20220218,133057500,13:30:58,5704,255599,466641,14569143000,2,-1,114000
SR205,20220218,20220218,133058000,13:30:58,5703,255600,466641,14569200000,1,0,57000
SR205,20220218,20220218,133058500,13:30:59,5703,255601,466641,14569257000,1,0,57000
SR205,20220218,20220218,133059000,13:30:59,5703,255601,466641,14569257000,0,0,0
SR205,20220218,20220218,133100000,13:31:00,5703,255604,466643,14569428000,3,2,171000
SR205,20220218,20220218,133100500,13:31:01,5703,255605,466643,14569485000,1,0,57000
SR205,20220218,20220218,133101000,13:31:01,5704,255612,466644,14569884000,7,1,399000
SR205,20220218,20220218,133101500,13:31:01,5703,255613,466644,14569941000,1,0,57000
SR205,20220218,20220218,133102000,13:31:02,5703,255613,466644,14569941000,0,0,0
SR205,20220218,20220218,133102500,13:31:02,5703,255647,466618,14571879000,34,-26,1938000
SR205,20220218,20220218,133103000,13:31:03,5703,255647,466618,14571879000,0,0,0
SR205,20220218,20220218,133103500,13:31:04,5704,255665,466614,14572905000,18,-4,1026000
SR205,20220218,20220218,133104000,13:31:06,5704,255665,466614,14572905000,0,0,0
SR205,20220218,20220218,133104500,13:31:06,5704,255665,466614,14572905000,0,0,0
SR205,20220218,20220218,133105500,13:31:07,5704,255665,466614,14572905000,0,0,0
SR205,20220218,20220218,133106000,13:31:08,5703,255667,466614,14573019000,2,0,114000
SR205,20220218,20220218,133107000,13:31:08,5704,255669,466614,14573133000,2,0,114000
SR205,20220218,20220218,133108000,13:31:09,5703,255670,466613,14573190000,1,-1,57000
SR205,20220218,20220218,133109000,13:31:09,5704,255672,466611,14573304000,2,-2,114000
SR205,20220218,20220218,133109500,13:31:10,5703,255673,466610,14573361000,1,-1,57000
SR205,20220218,20220218,133110000,13:31:11,5704,255674,466610,14573418000,1,0,57000
SR205,20220218,20220218,133110500,13:31:11,5704,255677,466610,14573589000,3,0,171000
SR205,20220218,20220218,133111000,13:31:11,5704,255677,466610,14573589000,0,0,0
SR205,20220218,20220218,133111500,13:31:12,5703,255683,466609,14573931000,6,-1,342000
SR205,20220218,20220218,133112000,13:31:13,5703,255683,466609,14573931000,0,0,0
SR205,20220218,20220218,133112500,13:31:13,5704,255692,466608,14574444000,9,-1,513000
SR205,20220218,20220218,133113000,13:31:13,5704,255693,466608,14574501000,1,0,57000
SR205,20220218,20220218,133113500,13:31:14,5703,255694,466607,14574558000,1,-1,57000
SR205,20220218,20220218,133114000,13:31:15,5704,255779,466596,14579403000,85,-11,4845000
SR205,20220218,20220218,133114500,13:31:15,5704,255779,466596,14579403000,0,0,0
SR205,20220218,20220218,133115000,13:31:15,5704,255780,466596,14579460000,1,0,57000
SR205,20220218,20220218,133115500,13:31:15,5704,255781,466595,14579517000,1,-1,57000
SR205,20220218,20220218,133116000,13:31:16,5704,255785,466595,14579745000,4,0,228000
SR205,20220218,20220218,133116500,13:31:17,5704,255785,466595,14579745000,0,0,0
SR205,20220218,20220218,133117000,13:31:18,5704,255785,466595,14579745000,0,0,0
SR205,20220218,20220218,133117500,13:31:18,5704,255785,466595,14579745000,0,0,0
SR205,20220218,20220218,133118000,13:31:19,5704,255786,466594,14579802000,1,-1,57000
SR205,20220218,20220218,133118500,13:31:19,5704,255788,466592,14579916000,2,-2,114000
SR205,20220218,20220218,133119000,13:31:19,5704,255790,466590,14580030000,2,-2,114000
SR205,20220218,20220218,133119500,13:31:20,5704,255791,466589,14580087000,1,-1,57000
SR205,20220218,20220218,133120000,13:31:20,5705,255794,466589,14580258000,3,0,171000
SR205,20220218,20220218,133120500,13:31:21,5704,255795,466588,14580315000,1,-1,57000
SR205,20220218,20220218,133121000,13:31:21,5704,255795,466588,14580315000,0,0,0
SR205,20220218,20220218,133121500,13:31:22,5704,255796,466587,14580372000,1,-1,57000
SR205,20220218,20220218,133122000,13:31:22,5705,255797,466587,14580429000,1,0,57000
SR205,20220218,20220218,133122500,13:31:25,5704,255802,466585,14580714000,5,-2,285000
SR205,20220218,20220218,133123000,13:31:25,5705,255803,466585,14580771000,1,0,57000
SR205,20220218,20220218,133123500,13:31:25,5705,255803,466585,14580771000,0,0,0
SR205,20220218,20220218,133124000,13:31:25,5705,255858,466547,14583906000,55,-38,3135000
SR205,20220218,20220218,133124500,13:31:25,5705,255859,466547,14583963000,1,0,57000
SR205,20220218,20220218,133156000,13:31:56,5705,255947,466565,14588979000,88,18,5016000
SR205,20220218,20220218,133158500,13:31:58,5705,255947,466565,14588979000,0,0,0
SR205,20220218,20220218,133200000,13:32:01,5707,256694,466497,14631558000,747,-68,42579000
SR205,20220218,20220218,133200500,13:32:01,5707,256696,466495,14631672000,2,-2,114000
SR205,20220218,20220218,133201000,13:32:01,5707,256706,466495,14632242000,10,0,570000
SR205,20220218,20220218,133201500,13:32:01,5708,256710,466492,14632470000,4,-3,228000
SR205,20220218,20220218,133202000,13:32:03,5707,256715,466492,14632755000,5,0,285000
SR205,20220218,20220218,133202500,13:32:04,5707,256719,466493,14632983000,4,1,228000
SR205,20220218,20220218,133203000,13:32:05,5707,256726,466494,14633382000,7,1,399000
SR205,20220218,20220218,133203500,13:32:05,5708,256727,466493,14633439000,1,-1,57000
SR205,20220218,20220218,133204000,13:32:05,5708,256727,466493,14633439000,0,0,0
SR205,20220218,20220218,133205000,13:32:05,5708,256727,466493,14633439000,0,0,0
SR205,20220218,20220218,133205500,13:32:06,5708,256734,466493,14633838000,7,0,399000
SR205,20220218,20220218,133206000,13:32:07,5708,256737,466492,14634009000,3,-1,171000
SR205,20220218,20220218,133206500,13:32:07,5707,256739,466493,14634123000,2,1,114000
SR205,20220218,20220218,133207000,13:32:07,5707,256739,466493,14634123000,0,0,0
SR205,20220218,20220218,133207500,13:32:07,5707,256740,466494,14634180000,1,1,57000
SR205,20220218,20220218,133208000,13:32:09,5708,257078,466670,14653446000,338,176,19266000
SR205,20220218,20220218,133208500,13:32:10,5709,257083,466668,14653731000,5,-2,285000
SR205,20220218,20220218,133209000,13:32:10,5708,257107,466659,14655099000,24,-9,1368000
SR205,20220218,20220218,133209500,13:32:10,5708,257144,466651,14657208000,37,-8,2109000
SR205,20220218,20220218,133210000,13:32:11,5708,257148,466653,14657436000,4,2,228000
SR205,20220218,20220218,133210500,13:32:13,5708,257151,466656,14657607000,3,3,171000
SR205,20220218,20220218,133211000,13:32:14,5708,257153,466656,14657721000,2,0,114000
SR205,20220218,20220218,133213000,13:32:15,5708,257272,466624,14664504000,119,-32,6783000
SR205,20220218,20220218,133214000,13:32:15,5708,257307,466612,14666499000,35,-12,1995000
SR205,20220218,20220218,133214500,13:32:16,5707,257308,466613,14666556000,1,1,57000
SR205,20220218,20220218,133215000,13:32:16,5707,257308,466613,14666556000,0,0,0
SR205,20220218,20220218,133216000,13:32:17,5707,257310,466613,14666670000,2,0,114000
SR205,20220218,20220218,133216500,13:32:17,5708,257320,466613,14667240000,10,0,570000
SR205,20220218,20220218,133217000,13:32:17,5708,257320,466613,14667240000,0,0,0
SR205,20220218,20220218,133217500,13:32:18,5708,257321,466612,14667297000,1,-1,57000
SR205,20220218,20220218,133218000,13:32:18,5708,257325,466611,14667525000,4,-1,228000
SR205,20220218,20220218,133218500,13:32:19,5708,257330,466611,14667810000,5,0,285000
SR205,20220218,20220218,133219500,13:32:20,5708,257332,466611,14667924000,2,0,114000
SR205,20220218,20220218,133220000,13:32:20,5708,257333,466611,14667981000,1,0,57000
SR205,20220218,20220218,133220500,13:32:21,5708,257337,466615,14668209000,4,4,228000
SR205,20220218,20220218,133221000,13:32:21,5708,257338,466615,14668266000,1,0,57000
SR205,20220218,20220218,133221500,13:32:22,5707,257353,466627,14669121000,15,12,855000
SR205,20220218,20220218,133222000,13:32:22,5708,257365,466630,14669805000,12,3,684000
SR205,20220218,20220218,133222500,13:32:23,5708,257366,466629,14669862000,1,-1,57000
SR205,20220218,20220218,133223000,13:32:24,5707,257367,466629,14669919000,1,0,57000
SR205,20220218,20220218,133223500,13:32:24,5708,257370,466630,14670090000,3,1,171000
SR205,20220218,20220218,133224000,13:32:24,5708,257370,466630,14670090000,0,0,0
SR205,20220218,20220218,133224500,13:32:25,5707,257376,466630,14670432000,6,0,342000
SR205,20220218,20220218,133225000,13:32:25,5707,257376,466630,14670432000,0,0,0
SR205,20220218,20220218,133225500,13:32:26,5707,257376,466630,14670432000,0,0,0
SR205,20220218,20220218,133226000,13:32:27,5707,257376,466630,14670432000,0,0,0
SR205,20220218,20220218,133226500,13:32:27,5708,257380,466634,14670660000,4,4,228000
SR205,20220218,20220218,133227500,13:32:28,5708,257382,466635,14670774000,2,1,114000
SR205,20220218,20220218,133228000,13:32:32,5708,257384,466634,14670888000,2,-1,114000
SR205,20220218,20220218,133228500,13:32:32,5708,257386,466634,14671002000,2,0,114000
SR205,20220218,20220218,133229000,13:32:33,5708,257387,466634,14671059000,1,0,57000
SR205,20220218,20220218,133232000,13:32:34,5708,257387,466634,14671059000,0,0,0
SR205,20220218,20220218,133232500,13:32:35,5708,257403,466633,14671971000,16,-1,912000
SR205,20220218,20220218,133234500,13:32:35,5708,257408,466636,14672256000,5,3,285000
SR205,20220218,20220218,133235000,13:32:36,5708,257409,466636,14672313000,1,0,57000
SR205,20220218,20220218,133235500,13:32:36,5708,257409,466636,14672313000,0,0,0
SR205,20220218,20220218,133236000,13:32:37,5708,257409,466636,14672313000,0,0,0
SR205,20220218,20220218,133236500,13:32:37,5707,257413,466639,14672541000,4,3,228000
SR205,20220218,20220218,133237000,13:32:37,5707,257413,466639,14672541000,0,0,0
SR205,20220218,20220218,133237500,13:32:37,5707,257413,466639,14672541000,0,0,0
SR205,20220218,20220218,133238000,13:32:38,5708,257414,466639,14672598000,1,0,57000
SR205,20220218,20220218,133238500,13:32:39,5708,257414,466639,14672598000,0,0,0
SR205,20220218,20220218,133239000,13:32:39,5707,257424,466639,14673168000,10,0,570000
SR205,20220218,20220218,133239500,13:32:40,5707,257424,466639,14673168000,0,0,0
SR205,20220218,20220218,133241000,13:32:41,5707,257424,466639,14673168000,0,0,0
SR205,20220218,20220218,133241500,13:32:42,5707,257424,466639,14673168000,0,0,0
SR205,20220218,20220218,133242000,13:32:42,5708,257426,466639,14673282000,2,0,114000
SR205,20220218,20220218,133242500,13:32:42,5708,257429,466639,14673453000,3,0,171000
SR205,20220218,20220218,133243000,13:32:43,5708,257430,466638,14673510000,1,-1,57000
SR205,20220218,20220218,133244500,13:32:45,5708,257435,466633,14673795000,5,-5,285000
SR205,20220218,20220218,133245000,13:32:45,5708,257439,466633,14674023000,4,0,228000
SR205,20220218,20220218,133245500,13:32:45,5708,257439,466633,14674023000,0,0,0
SR205,20220218,20220218,133246000,13:32:47,5708,257441,466633,14674137000,2,0,114000
SR205,20220218,20220218,133246500,13:32:47,5707,257449,466633,14674593000,8,0,456000
SR205,20220218,20220218,133247000,13:32:47,5708,257453,466634,14674821000,4,1,228000
SR205,20220218,20220218,133248000,13:32:48,5707,257455,466634,14674935000,2,0,114000
SR205,20220218,20220218,133248500,13:32:49,5708,257459,466638,14675163000,4,4,228000
SR205,20220218,20220218,133249000,13:32:49,5708,257461,466638,14675277000,2,0,114000
SR205,20220218,20220218,133249500,13:32:50,5708,257461,466638,14675277000,0,0,0
SR205,20220218,20220218,133250000,13:32:52,5708,257461,466638,14675277000,0,0,0
SR205,20220218,20220218,133251000,13:32:52,5708,257461,466638,14675277000,0,0,0
SR205,20220218,20220218,133251500,13:32:53,5708,257462,466639,14675334000,1,1,57000
SR205,20220218,20220218,133252500,13:32:53,5708,257465,466641,14675505000,3,2,171000
SR205,20220218,20220218,133253000,13:32:53,5708,257465,466641,14675505000,0,0,0
SR205,20220218,20220218,133253500,13:32:54,5708,257465,466641,14675505000,0,0,0
SR205,20220218,20220218,133254000,13:32:54,5708,257468,466642,14675676000,3,1,171000
SR205,20220218,20220218,133254500,13:32:55,5708,257469,466643,14675733000,1,1,57000
SR205,20220218,20220218,133255500,13:32:55,5708,257470,466643,14675790000,1,0,57000
SR205,20220218,20220218,133256000,13:32:56,5708,257471,466643,14675847000,1,0,57000
SR205,20220218,20220218,133256500,13:32:58,5708,257471,466643,14675847000,0,0,0
SR205,20220218,20220218,133257000,13:32:59,5708,257473,466645,14675961000,2,2,114000
SR205,20220218,20220218,133257500,13:33:00,5708,257474,466645,14676018000,1,0,57000
SR205,20220218,20220218,133258000,13:33:00,5708,257474,466645,14676018000,0,0,0
SR205,20220218,20220218,133259500,13:33:01,5708,257474,466645,14676018000,0,0,0
SR205,20220218,20220218,133300000,13:33:01,5708,257477,466645,14676189000,3,0,171000
SR205,20220218,20220218,133300500,13:33:01,5707,257478,466645,14676246000,1,0,57000
SR205,20220218,20220218,133302500,13:33:03,5707,257486,466640,14676702000,8,-5,456000
SR205,20220218,20220218,133303000,13:33:04,5708,257487,466639,14676759000,1,-1,57000
SR205,20220218,20220218,133303500,13:33:04,5707,257488,466638,14676816000,1,-1,57000
SR205,20220218,20220218,133304000,13:33:04,5708,257490,466637,14676930000,2,-1,114000
SR205,20220218,20220218,133304500,13:33:05,5708,257490,466637,14676930000,0,0,0
SR205,20220218,20220218,133305000,13:33:05,5708,257492,466637,14677044000,2,0,114000
SR205,20220218,20220218,133305500,13:33:05,5708,257492,466637,14677044000,0,0,0
SR205,20220218,20220218,133306000,13:33:06,5708,257493,466636,14677101000,1,-1,57000
SR205,20220218,20220218,133306500,13:33:06,5708,257493,466636,14677101000,0,0,0
SR205,20220218,20220218,133307000,13:33:07,5708,257501,466643,14677557000,8,7,456000
SR205,20220218,20220218,133307500,13:33:08,5708,257501,466643,14677557000,0,0,0
SR205,20220218,20220218,133308000,13:33:08,5708,257501,466643,14677557000,0,0,0
SR205,20220218,20220218,133308500,13:33:09,5707,257502,466642,14677614000,1,-1,57000
SR205,20220218,20220218,133309000,13:33:09,5708,257508,466648,14677956000,6,6,342000
SR205,20220218,20220218,133309500,13:33:11,5707,257509,466647,14678013000,1,-1,57000
SR205,20220218,20220218,133310000,13:33:11,5708,257510,466647,14678070000,1,0,57000
SR205,20220218,20220218,133310500,13:33:12,5708,257510,466647,14678070000,0,0,0
SR205,20220218,20220218,133311000,13:33:13,5708,257510,466647,14678070000,0,0,0
SR205,20220218,20220218,133311500,13:33:14,5708,257511,466648,14678127000,1,1,57000
SR205,20220218,20220218,133312000,13:33:14,5708,257511,466648,14678127000,0,0,0
SR205,20220218,20220218,133312500,13:33:14,5708,257512,466649,14678184000,1,1,57000
SR205,20220218,20220218,133313500,13:33:14,5708,257514,466651,14678298000,2,2,114000
SR205,20220218,20220218,133314000,13:33:17,5708,257515,466651,14678355000,1,0,57000
SR205,20220218,20220218,133315000,13:33:18,5708,257520,466650,14678640000,5,-1,285000
SR205,20220218,20220218,133315500,13:33:18,5708,257522,466650,14678754000,2,0,114000
SR205,20220218,20220218,133317000,13:33:18,5708,257537,466658,14679609000,15,8,855000
SR205,20220218,20220218,133317500,13:33:19,5708,257538,466659,14679666000,1,1,57000
SR205,20220218,20220218,133318500,13:33:19,5707,257539,466658,14679723000,1,-1,57000
SR205,20220218,20220218,133319000,13:33:20,5707,257539,466658,14679723000,0,0,0
SR205,20220218,20220218,133319500,13:33:20,5708,257540,466659,14679780000,1,1,57000
SR205,20220218,20220218,133320000,13:33:21,5708,257545,466664,14680065000,5,5,285000
SR205,20220218,20220218,133320500,13:33:21,5708,257545,466664,14680065000,0,0,0
SR205,20220218,20220218,133321000,13:33:22,5708,257552,466669,14680464000,7,5,399000
SR205,20220218,20220218,133321500,13:33:22,5708,257553,466670,14680521000,1,1,57000
SR205,20220218,20220218,133322000,13:33:22,5708,257555,466668,14680635000,2,-2,114000
SR205,20220218,20220218,133322500,13:33:22,5708,257561,466668,14680977000,6,0,342000
SR205,20220218,20220218,133323000,13:33:23,5708,257561,466668,14680977000,0,0,0
SR205,20220218,20220218,133323500,13:33:24,5708,257561,466668,14680977000,0,0,0
SR205,20220218,20220218,133324000,13:33:24,5708,257563,466667,14681091000,2,-1,114000
SR205,20220218,20220218,133324500,13:33:25,5708,257564,466667,14681148000,1,0,57000
SR205,20220218,20220218,133325000,13:33:26,5708,257567,466668,14681319000,3,1,171000
SR205,20220218,20220218,133326000,13:33:28,5708,257592,466672,14682744000,25,4,1425000
SR205,20220218,20220218,133326500,13:33:29,5708,257609,466668,14683713000,17,-4,969000
SR205,20220218,20220218,133327000,13:33:29,5708,257611,466666,14683827000,2,-2,114000
SR205,20220218,20220218,133327500,13:33:29,5708,257612,466665,14683884000,1,-1,57000
SR205,20220218,20220218,133328500,13:33:30,5708,257612,466665,14683884000,0,0,0
SR205,20220218,20220218,133329500,13:33:30,5708,257615,466664,14684055000,3,-1,171000
SR205,20220218,20220218,133330000,13:33:30,5709,257620,466665,14684340000,5,1,285000
SR205,20220218,20220218,133330500,13:33:31,5709,257620,466665,14684340000,0,0,0
SR205,20220218,20220218,133331000,13:33:32,5708,257622,466664,14684454000,2,-1,114000
SR205,20220218,20220218,133331500,13:33:32,5708,257622,466664,14684454000,0,0,0
SR205,20220218,20220218,133332000,13:33:32,5709,257630,466665,14684910000,8,1,456000
SR205,20220218,20220218,133332500,13:33:33,5708,257636,466660,14685252000,6,-5,342000
SR205,20220218,20220218,133333000,13:33:33,5708,257641,466660,14685537000,5,0,285000
SR205,20220218,20220218,133333500,13:33:33,5708,257641,466660,14685537000,0,0,0
SR205,20220218,20220218,133334500,13:33:35,5709,257643,466662,14685651000,2,2,114000
SR205,20220218,20220218,133335000,13:33:35,5708,257647,466662,14685879000,4,0,228000
SR205,20220218,20220218,133336500,13:33:36,5708,257651,466662,14686107000,4,0,228000
SR205,20220218,20220218,133337000,13:33:37,5708,257655,466663,14686335000,4,1,228000
SR205,20220218,20220218,133337500,13:33:37,5708,257660,466658,14686620000,5,-5,285000
SR205,20220218,20220218,133338000,13:33:38,5708,257664,466660,14686848000,4,2,228000
SR205,20220218,20220218,133339000,13:33:39,5708,257668,466664,14687076000,4,4,228000
SR205,20220218,20220218,133339500,13:33:40,5709,257673,466669,14687361000,5,5,285000
SR205,20220218,20220218,133340500,13:33:41,5709,257673,466669,14687361000,0,0,0
SR205,20220218,20220218,133341000,13:33:41,5708,257735,466616,14690895000,62,-53,3534000
SR205,20220218,20220218,133341500,13:33:42,5708,257742,466616,14691294000,7,0,399000
SR205,20220218,20220218,133342000,13:33:42,5708,257749,466611,14691693000,7,-5,399000
SR205,20220218,20220218,133342500,13:33:42,5708,257751,466611,14691807000,2,0,114000
SR205,20220218,20220218,133343000,13:33:43,5708,257751,466611,14691807000,0,0,0
SR205,20220218,20220218,133343500,13:33:44,5707,258035,466455,14707995000,284,-156,16188000
SR205,20220218,20220218,133344000,13:33:45,5707,258053,466447,14709021000,18,-8,1026000
SR205,20220218,20220218,133344500,13:33:45,5707,258129,466486,14713353000,76,39,4332000
SR205,20220218,20220218,133345000,13:33:45,5707,258153,466492,14714721000,24,6,1368000
SR205,20220218,20220218,133345500,13:33:47,5707,258154,466492,14714778000,1,0,57000
SR205,20220218,20220218,133346000,13:33:48,5707,258154,466492,14714778000,0,0,0
SR205,20220218,20220218,133346500,13:33:48,5707,258155,466493,14714835000,1,1,57000
SR205,20220218,20220218,133347000,13:33:48,5707,258157,466493,14714949000,2,0,114000
SR205,20220218,20220218,133347500,13:33:49,5707,258159,466493,14715063000,2,0,114000
SR205,20220218,20220218,133348000,13:33:49,5707,258162,466493,14715234000,3,0,171000
SR205,20220218,20220218,133348500,13:33:49,5706,258163,466494,14715291000,1,1,57000
SR205,20220218,20220218,133349000,13:33:50,5707,258168,466497,14715576000,5,3,285000
SR205,20220218,20220218,133349500,13:33:50,5707,258169,466497,14715633000,1,0,57000
SR205,20220218,20220218,133350000,13:33:50,5707,258169,466497,14715633000,0,0,0
SR205,20220218,20220218,133350500,13:33:50,5707,258172,466498,14715804000,3,1,171000
SR205,20220218,20220218,133351000,13:33:51,5706,258174,466498,14715918000,2,0,114000
SR205,20220218,20220218,133351500,13:33:52,5706,258175,466498,14715975000,1,0,57000
SR205,20220218,20220218,133352500,13:33:52,5706,258175,466498,14715975000,0,0,0
SR205,20220218,20220218,133353000,13:33:53,5707,258176,466499,14716032000,1,1,57000
SR205,20220218,20220218,133353500,13:33:53,5707,258177,466499,14716089000,1,0,57000
SR205,20220218,20220218,133354000,13:33:54,5706,258179,466501,14716203000,2,2,114000
SR205,20220218,20220218,133354500,13:33:55,5706,258182,466502,14716374000,3,1,171000
SR205,20220218,20220218,133355000,13:33:56,5706,258182,466502,14716374000,0,0,0
SR205,20220218,20220218,133355500,13:33:56,5707,258184,466504,14716488000,2,2,114000
SR205,20220218,20220218,133356000,13:33:56,5707,258185,466504,14716545000,1,0,57000
SR205,20220218,20220218,133356500,13:33:57,5706,258192,466508,14716944000,7,4,399000
SR205,20220218,20220218,133357000,13:33:58,5706,258192,466508,14716944000,0,0,0
SR205,20220218,20220218,133357500,13:33:58,5706,258199,466509,14717343000,7,1,399000
SR205,20220218,20220218,133358000,13:33:58,5707,258228,466503,14718996000,29,-6,1653000
SR205,20220218,20220218,133358500,13:33:59,5707,258228,466503,14718996000,0,0,0
SR205,20220218,20220218,133359000,13:33:59,5707,258228,466503,14718996000,0,0,0
SR205,20220218,20220218,133359500,13:34:00,5707,258229,466503,14719053000,1,0,57000
SR205,20220218,20220218,133400000,13:34:00,5707,258246,466495,14720022000,17,-8,969000
SR205,20220218,20220218,133400500,13:34:00,5707,258246,466495,14720022000,0,0,0
SR205,20220218,20220218,133401000,13:34:01,5708,258306,466527,14723442000,60,32,3420000
SR205,20220218,20220218,133401500,13:34:02,5708,258307,466528,14723499000,1,1,57000
SR205,20220218,20220218,133402000,13:34:10,5708,258308,466528,14723556000,1,0,57000
SR205,20220218,20220218,133402500,13:34:10,5708,258308,466528,14723556000,0,0,0
SR205,20220218,20220218,133403000,13:34:10,5709,258309,466529,14723613000,1,1,57000
SR205,20220218,20220218,133410000,13:34:11,5709,258338,466542,14725266000,29,13,1653000
SR205,20220218,20220218,133410500,13:34:12,5708,258340,466542,14725380000,2,0,114000
SR205,20220218,20220218,133411000,13:34:12,5708,258345,466538,14725665000,5,-4,285000
SR205,20220218,20220218,133411500,13:34:12,5709,258346,466539,14725722000,1,1,57000
SR205,20220218,20220218,133412000,13:34:12,5709,258347,466540,14725779000,1,1,57000
SR205,20220218,20220218,133412500,13:34:13,5709,258348,466541,14725836000,1,1,57000
SR205,20220218,20220218,133413000,13:34:13,5708,258351,466540,14726007000,3,-1,171000
SR205,20220218,20220218,133413500,13:34:14,5709,258352,466541,14726064000,1,1,57000
SR205,20220218,20220218,133414000,13:34:14,5709,258352,466541,14726064000,0,0,0
SR205,20220218,20220218,133414500,13:34:15,5709,258353,466541,14726121000,1,0,57000
SR205,20220218,20220218,133415000,13:34:15,5709,258409,466591,14729313000,56,50,3192000
SR205,20220218,20220218,133415500,13:34:16,5708,258411,466589,14729427000,2,-2,114000
SR205,20220218,20220218,133416000,13:34:16,5708,258414,466588,14729598000,3,-1,171000
SR205,20220218,20220218,133416500,13:34:16,5709,258421,466595,14729997000,7,7,399000
SR205,20220218,20220218,133417000,13:34:17,5709,258426,466595,14730282000,5,0,285000
SR205,20220218,20220218,133417500,13:34:17,5708,258431,466593,14730567000,5,-2,285000
SR205,20220218,20220218,133418000,13:34:18,5708,258432,466593,14730624000,1,0,57000
SR205,20220218,20220218,133419000,13:34:19,5709,258442,466593,14731194000,10,0,570000
SR205,20220218,20220218,133419500,13:34:20,5708,258443,466592,14731251000,1,-1,57000
SR205,20220218,20220218,133420500,13:34:21,5708,258443,466592,14731251000,0,0,0
SR205,20220218,20220218,133421000,13:34:23,5708,258443,466592,14731251000,0,0,0
SR205,20220218,20220218,133423500,13:34:24,5709,258449,466590,14731593000,6,-2,342000
SR205,20220218,20220218,133424000,13:34:24,5709,258452,466587,14731764000,3,-3,171000
SR205,20220218,20220218,133424500,13:34:24,5709,258459,466584,14732163000,7,-3,399000
SR205,20220218,20220218,133425000,13:34:25,5709,258483,466578,14733531000,24,-6,1368000
SR205,20220218,20220218,133425500,13:34:26,5708,258484,466577,14733588000,1,-1,57000
SR205,20220218,20220218,133426000,13:34:26,5708,258484,466577,14733588000,0,0,0
SR205,20220218,20220218,133426500,13:34:26,5709,258507,466592,14734899000,23,15,1311000
SR205,20220218,20220218,133427000,13:34:27,5708,258508,466591,14734956000,1,-1,57000
SR205,20220218,20220218,133427500,13:34:27,5708,258508,466591,14734956000,0,0,0
SR205,20220218,20220218,133428500,13:34:29,5708,258509,466590,14735013000,1,-1,57000
SR205,20220218,20220218,133429000,13:34:29,5708,258509,466590,14735013000,0,0,0
SR205,20220218,20220218,133429500,13:34:29,5708,258520,466583,14735640000,11,-7,627000
SR205,20220218,20220218,133430000,13:34:30,5708,258521,466583,14735697000,1,0,57000
SR205,20220218,20220218,133430500,13:34:30,5709,258571,466602,14738547000,50,19,2850000
SR205,20220218,20220218,133431000,13:34:31,5708,258574,466602,14738718000,3,0,171000
SR205,20220218,20220218,133431500,13:34:31,5708,258574,466602,14738718000,0,0,0
SR205,20220218,20220218,133432000,13:34:32,5708,258574,466602,14738718000,0,0,0
SR205,20220218,20220218,133432500,13:34:32,5708,258574,466602,14738718000,0,0,0
SR205,20220218,20220218,133433000,13:34:33,5709,258575,466603,14738775000,1,1,57000
SR205,20220218,20220218,133433500,13:34:34,5709,258575,466603,14738775000,0,0,0
SR205,20220218,20220218,133434500,13:34:35,5709,258577,466605,14738889000,2,2,114000
SR205,20220218,20220218,133435000,13:34:35,5709,258579,466605,14739003000,2,0,114000
SR205,20220218,20220218,133435500,13:34:36,5708,258586,466611,14739402000,7,6,399000
SR205,20220218,20220218,133436000,13:34:36,5708,258586,466611,14739402000,0,0,0
SR205,20220218,20220218,133436500,13:34:36,5709,258596,466621,14739972000,10,10,570000
SR205,20220218,20220218,133437000,13:34:37,5709,258596,466621,14739972000,0,0,0
SR205,20220218,20220218,133437500,13:34:38,5708,258597,466620,14740029000,1,-1,57000
SR205,20220218,20220218,133438000,13:34:38,5709,258599,466620,14740143000,2,0,114000
SR205,20220218,20220218,133438500,13:34:38,5709,258599,466620,14740143000,0,0,0
SR205,20220218,20220218,133439000,13:34:39,5709,258599,466620,14740143000,0,0,0
SR205,20220218,20220218,133439500,13:34:39,5709,258599,466620,14740143000,0,0,0
SR205,20220218,20220218,133440500,13:34:41,5708,258604,466621,14740428000,5,1,285000
SR205,20220218,20220218,133441000,13:34:41,5708,258604,466621,14740428000,0,0,0
SR205,20220218,20220218,133441500,13:34:42,5708,258610,466623,14740770000,6,2,342000
SR205,20220218,20220218,133442000,13:34:44,5710,258788,466715,14750916000,178,92,10146000
SR205,20220218,20220218,133442500,13:34:44,5710,258833,466679,14753481000,45,-36,2565000
SR205,20220218,20220218,133443000,13:34:45,5710,258833,466679,14753481000,0,0,0
SR205,20220218,20220218,133443500,13:34:45,5709,258839,466674,14753823000,6,-5,342000
SR205,20220218,20220218,133444000,13:34:45,5709,258843,466672,14754051000,4,-2,228000
SR205,20220218,20220218,133445000,13:34:46,5710,258849,466671,14754393000,6,-1,342000
SR205,20220218,20220218,133445500,13:34:46,5709,258854,466673,14754678000,5,2,285000
SR205,20220218,20220218,133446000,13:34:46,5710,258855,466673,14754735000,1,0,57000
SR205,20220218,20220218,133446500,13:34:47,5709,258857,466673,14754849000,2,0,114000
SR205,20220218,20220218,133447000,13:34:47,5709,258901,466685,14757357000,44,12,2508000
SR205,20220218,20220218,133447500,13:34:47,5709,258912,466677,14757984000,11,-8,627000
SR205,20220218,20220218,133448000,13:34:48,5709,258915,466678,14758155000,3,1,171000
SR205,20220218,20220218,133448500,13:34:49,5709,258917,466680,14758269000,2,2,114000
SR205,20220218,20220218,133449000,13:34:49,5709,258930,466692,14759010000,13,12,741000
SR205,20220218,20220218,133449500,13:34:49,5709,258931,466692,14759067000,1,0,57000
SR205,20220218,20220218,133450000,13:34:51,5709,258935,466694,14759295000,4,2,228000
SR205,20220218,20220218,133450500,13:34:51,5709,258936,466695,14759352000,1,1,57000
SR205,20220218,20220218,133451000,13:34:51,5709,258939,466698,14759523000,3,3,171000
SR205,20220218,20220218,133451500,13:34:52,5709,258939,466698,14759523000,0,0,0
SR205,20220218,20220218,133452000,13:34:52,5709,258943,466701,14759751000,4,3,228000
SR205,20220218,20220218,133453000,13:34:53,5709,259029,466635,14764653000,86,-66,4902000
SR205,20220218,20220218,133453500,13:34:55,5709,259046,466641,14765622000,17,6,969000
SR205,20220218,20220218,133454000,13:34:56,5709,259047,466640,14765679000,1,-1,57000
SR205,20220218,20220218,133454500,13:34:56,5709,259047,466640,14765679000,0,0,0
SR205,20220218,20220218,133455500,13:34:56,5709,259047,466640,14765679000,0,0,0
SR205,20220218,20220218,133456000,13:34:56,5710,259060,466633,14766420000,13,-7,741000
SR205,20220218,20220218,133456500,13:34:57,5710,259060,466633,14766420000,0,0,0
SR205,20220218,20220218,133457000,13:34:57,5710,259060,466633,14766420000,0,0,0
SR205,20220218,20220218,133458000,13:34:58,5710,259064,466631,14766648000,4,-2,228000
SR205,20220218,20220218,133458500,13:34:59,5710,259066,466629,14766762000,2,-2,114000
SR205,20220218,20220218,133459500,13:35:00,5710,259070,466628,14766990000,4,-1,228000
SR205,20220218,20220218,133500000,13:35:00,5710,259072,466628,14767104000,2,0,114000
SR205,20220218,20220218,133500500,13:35:02,5710,259074,466627,14767218000,2,-1,114000
SR205,20220218,20220218,133501000,13:35:04,5710,259076,466627,14767332000,2,0,114000
SR205,20220218,20220218,133501500,13:35:05,5710,259077,466627,14767389000,1,0,57000
SR205,20220218,20220218,133502000,13:35:10,5710,259082,466630,14767674000,5,3,285000
SR205,20220218,20220218,133504500,13:35:10,5710,259098,466617,14768586000,16,-13,912000
SR205,20220218,20220218,133510000,13:35:10,5709,259111,466610,14769327000,13,-7,741000
SR205,20220218,20220218,133510500,13:35:11,5710,259112,466609,14769384000,1,-1,57000
SR205,20220218,20220218,133511000,13:35:11,5710,259116,466608,14769612000,4,-1,228000
SR205,20220218,20220218,133511500,13:35:12,5710,259154,466604,14771778000,38,-4,2166000
SR205,20220218,20220218,133512000,13:35:13,5709,259194,466573,14774058000,40,-31,2280000
SR205,20220218,20220218,133512500,13:35:13,5709,259321,466466,14781297000,127,-107,7239000
SR205,20220218,20220218,133513000,13:35:13,5709,259326,466466,14781582000,5,0,285000
SR205,20220218,20220218,133513500,13:35:14,5709,259326,466466,14781582000,0,0,0
SR205,20220218,20220218,133514000,13:35:14,5709,259327,466466,14781639000,1,0,57000
SR205,20220218,20220218,133514500,13:35:15,5709,259328,466466,14781696000,1,0,57000
SR205,20220218,20220218,133515000,13:35:15,5709,259328,466466,14781696000,0,0,0
SR205,20220218,20220218,133515500,13:35:16,5709,259330,466466,14781810000,2,0,114000
SR205,20220218,20220218,133516000,13:35:16,5708,259331,466466,14781867000,1,0,57000
SR205,20220218,20220218,133516500,13:35:17,5709,259334,466463,14782038000,3,-3,171000
SR205,20220218,20220218,133517000,13:35:17,5709,259336,466462,14782152000,2,-1,114000
SR205,20220218,20220218,133517500,13:35:18,5709,259336,466462,14782152000,0,0,0
SR205,20220218,20220218,133518000,13:35:19,5708,259465,466407,14789505000,129,-55,7353000
SR205,20220218,20220218,133518500,13:35:19,5708,259468,466408,14789676000,3,1,171000
SR205,20220218,20220218,133519500,13:35:20,5708,259471,466411,14789847000,3,3,171000
SR205,20220218,20220218,133520000,13:35:20,5708,259483,466417,14790531000,12,6,684000
SR205,20220218,20220218,133520500,13:35:21,5708,259484,466418,14790588000,1,1,57000
SR205,20220218,20220218,133521000,13:35:22,5708,259589,466320,14796573000,105,-98,5985000
SR205,20220218,20220218,133521500,13:35:22,5708,259596,466319,14796972000,7,-1,399000
SR205,20220218,20220218,133522000,13:35:22,5708,259596,466319,14796972000,0,0,0
SR205,20220218,20220218,133522500,13:35:23,5708,259629,466319,14798853000,33,0,1881000
SR205,20220218,20220218,133523000,13:35:23,5708,259643,466324,14799651000,14,5,798000
SR205,20220218,20220218,133523500,13:35:23,5708,259651,466324,14800107000,8,0,456000
SR205,20220218,20220218,133524000,13:35:25,5708,259652,466325,14800164000,1,1,57000
SR205,20220218,20220218,133524500,13:35:25,5708,259662,466327,14800734000,10,2,570000
SR205,20220218,20220218,133525000,13:35:25,5708,259689,466328,14802273000,27,1,1539000
SR205,20220218,20220218,133525500,13:35:26,5708,259689,466328,14802273000,0,0,0
SR205,20220218,20220218,133526000,13:35:26,5708,259691,466328,14802387000,2,0,114000
SR205,20220218,20220218,133526500,13:35:27,5708,259693,466330,14802501000,2,2,114000
SR205,20220218,20220218,133527000,13:35:27,5708,259693,466330,14802501000,0,0,0
SR205,20220218,20220218,133527500,13:35:31,5708,259693,466330,14802501000,0,0,0
SR205,20220218,20220218,133528000,13:35:32,5708,259693,466330,14802501000,0,0,0
SR205,20220218,20220218,133531000,13:35:32,5708,259693,466330,14802501000,0,0,0
SR205,20220218,20220218,133531500,13:35:41,5708,259693,466330,14802501000,0,0,0
SR205,20220218,20220218,133532000,13:35:42,5707,259713,466346,14803641000,20,16,1140000
SR205,20220218,20220218,133532500,13:35:42,5708,259720,466347,14804040000,7,1,399000
SR205,20220218,20220218,133540500,13:35:43,5708,259720,466347,14804040000,0,0,0
SR205,20220218,20220218,133542000,13:35:43,5707,259745,466356,14805465000,25,9,1425000
SR205,20220218,20220218,133542500,13:35:44,5708,259746,466356,14805522000,1,0,57000
SR205,20220218,20220218,133543500,13:35:44,5708,259751,466357,14805807000,5,1,285000
SR205,20220218,20220218,133544000,13:35:44,5708,259755,466358,14806035000,4,1,228000
SR205,20220218,20220218,133544500,13:35:45,5708,259756,466358,14806092000,1,0,57000
SR205,20220218,20220218,133545000,13:35:46,5708,259757,466358,14806149000,1,0,57000
SR205,20220218,20220218,133545500,13:35:46,5708,259760,466359,14806320000,3,1,171000
SR205,20220218,20220218,133546000,13:35:46,5708,259760,466359,14806320000,0,0,0
SR205,20220218,20220218,133546500,13:35:46,5708,259761,466360,14806377000,1,1,57000
SR205,20220218,20220218,133547500,13:35:48,5708,259761,466360,14806377000,0,0,0
SR205,20220218,20220218,133548000,13:35:48,5708,259761,466360,14806377000,0,0,0
SR205,20220218,20220218,133548500,13:35:48,5707,259764,466361,14806548000,3,1,171000
SR205,20220218,20220218,133549000,13:35:49,5708,259765,466362,14806605000,1,1,57000
SR205,20220218,20220218,133549500,13:35:49,5708,259766,466363,14806662000,1,1,57000
SR205,20220218,20220218,133550000,13:35:50,5708,259788,466367,14807916000,22,4,1254000
SR205,20220218,20220218,133550500,13:35:51,5708,259789,466367,14807973000,1,0,57000
SR205,20220218,20220218,133551500,13:35:52,5708,259791,466367,14808087000,2,0,114000
SR205,20220218,20220218,133552000,13:35:52,5708,259821,466372,14809797000,30,5,1710000
SR205,20220218,20220218,133552500,13:35:52,5709,259824,466369,14809968000,3,-3,171000
SR205,20220218,20220218,133553000,13:35:53,5709,259824,466369,14809968000,0,0,0
SR205,20220218,20220218,133553500,13:35:55,5709,259824,466369,14809968000,0,0,0
SR205,20220218,20220218,133554000,13:35:55,5709,259824,466369,14809968000,0,0,0
SR205,20220218,20220218,133554500,13:35:55,5709,259825,466368,14810025000,1,-1,57000
SR205,20220218,20220218,133555000,13:35:56,5709,259826,466367,14810082000,1,-1,57000
SR205,20220218,20220218,133555500,13:35:56,5708,259827,466367,14810139000,1,0,57000
SR205,20220218,20220218,133556000,13:35:56,5708,259828,466366,14810196000,1,-1,57000
SR205,20220218,20220218,133556500,13:35:57,5709,259834,466360,14810538000,6,-6,342000
SR205,20220218,20220218,133557000,13:35:59,5709,259849,466369,14811393000,15,9,855000
SR205,20220218,20220218,133557500,13:36:00,5709,259863,466361,14812191000,14,-8,798000
SR205,20220218,20220218,133558000,13:36:01,5709,259867,466357,14812419000,4,-4,228000
SR205,20220218,20220218,133559000,13:36:03,5709,259873,466352,14812761000,6,-5,342000
SR205,20220218,20220218,133601500,13:36:03,5709,259873,466352,14812761000,0,0,0
SR205,20220218,20220218,133603500,13:36:05,5709,259893,466336,14813901000,20,-16,1140000
SR205,20220218,20220218,133604000,13:36:06,5709,259893,466336,14813901000,0,0,0
SR205,20220218,20220218,133605000,13:36:06,5709,259897,466333,14814129000,4,-3,228000
SR205,20220218,20220218,133605500,13:36:07,5708,259899,466331,14814243000,2,-2,114000
SR205,20220218,20220218,133606500,13:36:07,5709,259900,466331,14814300000,1,0,57000
SR205,20220218,20220218,133607000,13:36:08,5709,259900,466331,14814300000,0,0,0
SR205,20220218,20220218,133607500,13:36:08,5708,259901,466331,14814357000,1,0,57000
SR205,20220218,20220218,133608500,13:36:08,5708,259902,466330,14814414000,1,-1,57000
SR205,20220218,20220218,133609500,13:36:10,5709,259908,466326,14814756000,6,-4,342000
SR205,20220218,20220218,133610500,13:36:11,5709,259908,466326,14814756000,0,0,0
SR205,20220218,20220218,133611000,13:36:12,5708,259909,466325,14814813000,1,-1,57000
SR205,20220218,20220218,133611500,13:36:12,5708,259911,466325,14814927000,2,0,114000
SR205,20220218,20220218,133612000,13:36:12,5708,259911,466325,14814927000,0,0,0
SR205,20220218,20220218,133612500,13:36:12,5709,259917,466319,14815269000,6,-6,342000
SR205,20220218,20220218,133613000,13:36:13,5709,259918,466318,14815326000,1,-1,57000
SR205,20220218,20220218,133613500,13:36:14,5709,259923,466313,14815611000,5,-5,285000
SR205,20220218,20220218,133614000,13:36:14,5709,259930,466306,14816010000,7,-7,399000
SR205,20220218,20220218,133614500,13:36:14,5709,259930,466306,14816010000,0,0,0
SR205,20220218,20220218,133615000,13:36:15,5708,259932,466304,14816124000,2,-2,114000
SR205,20220218,20220218,133615500,13:36:15,5708,259934,466302,14816238000,2,-2,114000
SR205,20220218,20220218,133616500,13:36:17,5708,259934,466302,14816238000,0,0,0
SR205,20220218,20220218,133618000,13:36:19,5708,259934,466302,14816238000,0,0,0
SR205,20220218,20220218,133618500,13:36:19,5708,259935,466302,14816295000,1,0,57000
SR205,20220218,20220218,133620500,13:36:20,5708,259935,466302,14816295000,0,0,0
SR205,20220218,20220218,133621000,13:36:21,5708,259935,466302,14816295000,0,0,0
SR205,20220218,20220218,133621500,13:36:21,5708,259935,466302,14816295000,0,0,0
SR205,20220218,20220218,133622500,13:36:22,5708,259935,466302,14816295000,0,0,0
SR205,20220218,20220218,133623000,13:36:23,5708,259935,466302,14816295000,0,0,0
SR205,20220218,20220218,133623500,13:36:23,5708,259935,466302,14816295000,0,0,0
SR205,20220218,20220218,133624000,13:36:24,5709,259937,466300,14816409000,2,-2,114000
SR205,20220218,20220218,133624500,13:36:24,5709,259940,466297,14816580000,3,-3,171000
SR205,20220218,20220218,133625000,13:36:25,5709,259947,466295,14816979000,7,-2,399000
SR205,20220218,20220218,133625500,13:36:26,5709,259952,466292,14817264000,5,-3,285000
SR205,20220218,20220218,133626000,13:36:26,5709,259954,466291,14817378000,2,-1,114000
SR205,20220218,20220218,133626500,13:36:27,5708,259957,466292,14817549000,3,1,171000
SR205,20220218,20220218,133627000,13:36:28,5709,259958,466291,14817606000,1,-1,57000
SR205,20220218,20220218,133627500,13:36:28,5708,259960,466291,14817720000,2,0,114000
SR205,20220218,20220218,133628000,13:36:28,5708,259960,466291,14817720000,0,0,0
SR205,20220218,20220218,133629500,13:36:30,5708,259961,466291,14817777000,1,0,57000
SR205,20220218,20220218,133631500,13:36:31,5708,259961,466291,14817777000,0,0,0
SR205,20220218,20220218,133633000,13:36:33,5708,259961,466291,14817777000,0,0,0
SR205,20220218,20220218,133633500,13:36:33,5709,259962,466290,14817834000,1,-1,57000
SR205,20220218,20220218,133634000,13:36:34,5709,259963,466289,14817891000,1,-1,57000
SR205,20220218,20220218,133634500,13:36:35,5709,259966,466286,14818062000,3,-3,171000
SR205,20220218,20220218,133635000,13:36:35,5709,259970,466282,14818290000,4,-4,228000
SR205,20220218,20220218,133635500,13:36:36,5709,259973,466280,14818461000,3,-2,171000
SR205,20220218,20220218,133636000,13:36:36,5709,259973,466280,14818461000,0,0,0
SR205,20220218,20220218,133637000,13:36:38,5709,259973,466280,14818461000,0,0,0
SR205,20220218,20220218,133637500,13:36:38,5709,259973,466280,14818461000,0,0,0
SR205,20220218,20220218,133639500,13:36:40,5709,259973,466280,14818461000,0,0,0
SR205,20220218,20220218,133640000,13:36:40,5709,259974,466279,14818518000,1,-1,57000
SR205,20220218,20220218,133640500,13:36:40,5709,259974,466279,14818518000,0,0,0
SR205,20220218,20220218,133641500,13:36:41,5708,259975,466280,14818575000,1,1,57000
SR205,20220218,20220218,133642500,13:36:43,5709,259995,466280,14819715000,20,0,1140000
SR205,20220218,20220218,133643500,13:36:44,5709,259995,466280,14819715000,0,0,0
SR205,20220218,20220218,133644000,13:36:44,5709,259995,466280,14819715000,0,0,0
SR205,20220218,20220218,133644500,13:36:44,5709,259995,466280,14819715000,0,0,0
SR205,20220218,20220218,133645000,13:36:45,5709,259997,466278,14819829000,2,-2,114000
SR205,20220218,20220218,133645500,13:36:46,5709,259998,466277,14819886000,1,-1,57000
SR205,20220218,20220218,133646500,13:36:46,5709,259998,466277,14819886000,0,0,0
SR205,20220218,20220218,133647500,13:36:48,5709,259999,466277,14819943000,1,0,57000
SR205,20220218,20220218,133648500,13:36:49,5709,260099,466302,14825643000,100,25,5700000
SR205,20220218,20220218,133649000,13:36:49,5709,260162,466308,14829234000,63,6,3591000
SR205,20220218,20220218,133649500,13:36:49,5710,260167,466305,14829519000,5,-3,285000
SR205,20220218,20220218,133650000,13:36:50,5710,260167,466305,14829519000,0,0,0
SR205,20220218,20220218,133650500,13:36:50,5709,260168,466305,14829576000,1,0,57000
SR205,20220218,20220218,133651000,13:36:51,5709,260168,466305,14829576000,0,0,0
SR205,20220218,20220218,133651500,13:36:51,5709,260169,466304,14829633000,1,-1,57000
SR205,20220218,20220218,133653000,13:36:53,5710,260171,466304,14829747000,2,0,114000
SR205,20220218,20220218,133653500,13:36:54,5709,260175,466304,14829975000,4,0,228000
SR205,20220218,20220218,133654500,13:36:54,5709,260176,466303,14830032000,1,-1,57000
SR205,20220218,20220218,133655000,13:36:55,5709,260176,466303,14830032000,0,0,0
SR205,20220218,20220218,133656000,13:36:56,5710,260177,466303,14830089000,1,0,57000
SR205,20220218,20220218,133656500,13:36:57,5710,260177,466303,14830089000,0,0,0
SR205,20220218,20220218,133657000,13:36:58,5710,260177,466303,14830089000,0,0,0
SR205,20220218,20220218,133658000,13:36:58,5710,260177,466303,14830089000,0,0,0
SR205,20220218,20220218,133658500,13:36:59,5710,260177,466303,14830089000,0,0,0
SR205,20220218,20220218,133659000,13:36:59,5710,260177,466303,14830089000,0,0,0
SR205,20220218,20220218,133659500,13:36:59,5710,260177,466303,14830089000,0,0,0
SR205,20220218,20220218,133700000,13:37:00,5709,260183,466298,14830431000,6,-5,342000
SR205,20220218,20220218,133700500,13:37:00,5709,260183,466298,14830431000,0,0,0
SR205,20220218,20220218,133701500,13:37:02,5709,260187,466296,14830659000,4,-2,228000
SR205,20220218,20220218,133702000,13:37:02,5710,260198,466295,14831286000,11,-1,627000
SR205,20220218,20220218,133702500,13:37:03,5710,260200,466294,14831400000,2,-1,114000
SR205,20220218,20220218,133703000,13:37:03,5710,260200,466294,14831400000,0,0,0
SR205,20220218,20220218,133704000,13:37:04,5709,260201,466293,14831457000,1,-1,57000
SR205,20220218,20220218,133704500,13:37:05,5709,260201,466293,14831457000,0,0,0
SR205,20220218,20220218,133705000,13:37:05,5709,260203,466291,14831571000,2,-2,114000
SR205,20220218,20220218,133706000,13:37:08,5710,260206,466289,14831742000,3,-2,171000
SR205,20220218,20220218,133707000,13:37:08,5710,260206,466289,14831742000,0,0,0
SR205,20220218,20220218,133707500,13:37:08,5710,260206,466289,14831742000,0,0,0
SR205,20220218,20220218,133708000,13:37:08,5710,260209,466286,14831913000,3,-3,171000
SR205,20220218,20220218,133708500,13:37:08,5709,260211,466285,14832027000,2,-1,114000
SR205,20220218,20220218,133709000,13:37:10,5709,260212,466284,14832084000,1,-1,57000
SR205,20220218,20220218,133709500,13:37:10,5710,260213,466284,14832141000,1,0,57000
SR205,20220218,20220218,133710000,13:37:11,5710,260214,466284,14832198000,1,0,57000
SR205,20220218,20220218,133710500,13:37:11,5710,260214,466284,14832198000,0,0,0
SR205,20220218,20220218,133711000,13:37:11,5710,260214,466284,14832198000,0,0,0
SR205,20220218,20220218,133711500,13:37:13,5709,260216,466284,14832312000,2,0,114000
SR205,20220218,20220218,133712000,13:37:13,5709,260218,466284,14832426000,2,0,114000
SR205,20220218,20220218,133712500,13:37:13,5709,260218,466284,14832426000,0,0,0
SR205,20220218,20220218,133713000,13:37:13,5710,260219,466284,14832483000,1,0,57000
SR205,20220218,20220218,133713500,13:37:14,5709,260220,466283,14832540000,1,-1,57000
SR205,20220218,20220218,133714000,13:37:14,5709,260220,466283,14832540000,0,0,0
SR205,20220218,20220218,133714500,13:37:15,5710,260222,466282,14832654000,2,-1,114000
SR205,20220218,20220218,133715000,13:37:15,5710,260222,466282,14832654000,0,0,0
SR205,20220218,20220218,133715500,13:37:16,5710,260222,466282,14832654000,0,0,0
SR205,20220218,20220218,133716000,13:37:16,5709,260226,466280,14832882000,4,-2,228000
SR205,20220218,20220218,133716500,13:37:17,5709,260228,466280,14832996000,2,0,114000
SR205,20220218,20220218,133717000,13:37:17,5709,260228,466280,14832996000,0,0,0
SR205,20220218,20220218,133718000,13:37:18,5709,260228,466280,14832996000,0,0,0
SR205,20220218,20220218,133718500,13:37:19,5709,260228,466280,14832996000,0,0,0
SR205,20220218,20220218,133719000,13:37:19,5709,260228,466280,14832996000,0,0,0
SR205,20220218,20220218,133719500,13:37:20,5709,260243,466278,14833851000,15,-2,855000
SR205,20220218,20220218,133720000,13:37:21,5710,260244,466278,14833908000,1,0,57000
SR205,20220218,20220218,133720500,13:37:21,5709,260245,466278,14833965000,1,0,57000
SR205,20220218,20220218,133721000,13:37:21,5709,260245,466278,14833965000,0,0,0
SR205,20220218,20220218,133721500,13:37:21,5709,260250,466283,14834250000,5,5,285000
SR205,20220218,20220218,133722000,13:37:22,5709,260250,466283,14834250000,0,0,0
SR205,20220218,20220218,133722500,13:37:23,5709,260250,466283,14834250000,0,0,0
SR205,20220218,20220218,133723500,13:37:23,5710,260252,466281,14834364000,2,-2,114000
SR205,20220218,20220218,133724000,13:37:24,5709,260253,466281,14834421000,1,0,57000
SR205,20220218,20220218,133725500,13:37:26,5710,260254,466281,14834478000,1,0,57000
SR205,20220218,20220218,133726000,13:37:26,5710,260254,466281,14834478000,0,0,0
SR205,20220218,20220218,133726500,13:37:27,5709,260327,466290,14838639000,73,9,4161000
SR205,20220218,20220218,133727500,13:37:27,5710,260331,466290,14838867000,4,0,228000
SR205,20220218,20220218,133728000,13:37:28,5709,260336,466290,14839152000,5,0,285000
SR205,20220218,20220218,133728500,13:37:29,5709,260336,466290,14839152000,0,0,0
SR205,20220218,20220218,133729500,13:37:30,5709,260337,466290,14839209000,1,0,57000
SR205,20220218,20220218,133730000,13:37:30,5709,260337,466290,14839209000,0,0,0
SR205,20220218,20220218,133731000,13:37:31,5709,260337,466290,14839209000,0,0,0
SR205,20220218,20220218,133731500,13:37:31,5709,260337,466290,14839209000,0,0,0
SR205,20220218,20220218,133732000,13:37:32,5710,260340,466290,14839380000,3,0,171000
SR205,20220218,20220218,133732500,13:37:33,5710,260341,466290,14839437000,1,0,57000
SR205,20220218,20220218,133733500,13:37:33,5709,260342,466290,14839494000,1,0,57000
SR205,20220218,20220218,133734000,13:37:34,5710,260345,466290,14839665000,3,0,171000
SR205,20220218,20220218,133734500,13:37:34,5710,260347,466290,14839779000,2,0,114000
SR205,20220218,20220218,133735000,13:37:35,5710,260348,466290,14839836000,1,0,57000
SR205,20220218,20220218,133735500,13:37:36,5710,260350,466289,14839950000,2,-1,114000
SR205,20220218,20220218,133736000,13:37:36,5710,260352,466289,14840064000,2,0,114000
SR205,20220218,20220218,133736500,13:37:37,5709,260353,466289,14840121000,1,0,57000
SR205,20220218,20220218,133737000,13:37:37,5710,260355,466287,14840235000,2,-2,114000
SR205,20220218,20220218,133737500,13:37:37,5710,260356,466287,14840292000,1,0,57000
SR205,20220218,20220218,133738000,13:37:38,5710,260356,466287,14840292000,0,0,0
SR205,20220218,20220218,133738500,13:37:39,5710,260356,466287,14840292000,0,0,0
SR205,20220218,20220218,133740500,13:37:40,5710,260357,466287,14840349000,1,0,57000
SR205,20220218,20220218,133741000,13:37:41,5710,260357,466287,14840349000,0,0,0
SR205,20220218,20220218,133741500,13:37:41,5710,260359,466287,14840463000,2,0,114000
SR205,20220218,20220218,133742000,13:37:42,5709,260360,466288,14840520000,1,1,57000
SR205,20220218,20220218,133743000,13:37:43,5710,260379,466290,14841603000,19,2,1083000
SR205,20220218,20220218,133744000,13:37:44,5710,260379,466290,14841603000,0,0,0
SR205,20220218,20220218,133744500,13:37:45,5710,260394,466305,14842458000,15,15,855000
SR205,20220218,20220218,133745000,13:37:45,5710,260394,466305,14842458000,0,0,0
SR205,20220218,20220218,133746000,13:37:46,5710,260395,466306,14842515000,1,1,57000
SR205,20220218,20220218,133748500,13:37:48,5709,260396,466306,14842572000,1,0,57000
SR205,20220218,20220218,133749500,13:37:49,5710,260397,466307,14842629000,1,1,57000
SR205,20220218,20220218,133750000,13:37:50,5709,260399,466308,14842743000,2,1,114000
SR205,20220218,20220218,133752500,13:37:54,5710,260400,466309,14842800000,1,1,57000
SR205,20220218,20220218,133753000,13:37:54,5710,260400,466309,14842800000,0,0,0
SR205,20220218,20220218,133753500,13:37:54,5710,260403,466312,14842971000,3,3,171000
SR205,20220218,20220218,133754000,13:37:55,5710,260413,466316,14843541000,10,4,570000
SR205,20220218,20220218,133754500,13:37:55,5710,260416,466316,14843712000,3,0,171000
SR205,20220218,20220218,133755500,13:37:55,5710,260417,466317,14843769000,1,1,57000
SR205,20220218,20220218,133756000,13:37:56,5709,260420,466318,14843940000,3,1,171000
SR205,20220218,20220218,133756500,13:37:57,5710,260426,466317,14844282000,6,-1,342000
SR205,20220218,20220218,133757000,13:37:57,5710,260427,466316,14844339000,1,-1,57000
SR205,20220218,20220218,133757500,13:37:58,5710,260427,466316,14844339000,0,0,0
SR205,20220218,20220218,133758000,13:37:58,5710,260427,466316,14844339000,0,0,0
SR205,20220218,20220218,133758500,13:37:59,5710,260427,466316,14844339000,0,0,0
SR205,20220218,20220218,133759500,13:38:00,5710,260430,466317,14844510000,3,1,171000
SR205,20220218,20220218,133802000,13:38:03,5709,260437,466317,14844909000,7,0,399000
SR205,20220218,20220218,133802500,13:38:05,5710,260657,466390,14857449000,220,73,12540000
SR205,20220218,20220218,133803000,13:38:06,5710,260672,466384,14858304000,15,-6,855000
SR205,20220218,20220218,133803500,13:38:06,5711,260677,466381,14858589000,5,-3,285000
SR205,20220218,20220218,133805000,13:38:06,5711,260677,466381,14858589000,0,0,0
SR205,20220218,20220218,133806000,13:38:07,5711,260708,466377,14860356000,31,-4,1767000
SR205,20220218,20220218,133806500,13:38:09,5711,260709,466377,14860413000,1,0,57000
SR205,20220218,20220218,133807000,13:38:09,5711,260807,466351,14865999000,98,-26,5586000
SR205,20220218,20220218,133809000,13:38:09,5711,261002,466381,14877114000,195,30,11115000
SR205,20220218,20220218,133809500,13:38:10,5711,261007,466382,14877399000,5,1,285000
SR205,20220218,20220218,133810000,13:38:10,5711,261011,466383,14877627000,4,1,228000
SR205,20220218,20220218,133810500,13:38:10,5711,261011,466383,14877627000,0,0,0
SR205,20220218,20220218,133811000,13:38:14,5711,261063,466373,14880591000,52,-10,2964000
SR205,20220218,20220218,133811500,13:38:14,5711,261099,466361,14882643000,36,-12,2052000
SR205,20220218,20220218,133812000,13:38:14,5711,261105,466364,14882985000,6,3,342000
SR205,20220218,20220218,133812500,13:38:14,5711,261109,466366,14883213000,4,2,228000
SR205,20220218,20220218,133813500,13:38:15,5711,261110,466367,14883270000,1,1,57000
SR205,20220218,20220218,133814000,13:38:17,5711,261110,466367,14883270000,0,0,0
SR205,20220218,20220218,133815000,13:38:17,5711,261110,466367,14883270000,0,0,0
SR205,20220218,20220218,133815500,13:38:17,5711,261110,466367,14883270000,0,0,0
SR205,20220218,20220218,133816500,13:38:18,5711,261110,466367,14883270000,0,0,0
SR205,20220218,20220218,133817500,13:38:18,5711,261114,466371,14883498000,4,4,228000
SR205,20220218,20220218,133818000,13:38:18,5710,261115,466372,14883555000,1,1,57000
SR205,20220218,20220218,133819000,13:38:19,5710,261377,466308,14898489000,262,-64,14934000
SR205,20220218,20220218,133819500,13:38:19,5710,261394,466303,14899458000,17,-5,969000
SR205,20220218,20220218,133820000,13:38:22,5710,261396,466304,14899572000,2,1,114000
