SR207,20220218,20220218,112003000,11:20:03,5734,63390,89003,3629711400,63390,89003,3629711400
SR207,20220218,20220218,112009000,11:20:10,5734,63399,89012,3630226740,9,9,515340
SR207,20220218,20220218,112009500,11:20:10,5734,63399,89012,3630226740,0,0,0
SR207,20220218,20220218,112010000,11:20:10,5734,63399,89012,3630226740,0,0,0
SR207,20220218,20220218,112010500,11:20:10,5734,63399,89012,3630226740,0,0,0
SR207,20220218,20220218,112011000,11:20:11,5734,63399,89012,3630226740,0,0,0
SR207,20220218,20220218,112011500,11:20:12,5734,63399,89012,3630226740,0,0,0
SR207,20220218,20220218,112012500,11:20:12,5734,63399,89012,3630226740,0,0,0
SR207,20220218,20220218,112013000,11:20:13,5734,63399,89012,3630226740,0,0,0
SR207,20220218,20220218,112014000,11:20:14,5734,63399,89012,3630226740,0,0,0
SR207,20220218,20220218,112015500,11:20:16,5734,63399,89012,3630226740,0,0,0
SR207,20220218,20220218,112016000,11:20:16,5734,63399,89012,3630226740,0,0,0
SR207,20220218,20220218,112016500,11:20:16,5734,63399,89012,3630226740,0,0,0
SR207,20220218,20220218,112017500,11:20:17,5734,63399,89012,3630226740,0,0,0
SR207,20220218,20220218,112019500,11:20:20,5734,63399,89012,3630226740,0,0,0
SR207,20220218,20220218,112020000,11:20:20,5734,63399,89012,3630226740,0,0,0
SR207,20220218,20220218,112020500,11:20:21,5734,63399,89012,3630226740,0,0,0
SR207,20220218,20220218,112021000,11:20:21,5734,63399,89012,3630226740,0,0,0
SR207,20220218,20220218,112021500,11:20:21,5734,63399,89012,3630226740,0,0,0
SR207,20220218,20220218,112022500,11:20:23,5734,63399,89012,3630226740,0,0,0
SR207,20220218,20220218,112023000,11:20:23,5734,63399,89012,3630226740,0,0,0
SR207,20220218,20220218,112025500,11:20:26,5734,63399,89012,3630226740,0,0,0
SR207,20220218,20220218,112026000,11:20:26,5734,63399,89012,3630226740,0,0,0
SR207,20220218,20220218,112026500,11:20:26,5734,63399,89012,3630226740,0,0,0
SR207,20220218,20220218,112027000,11:20:27,5734,63399,89012,3630226740,0,0,0
SR207,20220218,20220218,112027500,11:20:28,5734,63399,89012,3630226740,0,0,0
SR207,20220218,20220218,112029000,11:20:29,5734,63399,89012,3630226740,0,0,0
SR207,20220218,20220218,112029500,11:20:31,5734,63399,89012,3630226740,0,0,0
SR207,20220218,20220218,112030000,11:20:31,5734,63399,89012,3630226740,0,0,0
SR207,20220218,20220218,112030500,11:20:31,5734,63399,89012,3630226740,0,0,0
SR207,20220218,20220218,112032500,11:20:32,5734,63399,89012,3630226740,0,0,0
SR207,20220218,20220218,112033000,11:20:33,5734,63399,89012,3630226740,0,0,0
SR207,20220218,20220218,112034000,11:20:34,5734,63399,89012,3630226740,0,0,0
SR207,20220218,20220218,112034500,11:20:35,5734,63399,89012,3630226740,0,0,0
SR207,20220218,20220218,112035000,11:20:35,5734,63399,89012,3630226740,0,0,0
SR207,20220218,20220218,112035500,11:20:35,5734,63399,89012,3630226740,0,0,0
SR207,20220218,20220218,112037500,11:20:38,5734,63399,89012,3630226740,0,0,0
SR207,20220218,20220218,112038500,11:20:39,5734,63399,89012,3630226740,0,0,0
SR207,20220218,20220218,112039000,11:20:39,5734,63399,89012,3630226740,0,0,0
SR207,20220218,20220218,112039500,11:20:40,5734,63399,89012,3630226740,0,0,0
SR207,20220218,20220218,112040000,11:20:41,5734,63399,89012,3630226740,0,0,0
SR207,20220218,20220218,112040500,11:20:41,5734,63399,89012,3630226740,0,0,0
SR207,20220218,20220218,112042000,11:20:42,5734,63399,89012,3630226740,0,0,0
SR207,20220218,20220218,112043500,11:20:44,5734,63399,89012,3630226740,0,0,0
SR207,20220218,20220218,112044500,11:20:45,5734,63399,89012,3630226740,0,0,0
SR207,20220218,20220218,112045000,11:20:45,5734,63399,89012,3630226740,0,0,0
SR207,20220218,20220218,112045500,11:20:46,5734,63399,89012,3630226740,0,0,0
SR207,20220218,20220218,112046000,11:20:46,5734,63399,89012,3630226740,0,0,0
SR207,20220218,20220218,112046500,11:20:46,5734,63399,89012,3630226740,0,0,0
SR207,20220218,20220218,112047500,11:20:48,5734,63399,89012,3630226740,0,0,0
SR207,20220218,20220218,112048000,11:20:48,5734,63399,89012,3630226740,0,0,0
SR207,20220218,20220218,112050500,11:20:50,5734,63399,89012,3630226740,0,0,0
SR207,20220218,20220218,112051000,11:20:51,5734,63399,89012,3630226740,0,0,0
SR207,20220218,20220218,112053500,11:20:53,5734,63399,89012,3630226740,0,0,0
SR207,20220218,20220218,112054000,11:20:54,5734,63399,89012,3630226740,0,0,0
SR207,20220218,20220218,112054500,11:20:55,5734,63399,89012,3630226740,0,0,0
SR207,20220218,20220218,112055000,11:20:55,5734,63399,89012,3630226740,0,0,0
SR207,20220218,20220218,112056000,11:20:56,5734,63399,89012,3630226740,0,0,0
SR207,20220218,20220218,112056500,11:20:57,5734,63399,89012,3630226740,0,0,0
SR207,20220218,20220218,112057000,11:20:58,5734,63399,89012,3630226740,0,0,0
SR207,20220218,20220218,112057500,11:20:58,5734,63399,89012,3630226740,0,0,0
SR207,20220218,20220218,112058000,11:20:59,5734,63399,89012,3630226740,0,0,0
SR207,20220218,20220218,112058500,11:20:59,5734,63399,89012,3630226740,0,0,0
SR207,20220218,20220218,112059000,11:20:59,5734,63399,89012,3630226740,0,0,0
SR207,20220218,20220218,112059500,11:21:00,5734,63399,89012,3630226740,0,0,0
SR207,20220218,20220218,112100000,11:21:00,5734,63399,89012,3630226740,0,0,0
SR207,20220218,20220218,112101000,11:21:01,5734,63399,89012,3630226740,0,0,0
SR207,20220218,20220218,112101500,11:21:02,5734,63399,89012,3630226740,0,0,0
SR207,20220218,20220218,112102000,11:21:03,5734,63399,89012,3630226740,0,0,0
SR207,20220218,20220218,112102500,11:21:03,5734,63399,89012,3630226740,0,0,0
SR207,20220218,20220218,112103000,11:21:03,5734,63399,89012,3630226740,0,0,0
SR207,20220218,20220218,112103500,11:21:04,5734,63399,89012,3630226740,0,0,0
SR207,20220218,20220218,112104000,11:21:04,5734,63399,89012,3630226740,0,0,0
SR207,20220218,20220218,112104500,11:21:05,5734,63399,89012,3630226740,0,0,0
SR207,20220218,20220218,112105000,11:21:06,5734,63399,89012,3630226740,0,0,0
SR207,20220218,20220218,112105500,11:21:07,5734,63399,89012,3630226740,0,0,0
SR207,20220218,20220218,112106000,11:21:07,5734,63399,89012,3630226740,0,0,0
SR207,20220218,20220218,112107000,11:21:10,5734,63399,89012,3630226740,0,0,0
SR207,20220218,20220218,112108000,11:21:10,5734,63399,89012,3630226740,0,0,0
SR207,20220218,20220218,112109500,11:21:10,5734,63399,89012,3630226740,0,0,0
SR207,20220218,20220218,112111000,11:21:11,5734,63399,89012,3630226740,0,0,0
SR207,20220218,20220218,112111500,11:21:12,5734,63399,89012,3630226740,0,0,0
SR207,20220218,20220218,112112500,11:21:13,5734,63399,89012,3630226740,0,0,0
SR207,20220218,20220218,112113500,11:21:13,5734,63399,89012,3630226740,0,0,0
SR207,20220218,20220218,112117000,11:21:17,5734,63399,89012,3630226740,0,0,0
SR207,20220218,20220218,112117500,11:21:18,5734,63399,89012,3630226740,0,0,0
SR207,20220218,20220218,112118000,11:21:18,5734,63399,89012,3630226740,0,0,0
SR207,20220218,20220218,112118500,11:21:18,5734,63399,89012,3630226740,0,0,0
SR207,20220218,20220218,112119000,11:21:19,5734,63399,89012,3630226740,0,0,0
SR207,20220218,20220218,112119500,11:21:20,5734,63399,89012,3630226740,0,0,0
SR207,20220218,20220218,112120000,11:21:20,5734,63399,89012,3630226740,0,0,0
SR207,20220218,20220218,112120500,11:21:22,5734,63399,89012,3630226740,0,0,0
SR207,20220218,20220218,112121000,11:21:22,5734,63399,89012,3630226740,0,0,0
SR207,20220218,20220218,112121500,11:21:22,5734,63399,89012,3630226740,0,0,0
SR207,20220218,20220218,112122000,11:21:22,5734,63399,89012,3630226740,0,0,0
SR207,20220218,20220218,112122500,11:21:22,5734,63399,89012,3630226740,0,0,0
SR207,20220218,20220218,112123000,11:21:23,5734,63399,89012,3630226740,0,0,0
SR207,20220218,20220218,112123500,11:21:24,5734,63492,88961,3635551920,93,-51,5325180
SR207,20220218,20220218,112124000,11:21:24,5734,63492,88961,3635551920,0,0,0
SR207,20220218,20220218,112124500,11:21:25,5734,63492,88961,3635551920,0,0,0
SR207,20220218,20220218,112125000,11:23:32,5734,63492,88961,3635551920,0,0,0
SR207,20220218,20220218,112125500,11:23:32,5734,63492,88961,3635551920,0,0,0
SR207,20220218,20220218,112331000,11:23:33,5734,63492,88961,3635551920,0,0,0
SR207,20220218,20220218,112334000,11:23:34,5734,63492,88961,3635551920,0,0,0
SR207,20220218,20220218,112337000,11:23:38,5734,63492,88961,3635551920,0,0,0
SR207,20220218,20220218,112340000,11:23:40,5734,63492,88961,3635551920,0,0,0
SR207,20220218,20220218,112343500,11:23:43,5734,63492,88961,3635551920,0,0,0
SR207,20220218,20220218,112344000,11:23:48,5734,63492,88961,3635551920,0,0,0
SR207,20220218,20220218,112347000,11:23:48,5734,63492,88961,3635551920,0,0,0
SR207,20220218,20220218,112348500,11:23:49,5734,63492,88961,3635551920,0,0,0
SR207,20220218,20220218,112349000,11:23:49,5734,63492,88961,3635551920,0,0,0
SR207,20220218,20220218,112349500,11:23:50,5734,63492,88961,3635551920,0,0,0
SR207,20220218,20220218,112350000,11:23:50,5734,63492,88961,3635551920,0,0,0
SR207,20220218,20220218,112350500,11:23:50,5734,63492,88961,3635551920,0,0,0
SR207,20220218,20220218,112351500,11:23:51,5734,63492,88961,3635551920,0,0,0
SR207,20220218,20220218,112354500,11:23:55,5734,63492,88961,3635551920,0,0,0
SR207,20220218,20220218,112357500,11:23:57,5734,63492,88961,3635551920,0,0,0
SR207,20220218,20220218,112358000,11:23:58,5734,63492,88961,3635551920,0,0,0
SR207,20220218,20220218,112400000,11:24:00,5734,63789,89029,3652558140,297,68,17006220
SR207,20220218,20220218,112400500,11:24:00,5734,63789,89029,3652558140,0,0,0
SR207,20220218,20220218,112401000,11:24:01,5734,63789,89029,3652558140,0,0,0
SR207,20220218,20220218,112402500,11:24:02,5734,63789,89029,3652558140,0,0,0
SR207,20220218,20220218,112403000,11:24:03,5734,63789,89029,3652558140,0,0,0
SR207,20220218,20220218,112403500,11:24:04,5734,63789,89029,3652558140,0,0,0
SR207,20220218,20220218,112404000,11:24:04,5734,63789,89029,3652558140,0,0,0
SR207,20220218,20220218,112405000,11:24:05,5734,63789,89029,3652558140,0,0,0
SR207,20220218,20220218,112405500,11:24:05,5734,63789,89029,3652558140,0,0,0
SR207,20220218,20220218,112406000,11:24:06,5734,63789,89029,3652558140,0,0,0
SR207,20220218,20220218,112406500,11:24:06,5734,63789,89029,3652558140,0,0,0
SR207,20220218,20220218,112407500,11:24:08,5734,63789,89029,3652558140,0,0,0
SR207,20220218,20220218,112411500,11:24:12,5734,63789,89029,3652558140,0,0,0
SR207,20220218,20220218,112412000,11:24:12,5734,63789,89029,3652558140,0,0,0
SR207,20220218,20220218,112412500,11:24:13,5734,63789,89029,3652558140,0,0,0
SR207,20220218,20220218,112413000,11:24:14,5734,63789,89029,3652558140,0,0,0
SR207,20220218,20220218,112413500,11:24:14,5734,63789,89029,3652558140,0,0,0
SR207,20220218,20220218,112414000,11:24:14,5734,63789,89029,3652558140,0,0,0
SR207,20220218,20220218,112414500,11:24:15,5734,63789,89029,3652558140,0,0,0
SR207,20220218,20220218,112415000,11:24:15,5734,63789,89029,3652558140,0,0,0
SR207,20220218,20220218,112415500,11:24:15,5734,63789,89029,3652558140,0,0,0
SR207,20220218,20220218,112417000,11:24:17,5734,63789,89029,3652558140,0,0,0
SR207,20220218,20220218,112418000,11:24:18,5734,63789,89029,3652558140,0,0,0
SR207,20220218,20220218,112419000,11:24:19,5734,63789,89029,3652558140,0,0,0
SR207,20220218,20220218,112420000,11:24:20,5734,63789,89029,3652558140,0,0,0
SR207,20220218,20220218,112421500,11:24:22,5734,63789,89029,3652558140,0,0,0
SR207,20220218,20220218,112422000,11:24:22,5734,63789,89029,3652558140,0,0,0
SR207,20220218,20220218,112422500,11:24:23,5734,63789,89029,3652558140,0,0,0
SR207,20220218,20220218,112423500,11:24:24,5734,63789,89029,3652558140,0,0,0
SR207,20220218,20220218,112425000,11:24:25,5734,63789,89029,3652558140,0,0,0
SR207,20220218,20220218,112425500,11:24:25,5734,63789,89029,3652558140,0,0,0
SR207,20220218,20220218,112426500,11:24:26,5734,63789,89029,3652558140,0,0,0
SR207,20220218,20220218,112427500,11:24:28,5734,63789,89029,3652558140,0,0,0
SR207,20220218,20220218,112429500,11:24:30,5734,63789,89029,3652558140,0,0,0
SR207,20220218,20220218,112430000,11:24:30,5734,63789,89029,3652558140,0,0,0
SR207,20220218,20220218,112431500,11:24:31,5734,63789,89029,3652558140,0,0,0
SR207,20220218,20220218,112432500,11:24:33,5734,63789,89029,3652558140,0,0,0
SR207,20220218,20220218,112433000,11:24:33,5734,63789,89029,3652558140,0,0,0
SR207,20220218,20220218,112434000,11:24:34,5734,63789,89029,3652558140,0,0,0
SR207,20220218,20220218,112434500,11:24:34,5734,63789,89029,3652558140,0,0,0
SR207,20220218,20220218,112436000,11:24:36,5734,63789,89029,3652558140,0,0,0
SR207,20220218,20220218,112436500,11:24:36,5734,63789,89029,3652558140,0,0,0
SR207,20220218,20220218,112439000,11:24:40,5734,63789,89029,3652558140,0,0,0
SR207,20220218,20220218,112440000,11:24:40,5734,63790,89029,3652615400,1,0,57260
SR207,20220218,20220218,112440500,11:24:40,5734,63790,89029,3652615400,0,0,0
SR207,20220218,20220218,112441000,11:24:41,5734,63790,89029,3652615400,0,0,0
SR207,20220218,20220218,112442000,11:24:42,5734,63790,89029,3652615400,0,0,0
SR207,20220218,20220218,112445000,11:24:45,5734,63790,89029,3652615400,0,0,0
SR207,20220218,20220218,112446500,11:24:46,5734,63790,89029,3652615400,0,0,0
SR207,20220218,20220218,112447000,11:24:47,5734,63790,89029,3652615400,0,0,0
SR207,20220218,20220218,112447500,11:24:47,5734,63790,89029,3652615400,0,0,0
SR207,20220218,20220218,112448000,11:24:48,5734,63790,89029,3652615400,0,0,0
SR207,20220218,20220218,112449000,11:24:49,5734,63790,89029,3652615400,0,0,0
SR207,20220218,20220218,112450000,11:24:50,5734,63790,89029,3652615400,0,0,0
SR207,20220218,20220218,112451000,11:24:51,5734,63790,89029,3652615400,0,0,0
SR207,20220218,20220218,112452500,11:24:52,5734,63790,89029,3652615400,0,0,0
SR207,20220218,20220218,112454000,11:24:54,5734,63790,89029,3652615400,0,0,0
SR207,20220218,20220218,112454500,11:24:54,5734,63790,89029,3652615400,0,0,0
SR207,20220218,20220218,112456000,11:24:56,5734,63790,89029,3652615400,0,0,0
SR207,20220218,20220218,112457500,11:24:57,5734,63790,89029,3652615400,0,0,0
SR207,20220218,20220218,112500000,11:25:01,5734,63790,89029,3652615400,0,0,0
SR207,20220218,20220218,112500500,11:25:01,5734,63790,89029,3652615400,0,0,0
SR207,20220218,20220218,112502000,11:25:05,5734,63790,89029,3652615400,0,0,0
SR207,20220218,20220218,112504000,11:25:06,5734,63790,89029,3652615400,0,0,0
SR207,20220218,20220218,112505000,11:25:06,5734,63790,89029,3652615400,0,0,0
SR207,20220218,20220218,112507500,11:25:07,5734,63790,89029,3652615400,0,0,0
SR207,20220218,20220218,112508000,11:25:08,5734,63790,89029,3652615400,0,0,0
SR207,20220218,20220218,112508500,11:25:09,5734,63790,89029,3652615400,0,0,0
SR207,20220218,20220218,112511000,11:25:11,5734,63790,89029,3652615400,0,0,0
SR207,20220218,20220218,112512000,11:25:12,5734,63790,89029,3652615400,0,0,0
SR207,20220218,20220218,112512500,11:25:12,5734,63790,89029,3652615400,0,0,0
SR207,20220218,20220218,112513500,11:25:15,5734,63790,89029,3652615400,0,0,0
SR207,20220218,20220218,112514000,11:25:15,5734,63790,89029,3652615400,0,0,0
SR207,20220218,20220218,112514500,11:25:16,5734,63790,89029,3652615400,0,0,0
SR207,20220218,20220218,112518000,11:25:19,5734,63790,89029,3652615400,0,0,0
SR207,20220218,20220218,112518500,11:25:19,5734,63790,89029,3652615400,0,0,0
SR207,20220218,20220218,112519000,11:25:19,5734,63794,89028,3652844440,4,-1,229040
SR207,20220218,20220218,112519500,11:25:19,5734,63794,89028,3652844440,0,0,0
SR207,20220218,20220218,112521000,11:25:22,5734,63794,89028,3652844440,0,0,0
SR207,20220218,20220218,112522000,11:25:22,5734,63794,89028,3652844440,0,0,0
SR207,20220218,20220218,112522500,11:25:23,5734,63795,89027,3652901700,1,-1,57260
SR207,20220218,20220218,112523000,11:25:23,5734,63795,89027,3652901700,0,0,0
SR207,20220218,20220218,112524000,11:25:25,5734,63795,89027,3652901700,0,0,0
SR207,20220218,20220218,112525000,11:25:25,5734,63796,89026,3652958960,1,-1,57260
SR207,20220218,20220218,112525500,11:25:26,5734,63796,89026,3652958960,0,0,0
SR207,20220218,20220218,112526000,11:25:26,5734,63796,89026,3652958960,0,0,0
SR207,20220218,20220218,112528000,11:25:28,5734,63796,89026,3652958960,0,0,0
SR207,20220218,20220218,112531000,11:25:31,5734,63796,89026,3652958960,0,0,0
SR207,20220218,20220218,112531500,11:25:32,5734,63796,89026,3652958960,0,0,0
SR207,20220218,20220218,112532500,11:25:33,5734,63796,89026,3652958960,0,0,0
SR207,20220218,20220218,112533000,11:25:33,5734,63796,89026,3652958960,0,0,0
SR207,20220218,20220218,112534000,11:25:34,5734,63796,89026,3652958960,0,0,0
SR207,20220218,20220218,112535000,11:25:37,5734,63796,89026,3652958960,0,0,0
SR207,20220218,20220218,112536500,11:25:37,5734,63796,89026,3652958960,0,0,0
SR207,20220218,20220218,112537000,11:25:38,5734,63796,89026,3652958960,0,0,0
SR207,20220218,20220218,112538000,11:25:38,5734,63796,89026,3652958960,0,0,0
SR207,20220218,20220218,112538500,11:25:39,5734,63796,89026,3652958960,0,0,0
SR207,20220218,20220218,112541500,11:25:41,5734,63796,89026,3652958960,0,0,0
SR207,20220218,20220218,112544500,11:25:44,5734,63796,89026,3652958960,0,0,0
SR207,20220218,20220218,112545000,11:25:45,5734,63808,89036,3653646080,12,10,687120
SR207,20220218,20220218,112545500,11:25:46,5734,63808,89036,3653646080,0,0,0
SR207,20220218,20220218,112546500,11:25:48,5734,63808,89036,3653646080,0,0,0
SR207,20220218,20220218,112547000,11:25:48,5734,63808,89036,3653646080,0,0,0
SR207,20220218,20220218,112547500,11:25:48,5734,63808,89036,3653646080,0,0,0
SR207,20220218,20220218,112549000,11:25:49,5734,63808,89036,3653646080,0,0,0
SR207,20220218,20220218,112551000,11:25:51,5734,63808,89036,3653646080,0,0,0
SR207,20220218,20220218,112555000,11:25:55,5734,63808,89036,3653646080,0,0,0
SR207,20220218,20220218,112556500,11:25:57,5734,63808,89036,3653646080,0,0,0
SR207,20220218,20220218,112558500,11:25:59,5734,63808,89036,3653646080,0,0,0
SR207,20220218,20220218,112559000,11:26:00,5734,63808,89036,3653646080,0,0,0
SR207,20220218,20220218,112559500,11:26:00,5734,63808,89036,3653646080,0,0,0
SR207,20220218,20220218,112600000,11:26:00,5734,63808,89036,3653646080,0,0,0
SR207,20220218,20220218,112600500,11:26:01,5734,63808,89036,3653646080,0,0,0
SR207,20220218,20220218,112601000,11:26:01,5734,63808,89036,3653646080,0,0,0
SR207,20220218,20220218,112601500,11:26:02,5734,63808,89036,3653646080,0,0,0
SR207,20220218,20220218,112602500,11:26:03,5734,63808,89036,3653646080,0,0,0
SR207,20220218,20220218,112604500,11:26:05,5734,63808,89036,3653646080,0,0,0
SR207,20220218,20220218,112605000,11:26:05,5734,63808,89036,3653646080,0,0,0
SR207,20220218,20220218,112605500,11:26:06,5734,63808,89036,3653646080,0,0,0
SR207,20220218,20220218,112606500,11:26:09,5734,63808,89036,3653646080,0,0,0
SR207,20220218,20220218,112607500,11:26:09,5734,63808,89036,3653646080,0,0,0
SR207,20220218,20220218,112609000,11:26:10,5734,63808,89036,3653646080,0,0,0
SR207,20220218,20220218,112609500,11:26:10,5734,63808,89036,3653646080,0,0,0
SR207,20220218,20220218,112610000,11:26:10,5734,63808,89036,3653646080,0,0,0
SR207,20220218,20220218,112610500,11:26:11,5734,63808,89036,3653646080,0,0,0
SR207,20220218,20220218,112611000,11:26:11,5734,63808,89036,3653646080,0,0,0
SR207,20220218,20220218,112611500,11:26:13,5734,63808,89036,3653646080,0,0,0
SR207,20220218,20220218,112612000,11:26:14,5734,63808,89036,3653646080,0,0,0
SR207,20220218,20220218,112614500,11:26:16,5734,63808,89036,3653646080,0,0,0
SR207,20220218,20220218,112617000,11:26:17,5734,63808,89036,3653646080,0,0,0
SR207,20220218,20220218,112619500,11:26:20,5734,63808,89036,3653646080,0,0,0
SR207,20220218,20220218,112620000,11:26:20,5734,63808,89036,3653646080,0,0,0
SR207,20220218,20220218,112621000,11:26:21,5734,63808,89036,3653646080,0,0,0
SR207,20220218,20220218,112622500,11:26:23,5734,63808,89036,3653646080,0,0,0
SR207,20220218,20220218,112623000,11:26:23,5734,63808,89036,3653646080,0,0,0
SR207,20220218,20220218,112623500,11:26:23,5734,63808,89036,3653646080,0,0,0
SR207,20220218,20220218,112624000,11:26:24,5735,63858,89059,3656509080,50,23,2863000
SR207,20220218,20220218,112624500,11:26:24,5735,63901,89062,3658971260,43,3,2462180
SR207,20220218,20220218,112625000,11:26:25,5735,63901,89062,3658971260,0,0,0
SR207,20220218,20220218,112625500,11:26:25,5735,63901,89062,3658971260,0,0,0
SR207,20220218,20220218,112626000,11:26:26,5735,63901,89062,3658971260,0,0,0
SR207,20220218,20220218,112627000,11:26:27,5735,63901,89062,3658971260,0,0,0
SR207,20220218,20220218,112627500,11:26:27,5735,63901,89062,3658971260,0,0,0
SR207,20220218,20220218,112628500,11:26:28,5735,63901,89062,3658971260,0,0,0
SR207,20220218,20220218,112629000,11:26:30,5735,63901,89062,3658971260,0,0,0
SR207,20220218,20220218,112630000,11:26:31,5735,63901,89062,3658971260,0,0,0
SR207,20220218,20220218,112632500,11:26:32,5735,63903,89062,3659085780,2,0,114520
SR207,20220218,20220218,112633000,11:26:33,5735,63903,89062,3659085780,0,0,0
SR207,20220218,20220218,112633500,11:26:34,5735,63903,89062,3659085780,0,0,0
SR207,20220218,20220218,112634000,11:26:37,5735,63903,89062,3659085780,0,0,0
SR207,20220218,20220218,112634500,11:26:37,5735,63903,89062,3659085780,0,0,0
SR207,20220218,20220218,112635000,11:26:37,5734,64012,89019,3665327120,109,-43,6241340
SR207,20220218,20220218,112635500,11:26:38,5734,64012,89019,3665327120,0,0,0
SR207,20220218,20220218,112637000,11:26:38,5734,64012,89019,3665327120,0,0,0
SR207,20220218,20220218,112638000,11:27:10,5734,64013,89019,3665384380,1,0,57260
SR207,20220218,20220218,112653500,11:27:10,5734,64013,89019,3665384380,0,0,0
SR207,20220218,20220218,112710000,11:27:12,5734,64013,89019,3665384380,0,0,0
SR207,20220218,20220218,112711500,11:27:12,5734,64013,89019,3665384380,0,0,0
SR207,20220218,20220218,112712500,11:27:13,5734,64013,89019,3665384380,0,0,0
SR207,20220218,20220218,112713500,11:27:14,5734,64013,89019,3665384380,0,0,0
SR207,20220218,20220218,112714000,11:27:15,5734,64013,89019,3665384380,0,0,0
SR207,20220218,20220218,112716500,11:27:17,5734,64074,89004,3668877240,61,-15,3492860
SR207,20220218,20220218,112717500,11:27:17,5734,64074,89004,3668877240,0,0,0
SR207,20220218,20220218,112719000,11:27:19,5734,64074,89004,3668877240,0,0,0
SR207,20220218,20220218,112719500,11:27:20,5734,64075,89003,3668934500,1,-1,57260
SR207,20220218,20220218,112720000,11:27:20,5734,64075,89003,3668934500,0,0,0
SR207,20220218,20220218,112720500,11:27:21,5734,64095,89023,3670079700,20,20,1145200
SR207,20220218,20220218,112725500,11:27:27,5734,64095,89023,3670079700,0,0,0
SR207,20220218,20220218,112728000,11:27:28,5734,64095,89023,3670079700,0,0,0
SR207,20220218,20220218,112731500,11:27:35,5734,64095,89023,3670079700,0,0,0
SR207,20220218,20220218,112735000,11:27:36,5734,64095,89023,3670079700,0,0,0
SR207,20220218,20220218,112737500,11:27:38,5734,64095,89023,3670079700,0,0,0
SR207,20220218,20220218,112739000,11:27:39,5734,64095,89023,3670079700,0,0,0
SR207,20220218,20220218,112740000,11:27:40,5734,64095,89023,3670079700,0,0,0
SR207,20220218,20220218,112745000,11:27:46,5734,64095,89023,3670079700,0,0,0
SR207,20220218,20220218,112749500,11:27:54,5734,64095,89023,3670079700,0,0,0
SR207,20220218,20220218,112753500,11:27:54,5734,64095,89023,3670079700,0,0,0
SR207,20220218,20220218,112755000,11:27:55,5734,64095,89023,3670079700,0,0,0
SR207,20220218,20220218,112755500,11:27:55,5734,64095,89023,3670079700,0,0,0
SR207,20220218,20220218,112756500,11:27:56,5734,64095,89023,3670079700,0,0,0
SR207,20220218,20220218,112758500,11:27:59,5734,64095,89023,3670079700,0,0,0
SR207,20220218,20220218,112759000,11:27:59,5734,64096,89023,3670136960,1,0,57260
SR207,20220218,20220218,112802000,11:28:03,5734,64096,89023,3670136960,0,0,0
SR207,20220218,20220218,112802500,11:28:03,5734,64096,89023,3670136960,0,0,0
SR207,20220218,20220218,112804000,11:28:05,5734,64096,89023,3670136960,0,0,0
SR207,20220218,20220218,112805500,11:28:07,5734,64096,89023,3670136960,0,0,0
SR207,20220218,20220218,112807000,11:28:10,5734,64096,89023,3670136960,0,0,0
SR207,20220218,20220218,112809500,11:28:11,5734,64096,89023,3670136960,0,0,0
SR207,20220218,20220218,112814500,11:28:15,5734,64096,89023,3670136960,0,0,0
SR207,20220218,20220218,112823000,11:28:23,5734,64101,89028,3670423260,5,5,286300
SR207,20220218,20220218,112823500,11:28:24,5734,64103,89026,3670537780,2,-2,114520
SR207,20220218,20220218,112824000,11:28:24,5734,64103,89026,3670537780,0,0,0
SR207,20220218,20220218,112825000,11:28:25,5734,64103,89026,3670537780,0,0,0
SR207,20220218,20220218,112828000,11:28:28,5734,64104,89026,3670595040,1,0,57260
SR207,20220218,20220218,112828500,11:28:28,5735,64105,89026,3670652300,1,0,57260
SR207,20220218,20220218,112830500,11:28:31,5735,64105,89026,3670652300,0,0,0
SR207,20220218,20220218,112831000,11:28:31,5735,64105,89026,3670652300,0,0,0
SR207,20220218,20220218,112831500,11:28:32,5735,64105,89026,3670652300,0,0,0
SR207,20220218,20220218,112833500,11:28:34,5735,64108,89026,3670824080,3,0,171780
SR207,20220218,20220218,112834000,11:28:34,5735,64108,89026,3670824080,0,0,0
SR207,20220218,20220218,112835500,11:28:37,5735,64108,89026,3670824080,0,0,0
SR207,20220218,20220218,112836500,11:28:37,5735,64108,89026,3670824080,0,0,0
SR207,20220218,20220218,112837000,11:28:37,5735,64108,89026,3670824080,0,0,0
SR207,20220218,20220218,112838000,11:28:38,5735,64108,89026,3670824080,0,0,0
SR207,20220218,20220218,112838500,11:28:38,5735,64108,89026,3670824080,0,0,0
SR207,20220218,20220218,112839500,11:28:40,5735,64108,89026,3670824080,0,0,0
SR207,20220218,20220218,112840000,11:28:40,5735,64108,89026,3670824080,0,0,0
SR207,20220218,20220218,112841000,11:28:41,5735,64108,89026,3670824080,0,0,0
SR207,20220218,20220218,112842000,11:28:42,5735,64108,89026,3670824080,0,0,0
SR207,20220218,20220218,112846000,11:28:46,5735,64108,89026,3670824080,0,0,0
SR207,20220218,20220218,112846500,11:28:46,5735,64108,89026,3670824080,0,0,0
SR207,20220218,20220218,112847500,11:28:48,5735,64108,89026,3670824080,0,0,0
SR207,20220218,20220218,112848500,11:28:48,5735,64108,89026,3670824080,0,0,0
SR207,20220218,20220218,112851500,11:28:52,5735,64108,89026,3670824080,0,0,0
SR207,20220218,20220218,112852000,11:28:53,5735,64108,89026,3670824080,0,0,0
SR207,20220218,20220218,112853000,11:28:54,5735,64108,89026,3670824080,0,0,0
SR207,20220218,20220218,112855000,11:28:55,5735,64108,89026,3670824080,0,0,0
SR207,20220218,20220218,112857000,11:28:57,5735,64108,89026,3670824080,0,0,0
SR207,20220218,20220218,112859000,11:28:59,5735,64108,89026,3670824080,0,0,0
SR207,20220218,20220218,112900500,11:29:01,5735,64108,89026,3670824080,0,0,0
SR207,20220218,20220218,112901000,11:29:01,5735,64108,89026,3670824080,0,0,0
SR207,20220218,20220218,112902000,11:29:03,5735,64108,89026,3670824080,0,0,0
SR207,20220218,20220218,112902500,11:29:03,5735,64108,89026,3670824080,0,0,0
SR207,20220218,20220218,112903000,11:29:03,5733,64113,89021,3671110380,5,-5,286300
SR207,20220218,20220218,112903500,11:29:04,5733,64113,89021,3671110380,0,0,0
SR207,20220218,20220218,112904000,11:29:04,5733,64113,89021,3671110380,0,0,0
SR207,20220218,20220218,112904500,11:29:04,5733,64113,89021,3671110380,0,0,0
SR207,20220218,20220218,112905000,11:29:05,5733,64113,89021,3671110380,0,0,0
SR207,20220218,20220218,112905500,11:29:06,5733,64113,89021,3671110380,0,0,0
SR207,20220218,20220218,112906000,11:29:06,5733,64113,89021,3671110380,0,0,0
SR207,20220218,20220218,112906500,11:29:06,5733,64113,89021,3671110380,0,0,0
SR207,20220218,20220218,112907500,11:29:08,5733,64113,89021,3671110380,0,0,0
SR207,20220218,20220218,112908500,11:29:08,5733,64113,89021,3671110380,0,0,0
SR207,20220218,20220218,112909500,11:29:09,5733,64113,89021,3671110380,0,0,0
SR207,20220218,20220218,112910000,11:29:10,5733,64113,89021,3671110380,0,0,0
SR207,20220218,20220218,112910500,11:29:11,5733,64113,89021,3671110380,0,0,0
SR207,20220218,20220218,112911000,11:29:11,5733,64113,89021,3671110380,0,0,0
SR207,20220218,20220218,112913500,11:29:14,5733,64113,89021,3671110380,0,0,0
SR207,20220218,20220218,112914500,11:29:15,5733,64113,89021,3671110380,0,0,0
SR207,20220218,20220218,112915000,11:29:15,5733,64113,89021,3671110380,0,0,0
SR207,20220218,20220218,112916000,11:29:16,5733,64113,89021,3671110380,0,0,0
SR207,20220218,20220218,112917000,11:29:20,5733,64113,89021,3671110380,0,0,0
SR207,20220218,20220218,112917500,11:29:21,5733,64113,89021,3671110380,0,0,0
SR207,20220218,20220218,112918000,11:29:21,5733,64113,89021,3671110380,0,0,0
SR207,20220218,20220218,112920000,11:29:21,5733,64113,89021,3671110380,0,0,0
SR207,20220218,20220218,112922000,11:29:24,5733,64113,89021,3671110380,0,0,0
SR207,20220218,20220218,112922500,11:29:24,5733,64113,89021,3671110380,0,0,0
SR207,20220218,20220218,112923000,11:29:24,5733,64113,89021,3671110380,0,0,0
SR207,20220218,20220218,112924500,11:29:25,5733,64113,89021,3671110380,0,0,0
SR207,20220218,20220218,112925500,11:29:25,5733,64113,89021,3671110380,0,0,0
SR207,20220218,20220218,112926500,11:29:26,5733,64113,89021,3671110380,0,0,0
SR207,20220218,20220218,112928500,11:29:29,5733,64113,89021,3671110380,0,0,0
SR207,20220218,20220218,112929500,11:29:30,5733,64113,89021,3671110380,0,0,0
SR207,20220218,20220218,112930000,11:29:30,5733,64113,89021,3671110380,0,0,0
SR207,20220218,20220218,112931000,11:29:32,5733,64113,89021,3671110380,0,0,0
SR207,20220218,20220218,112931500,11:29:32,5733,64147,89011,3673057220,34,-10,1946840
SR207,20220218,20220218,112932000,11:29:36,5733,64147,89011,3673057220,0,0,0
SR207,20220218,20220218,112932500,11:29:37,5733,64147,89011,3673057220,0,0,0
SR207,20220218,20220218,112933000,11:29:37,5733,64147,89011,3673057220,0,0,0
SR207,20220218,20220218,112933500,11:29:38,5733,64148,89010,3673114480,1,-1,57260
SR207,20220218,20220218,112936000,11:29:38,5733,64152,89006,3673343520,4,-4,229040
SR207,20220218,20220218,112937500,11:29:38,5733,64152,89006,3673343520,0,0,0
SR207,20220218,20220218,112938000,11:29:38,5733,64152,89006,3673343520,0,0,0
SR207,20220218,20220218,112939000,11:29:39,5733,64152,89006,3673343520,0,0,0
SR207,20220218,20220218,112939500,11:29:40,5733,64152,89006,3673343520,0,0,0
SR207,20220218,20220218,112941000,11:29:41,5733,64152,89006,3673343520,0,0,0
SR207,20220218,20220218,112942000,11:29:44,5733,64156,89002,3673572560,4,-4,229040
SR207,20220218,20220218,112942500,11:29:45,5733,64156,89002,3673572560,0,0,0
SR207,20220218,20220218,112943000,11:29:45,5733,64167,89001,3674202420,11,-1,629860
SR207,20220218,20220218,112943500,11:29:45,5733,64167,89001,3674202420,0,0,0
SR207,20220218,20220218,112945000,11:29:46,5733,64167,89001,3674202420,0,0,0
SR207,20220218,20220218,112945500,11:29:46,5733,64167,89001,3674202420,0,0,0
SR207,20220218,20220218,112946000,11:29:47,5733,64167,89001,3674202420,0,0,0
SR207,20220218,20220218,112946500,11:29:47,5733,64167,89001,3674202420,0,0,0
SR207,20220218,20220218,112948000,11:29:49,5733,64167,89001,3674202420,0,0,0
SR207,20220218,20220218,112948500,11:29:50,5733,64167,89001,3674202420,0,0,0
SR207,20220218,20220218,112949000,11:29:50,5733,64167,89001,3674202420,0,0,0
SR207,20220218,20220218,112949500,11:29:50,5733,64167,89001,3674202420,0,0,0
SR207,20220218,20220218,112950000,11:29:51,5733,64167,89001,3674202420,0,0,0
SR207,20220218,20220218,112951500,11:29:52,5733,64167,89001,3674202420,0,0,0
SR207,20220218,20220218,112952000,11:29:53,5733,64167,89001,3674202420,0,0,0
SR207,20220218,20220218,112952500,11:29:53,5733,64167,89001,3674202420,0,0,0
SR207,20220218,20220218,112953000,11:29:54,5733,64167,89001,3674202420,0,0,0
SR207,20220218,20220218,112953500,11:29:54,5733,64167,89001,3674202420,0,0,0
SR207,20220218,20220218,112954000,11:29:54,5733,64167,89001,3674202420,0,0,0
SR207,20220218,20220218,112954500,11:29:54,5733,64167,89001,3674202420,0,0,0
SR207,20220218,20220218,112955000,11:29:55,5733,64167,89001,3674202420,0,0,0
SR207,20220218,20220218,112955500,11:29:56,5732,64172,89004,3674488720,5,3,286300
SR207,20220218,20220218,112956000,11:30:00,5732,64172,89004,3674488720,0,0,0
SR207,20220218,20220218,112956500,11:30:00,5732,64172,89004,3674488720,0,0,0
SR207,20220218,20220218,112957000,11:30:00,5732,64172,89004,3674488720,0,0,0
SR207,20220218,20220218,112959000,11:30:02,5732,64172,89004,3674488720,0,0,0
SR207,20220218,20220218,113000500,11:30:03,5732,64172,89004,3674488720,0,0,0
SR207,20220218,20220218,133001000,13:30:01,5732,64172,89004,3674488720,0,0,0
SR207,20220218,20220218,133001500,13:30:02,5732,64172,89004,3674488720,0,0,0
SR207,20220218,20220218,133002000,13:30:08,5732,64172,89004,3674488720,0,0,0
SR207,20220218,20220218,133002500,13:30:10,5732,64172,89004,3674488720,0,0,0
SR207,20220218,20220218,133008000,13:30:10,5732,64172,89004,3674488720,0,0,0
SR207,20220218,20220218,133008500,13:30:10,5732,64172,89004,3674488720,0,0,0
SR207,20220218,20220218,133011000,13:30:13,5732,64172,89004,3674488720,0,0,0
SR207,20220218,20220218,133012500,13:30:13,5732,64172,89004,3674488720,0,0,0
SR207,20220218,20220218,133014000,13:30:16,5732,64172,89004,3674488720,0,0,0
SR207,20220218,20220218,133014500,13:30:16,5732,64186,89001,3675290360,14,-3,801640
SR207,20220218,20220218,133015000,13:30:18,5732,64186,89001,3675290360,0,0,0
SR207,20220218,20220218,133016500,13:30:18,5732,64186,89001,3675290360,0,0,0
SR207,20220218,20220218,133017000,13:30:18,5731,64191,89002,3675576660,5,1,286300
SR207,20220218,20220218,133017500,13:30:18,5731,64191,89002,3675576660,0,0,0
SR207,20220218,20220218,133018000,13:30:19,5731,64191,89002,3675576660,0,0,0
SR207,20220218,20220218,133018500,13:30:20,5731,64191,89002,3675576660,0,0,0
SR207,20220218,20220218,133019000,13:30:20,5731,64191,89002,3675576660,0,0,0
SR207,20220218,20220218,133019500,13:30:21,5731,64191,89002,3675576660,0,0,0
SR207,20220218,20220218,133020000,13:30:21,5731,64191,89002,3675576660,0,0,0
SR207,20220218,20220218,133020500,13:30:21,5731,64191,89002,3675576660,0,0,0
SR207,20220218,20220218,133021000,13:30:21,5731,64191,89002,3675576660,0,0,0
SR207,20220218,20220218,133021500,13:30:22,5731,64191,89002,3675576660,0,0,0
SR207,20220218,20220218,133022000,13:30:38,5731,64191,89002,3675576660,0,0,0
SR207,20220218,20220218,133022500,13:30:38,5731,64191,89002,3675576660,0,0,0
SR207,20220218,20220218,133023000,13:30:40,5731,64191,89002,3675576660,0,0,0
SR207,20220218,20220218,133038000,13:30:40,5731,64191,89002,3675576660,0,0,0
SR207,20220218,20220218,133040500,13:30:42,5731,64191,89002,3675576660,0,0,0
SR207,20220218,20220218,133041000,13:30:43,5731,64191,89002,3675576660,0,0,0
SR207,20220218,20220218,133042000,13:30:44,5731,64191,89002,3675576660,0,0,0
SR207,20220218,20220218,133042500,13:30:44,5731,64191,89002,3675576660,0,0,0
SR207,20220218,20220218,133043000,13:30:44,5731,64191,89002,3675576660,0,0,0
SR207,20220218,20220218,133043500,13:30:45,5731,64191,89002,3675576660,0,0,0
SR207,20220218,20220218,133044500,13:30:46,5731,64191,89002,3675576660,0,0,0
SR207,20220218,20220218,133045500,13:30:47,5731,64191,89002,3675576660,0,0,0
SR207,20220218,20220218,133046000,13:30:47,5731,64191,89002,3675576660,0,0,0
SR207,20220218,20220218,133046500,13:30:47,5731,64191,89002,3675576660,0,0,0
SR207,20220218,20220218,133047000,13:30:48,5731,64191,89002,3675576660,0,0,0
SR207,20220218,20220218,133047500,13:30:48,5732,64200,89002,3676092000,9,0,515340
SR207,20220218,20220218,133048000,13:30:49,5732,64200,89002,3676092000,0,0,0
SR207,20220218,20220218,133049500,13:30:50,5732,64200,89002,3676092000,0,0,0
SR207,20220218,20220218,133051000,13:30:52,5732,64200,89002,3676092000,0,0,0
SR207,20220218,20220218,133051500,13:30:52,5732,64200,89002,3676092000,0,0,0
SR207,20220218,20220218,133052000,13:30:53,5732,64200,89002,3676092000,0,0,0
SR207,20220218,20220218,133052500,13:30:54,5732,64200,89002,3676092000,0,0,0
SR207,20220218,20220218,133054000,13:30:55,5732,64200,89002,3676092000,0,0,0
SR207,20220218,20220218,133054500,13:30:55,5733,64201,89002,3676149260,1,0,57260
SR207,20220218,20220218,133056500,13:30:57,5733,64201,89002,3676149260,0,0,0
SR207,20220218,20220218,133057000,13:30:58,5731,64202,89002,3676206520,1,0,57260
SR207,20220218,20220218,133057500,13:30:58,5731,64202,89002,3676206520,0,0,0
SR207,20220218,20220218,133058000,13:30:58,5731,64202,89002,3676206520,0,0,0
SR207,20220218,20220218,133058500,13:30:59,5731,64202,89002,3676206520,0,0,0
SR207,20220218,20220218,133059000,13:30:59,5731,64202,89002,3676206520,0,0,0
SR207,20220218,20220218,133100500,13:31:01,5731,64202,89002,3676206520,0,0,0
SR207,20220218,20220218,133101000,13:31:01,5732,64205,89004,3676378300,3,2,171780
SR207,20220218,20220218,133101500,13:31:01,5732,64205,89004,3676378300,0,0,0
SR207,20220218,20220218,133102000,13:31:02,5732,64205,89004,3676378300,0,0,0
SR207,20220218,20220218,133102500,13:31:03,5732,64205,89004,3676378300,0,0,0
SR207,20220218,20220218,133103000,13:31:03,5732,64205,89004,3676378300,0,0,0
SR207,20220218,20220218,133103500,13:31:05,5732,64205,89004,3676378300,0,0,0
SR207,20220218,20220218,133104000,13:31:06,5732,64205,89004,3676378300,0,0,0
SR207,20220218,20220218,133104500,13:31:07,5732,64205,89004,3676378300,0,0,0
SR207,20220218,20220218,133105500,13:31:07,5732,64205,89004,3676378300,0,0,0
SR207,20220218,20220218,133106500,13:31:08,5732,64205,89004,3676378300,0,0,0
SR207,20220218,20220218,133108000,13:31:09,5732,64205,89004,3676378300,0,0,0
SR207,20220218,20220218,133109500,13:31:10,5732,64205,89004,3676378300,0,0,0
SR207,20220218,20220218,133110000,13:31:11,5732,64205,89004,3676378300,0,0,0
SR207,20220218,20220218,133111500,13:31:12,5732,64205,89004,3676378300,0,0,0
SR207,20220218,20220218,133112000,13:31:13,5732,64205,89004,3676378300,0,0,0
SR207,20220218,20220218,133112500,13:31:13,5732,64205,89004,3676378300,0,0,0
SR207,20220218,20220218,133113000,13:31:14,5732,64208,89007,3676550080,3,3,171780
SR207,20220218,20220218,133113500,13:31:15,5732,64235,89031,3678096100,27,24,1546020
SR207,20220218,20220218,133114000,13:31:15,5732,64235,89031,3678096100,0,0,0
SR207,20220218,20220218,133114500,13:31:15,5732,64235,89031,3678096100,0,0,0
SR207,20220218,20220218,133115000,13:31:15,5732,64235,89031,3678096100,0,0,0
SR207,20220218,20220218,133115500,13:31:16,5732,64235,89031,3678096100,0,0,0
SR207,20220218,20220218,133116000,13:31:16,5732,64235,89031,3678096100,0,0,0
SR207,20220218,20220218,133116500,13:31:17,5732,64235,89031,3678096100,0,0,0
SR207,20220218,20220218,133117000,13:31:18,5732,64235,89031,3678096100,0,0,0
SR207,20220218,20220218,133117500,13:31:18,5732,64235,89031,3678096100,0,0,0
SR207,20220218,20220218,133118000,13:31:19,5732,64235,89031,3678096100,0,0,0
SR207,20220218,20220218,133118500,13:31:19,5732,64235,89031,3678096100,0,0,0
SR207,20220218,20220218,133119000,13:31:20,5732,64235,89031,3678096100,0,0,0
SR207,20220218,20220218,133119500,13:31:20,5732,64235,89031,3678096100,0,0,0
SR207,20220218,20220218,133120000,13:31:20,5733,64238,89031,3678267880,3,0,171780
SR207,20220218,20220218,133120500,13:31:21,5733,64238,89031,3678267880,0,0,0
SR207,20220218,20220218,133121000,13:31:21,5733,64238,89031,3678267880,0,0,0
SR207,20220218,20220218,133121500,13:31:22,5733,64238,89031,3678267880,0,0,0
SR207,20220218,20220218,133122000,13:31:23,5733,64238,89031,3678267880,0,0,0
SR207,20220218,20220218,133122500,13:31:25,5733,64238,89031,3678267880,0,0,0
SR207,20220218,20220218,133124500,13:31:25,5733,64238,89031,3678267880,0,0,0
SR207,20220218,20220218,133156000,13:31:56,5733,64238,89031,3678267880,0,0,0
SR207,20220218,20220218,133158500,13:31:58,5733,64238,89031,3678267880,0,0,0
SR207,20220218,20220218,133159500,13:32:00,5733,64238,89031,3678267880,0,0,0
SR207,20220218,20220218,133200000,13:32:01,5736,64319,88999,3682905940,81,-32,4638060
SR207,20220218,20220218,133200500,13:32:01,5736,64319,88999,3682905940,0,0,0
SR207,20220218,20220218,133201000,13:32:01,5736,64320,88999,3682963200,1,0,57260
SR207,20220218,20220218,133201500,13:32:01,5736,64329,89003,3683478540,9,4,515340
SR207,20220218,20220218,133202000,13:32:03,5736,64329,89003,3683478540,0,0,0
SR207,20220218,20220218,133202500,13:32:04,5736,64329,89003,3683478540,0,0,0
SR207,20220218,20220218,133203000,13:32:05,5736,64329,89003,3683478540,0,0,0
SR207,20220218,20220218,133203500,13:32:05,5736,64329,89003,3683478540,0,0,0
SR207,20220218,20220218,133205000,13:32:05,5736,64329,89003,3683478540,0,0,0
SR207,20220218,20220218,133206000,13:32:07,5736,64329,89003,3683478540,0,0,0
SR207,20220218,20220218,133206500,13:32:07,5736,64329,89003,3683478540,0,0,0
SR207,20220218,20220218,133207000,13:32:07,5736,64329,89003,3683478540,0,0,0
SR207,20220218,20220218,133207500,13:32:07,5736,64329,89003,3683478540,0,0,0
SR207,20220218,20220218,133208000,13:32:09,5737,64402,89015,3687658520,73,12,4179980
SR207,20220218,20220218,133208500,13:32:10,5737,64402,89015,3687658520,0,0,0
SR207,20220218,20220218,133209000,13:32:10,5737,64409,89008,3688059340,7,-7,400820
SR207,20220218,20220218,133209500,13:32:10,5737,64409,89008,3688059340,0,0,0
SR207,20220218,20220218,133210000,13:32:11,5736,64454,88994,3690636040,45,-14,2576700
SR207,20220218,20220218,133210500,13:32:14,5736,64454,88994,3690636040,0,0,0
SR207,20220218,20220218,133211000,13:32:14,5736,64454,88994,3690636040,0,0,0
SR207,20220218,20220218,133213000,13:32:15,5736,64478,88980,3692010280,24,-14,1374240
SR207,20220218,20220218,133214000,13:32:15,5736,64483,88978,3692296580,5,-2,286300
SR207,20220218,20220218,133215000,13:32:16,5736,64483,88978,3692296580,0,0,0
SR207,20220218,20220218,133216500,13:32:17,5736,64483,88978,3692296580,0,0,0
SR207,20220218,20220218,133217000,13:32:18,5736,64483,88978,3692296580,0,0,0
SR207,20220218,20220218,133217500,13:32:18,5736,64483,88978,3692296580,0,0,0
SR207,20220218,20220218,133218000,13:32:18,5736,64483,88978,3692296580,0,0,0
SR207,20220218,20220218,133218500,13:32:19,5736,64483,88978,3692296580,0,0,0
SR207,20220218,20220218,133219500,13:32:20,5736,64483,88978,3692296580,0,0,0
SR207,20220218,20220218,133220000,13:32:20,5736,64483,88978,3692296580,0,0,0
SR207,20220218,20220218,133220500,13:32:21,5736,64483,88978,3692296580,0,0,0
SR207,20220218,20220218,133221000,13:32:21,5736,64483,88978,3692296580,0,0,0
SR207,20220218,20220218,133221500,13:32:22,5736,64483,88978,3692296580,0,0,0
SR207,20220218,20220218,133222000,13:32:23,5736,64483,88978,3692296580,0,0,0
SR207,20220218,20220218,133222500,13:32:24,5736,64483,88978,3692296580,0,0,0
SR207,20220218,20220218,133223000,13:32:24,5736,64483,88978,3692296580,0,0,0
SR207,20220218,20220218,133223500,13:32:24,5736,64483,88978,3692296580,0,0,0
SR207,20220218,20220218,133224500,13:32:25,5736,64483,88978,3692296580,0,0,0
SR207,20220218,20220218,133225000,13:32:25,5736,64483,88978,3692296580,0,0,0
SR207,20220218,20220218,133225500,13:32:26,5736,64483,88978,3692296580,0,0,0
SR207,20220218,20220218,133226000,13:32:27,5736,64483,88978,3692296580,0,0,0
SR207,20220218,20220218,133226500,13:32:27,5736,64483,88978,3692296580,0,0,0
SR207,20220218,20220218,133227500,13:32:32,5736,64483,88978,3692296580,0,0,0
SR207,20220218,20220218,133228000,13:32:32,5736,64483,88978,3692296580,0,0,0
SR207,20220218,20220218,133228500,13:32:33,5736,64483,88978,3692296580,0,0,0
SR207,20220218,20220218,133229000,13:32:33,5736,64483,88978,3692296580,0,0,0
SR207,20220218,20220218,133232000,13:32:34,5736,64483,88978,3692296580,0,0,0
SR207,20220218,20220218,133232500,13:32:35,5736,64483,88978,3692296580,0,0,0
SR207,20220218,20220218,133234500,13:32:35,5736,64483,88978,3692296580,0,0,0
SR207,20220218,20220218,133236000,13:32:37,5736,64483,88978,3692296580,0,0,0
SR207,20220218,20220218,133236500,13:32:37,5736,64483,88978,3692296580,0,0,0
SR207,20220218,20220218,133237000,13:32:37,5736,64483,88978,3692296580,0,0,0
SR207,20220218,20220218,133237500,13:32:38,5736,64483,88978,3692296580,0,0,0
SR207,20220218,20220218,133238000,13:32:38,5736,64483,88978,3692296580,0,0,0
SR207,20220218,20220218,133238500,13:32:39,5736,64486,88977,3692468360,3,-1,171780
SR207,20220218,20220218,133239000,13:32:39,5736,64489,88977,3692640140,3,0,171780
SR207,20220218,20220218,133239500,13:32:40,5736,64489,88977,3692640140,0,0,0
SR207,20220218,20220218,133240000,13:32:40,5736,64489,88977,3692640140,0,0,0
SR207,20220218,20220218,133241000,13:32:41,5736,64489,88977,3692640140,0,0,0
SR207,20220218,20220218,133241500,13:32:42,5736,64489,88977,3692640140,0,0,0
SR207,20220218,20220218,133242500,13:32:42,5736,64489,88977,3692640140,0,0,0
SR207,20220218,20220218,133243000,13:32:43,5736,64489,88977,3692640140,0,0,0
SR207,20220218,20220218,133244500,13:32:45,5736,64489,88977,3692640140,0,0,0
SR207,20220218,20220218,133245000,13:32:45,5736,64489,88977,3692640140,0,0,0
SR207,20220218,20220218,133245500,13:32:45,5736,64489,88977,3692640140,0,0,0
SR207,20220218,20220218,133246000,13:32:47,5736,64489,88977,3692640140,0,0,0
SR207,20220218,20220218,133246500,13:32:47,5737,64491,88979,3692754660,2,2,114520
SR207,20220218,20220218,133247000,13:32:47,5737,64494,88982,3692926440,3,3,171780
SR207,20220218,20220218,133247500,13:32:48,5737,64494,88982,3692926440,0,0,0
SR207,20220218,20220218,133248000,13:32:48,5737,64494,88982,3692926440,0,0,0
SR207,20220218,20220218,133248500,13:32:49,5737,64494,88982,3692926440,0,0,0
SR207,20220218,20220218,133249000,13:32:49,5737,64494,88982,3692926440,0,0,0
SR207,20220218,20220218,133249500,13:32:50,5737,64494,88982,3692926440,0,0,0
SR207,20220218,20220218,133250000,13:32:52,5737,64494,88982,3692926440,0,0,0
SR207,20220218,20220218,133251000,13:32:53,5737,64494,88982,3692926440,0,0,0
SR207,20220218,20220218,133251500,13:32:53,5737,64494,88982,3692926440,0,0,0
SR207,20220218,20220218,133252500,13:32:53,5737,64494,88982,3692926440,0,0,0
SR207,20220218,20220218,133253000,13:32:53,5737,64494,88982,3692926440,0,0,0
SR207,20220218,20220218,133253500,13:32:54,5737,64494,88982,3692926440,0,0,0
SR207,20220218,20220218,133254000,13:32:54,5737,64494,88982,3692926440,0,0,0
SR207,20220218,20220218,133254500,13:32:55,5736,64495,88982,3692983700,1,0,57260
SR207,20220218,20220218,133255500,13:32:56,5736,64495,88982,3692983700,0,0,0
SR207,20220218,20220218,133256000,13:32:56,5736,64495,88982,3692983700,0,0,0
SR207,20220218,20220218,133257000,13:32:59,5736,64495,88982,3692983700,0,0,0
SR207,20220218,20220218,133257500,13:33:00,5736,64495,88982,3692983700,0,0,0
SR207,20220218,20220218,133258000,13:33:00,5736,64495,88982,3692983700,0,0,0
SR207,20220218,20220218,133259500,13:33:01,5736,64495,88982,3692983700,0,0,0
SR207,20220218,20220218,133300000,13:33:01,5736,64495,88982,3692983700,0,0,0
SR207,20220218,20220218,133300500,13:33:02,5736,64495,88982,3692983700,0,0,0
SR207,20220218,20220218,133301000,13:33:02,5736,64495,88982,3692983700,0,0,0
SR207,20220218,20220218,133301500,13:33:02,5736,64495,88982,3692983700,0,0,0
SR207,20220218,20220218,133302000,13:33:03,5736,64495,88982,3692983700,0,0,0
SR207,20220218,20220218,133304000,13:33:04,5736,64495,88982,3692983700,0,0,0
SR207,20220218,20220218,133304500,13:33:05,5736,64495,88982,3692983700,0,0,0
SR207,20220218,20220218,133305000,13:33:05,5736,64495,88982,3692983700,0,0,0
SR207,20220218,20220218,133305500,13:33:05,5736,64495,88982,3692983700,0,0,0
SR207,20220218,20220218,133306000,13:33:06,5736,64495,88982,3692983700,0,0,0
SR207,20220218,20220218,133307000,13:33:07,5736,64495,88982,3692983700,0,0,0
SR207,20220218,20220218,133307500,13:33:08,5736,64495,88982,3692983700,0,0,0
SR207,20220218,20220218,133308000,13:33:08,5736,64495,88982,3692983700,0,0,0
SR207,20220218,20220218,133309000,13:33:10,5736,64495,88982,3692983700,0,0,0
SR207,20220218,20220218,133309500,13:33:11,5736,64495,88982,3692983700,0,0,0
SR207,20220218,20220218,133311000,13:33:13,5736,64495,88982,3692983700,0,0,0
SR207,20220218,20220218,133311500,13:33:14,5736,64495,88982,3692983700,0,0,0
SR207,20220218,20220218,133312000,13:33:14,5736,64495,88982,3692983700,0,0,0
SR207,20220218,20220218,133313500,13:33:14,5736,64495,88982,3692983700,0,0,0
SR207,20220218,20220218,133314000,13:33:17,5736,64495,88982,3692983700,0,0,0
SR207,20220218,20220218,133315000,13:33:18,5737,64496,88983,3693040960,1,1,57260
SR207,20220218,20220218,133317000,13:33:18,5737,64496,88983,3693040960,0,0,0
SR207,20220218,20220218,133318000,13:33:19,5737,64496,88983,3693040960,0,0,0
SR207,20220218,20220218,133318500,13:33:19,5737,64496,88983,3693040960,0,0,0
SR207,20220218,20220218,133319000,13:33:20,5737,64496,88983,3693040960,0,0,0
SR207,20220218,20220218,133319500,13:33:21,5737,64496,88983,3693040960,0,0,0
SR207,20220218,20220218,133320000,13:33:21,5737,64496,88983,3693040960,0,0,0
SR207,20220218,20220218,133320500,13:33:21,5737,64496,88983,3693040960,0,0,0
SR207,20220218,20220218,133321000,13:33:22,5737,64496,88983,3693040960,0,0,0
SR207,20220218,20220218,133321500,13:33:22,5737,64496,88983,3693040960,0,0,0
SR207,20220218,20220218,133322000,13:33:22,5737,64496,88983,3693040960,0,0,0
SR207,20220218,20220218,133322500,13:33:22,5737,64496,88983,3693040960,0,0,0
SR207,20220218,20220218,133323000,13:33:23,5737,64496,88983,3693040960,0,0,0
SR207,20220218,20220218,133323500,13:33:24,5737,64496,88983,3693040960,0,0,0
SR207,20220218,20220218,133324000,13:33:24,5737,64496,88983,3693040960,0,0,0
SR207,20220218,20220218,133324500,13:33:25,5737,64496,88983,3693040960,0,0,0
SR207,20220218,20220218,133325000,13:33:26,5737,64496,88983,3693040960,0,0,0
SR207,20220218,20220218,133325500,13:33:27,5737,64496,88983,3693040960,0,0,0
SR207,20220218,20220218,133326000,13:33:28,5737,64496,88983,3693040960,0,0,0
SR207,20220218,20220218,133326500,13:33:29,5737,64496,88983,3693040960,0,0,0
SR207,20220218,20220218,133327000,13:33:29,5737,64496,88983,3693040960,0,0,0
SR207,20220218,20220218,133328500,13:33:30,5737,64496,88983,3693040960,0,0,0
SR207,20220218,20220218,133329500,13:33:30,5737,64496,88983,3693040960,0,0,0
SR207,20220218,20220218,133330000,13:33:30,5737,64524,89007,3694644240,28,24,1603280
SR207,20220218,20220218,133330500,13:33:32,5737,64524,89007,3694644240,0,0,0
SR207,20220218,20220218,133331000,13:33:32,5737,64524,89007,3694644240,0,0,0
SR207,20220218,20220218,133331500,13:33:32,5737,64524,89007,3694644240,0,0,0
SR207,20220218,20220218,133332000,13:33:32,5737,64524,89007,3694644240,0,0,0
SR207,20220218,20220218,133332500,13:33:33,5737,64524,89007,3694644240,0,0,0
SR207,20220218,20220218,133333000,13:33:33,5738,64525,89008,3694701500,1,1,57260
SR207,20220218,20220218,133333500,13:33:34,5737,64531,89008,3695045060,6,0,343560
SR207,20220218,20220218,133334000,13:33:34,5737,64531,89008,3695045060,0,0,0
SR207,20220218,20220218,133334500,13:33:35,5737,64531,89008,3695045060,0,0,0
SR207,20220218,20220218,133335000,13:33:35,5737,64531,89008,3695045060,0,0,0
SR207,20220218,20220218,133336500,13:33:36,5737,64531,89008,3695045060,0,0,0
SR207,20220218,20220218,133337000,13:33:37,5737,64531,89008,3695045060,0,0,0
SR207,20220218,20220218,133337500,13:33:37,5737,64532,89008,3695102320,1,0,57260
SR207,20220218,20220218,133338000,13:33:38,5737,64532,89008,3695102320,0,0,0
SR207,20220218,20220218,133339000,13:33:39,5737,64532,89008,3695102320,0,0,0
SR207,20220218,20220218,133340500,13:33:41,5737,64532,89008,3695102320,0,0,0
SR207,20220218,20220218,133341000,13:33:41,5737,64532,89008,3695102320,0,0,0
SR207,20220218,20220218,133341500,13:33:42,5737,64532,89008,3695102320,0,0,0
SR207,20220218,20220218,133342000,13:33:42,5737,64532,89008,3695102320,0,0,0
SR207,20220218,20220218,133342500,13:33:42,5736,64533,89008,3695159580,1,0,57260
SR207,20220218,20220218,133343000,13:33:43,5736,64533,89008,3695159580,0,0,0
SR207,20220218,20220218,133343500,13:33:44,5735,64702,88939,3704836520,169,-69,9676940
SR207,20220218,20220218,133344000,13:33:45,5735,64707,88938,3705122820,5,-1,286300
SR207,20220218,20220218,133344500,13:33:45,5735,64734,88952,3706668840,27,14,1546020
SR207,20220218,20220218,133345000,13:33:45,5735,64734,88952,3706668840,0,0,0
SR207,20220218,20220218,133345500,13:33:47,5735,64735,88952,3706726100,1,0,57260
SR207,20220218,20220218,133346000,13:33:48,5735,64735,88952,3706726100,0,0,0
SR207,20220218,20220218,133346500,13:33:48,5735,64735,88952,3706726100,0,0,0
SR207,20220218,20220218,133347000,13:33:49,5735,64735,88952,3706726100,0,0,0
SR207,20220218,20220218,133347500,13:33:49,5735,64735,88952,3706726100,0,0,0
SR207,20220218,20220218,133348000,13:33:49,5735,64735,88952,3706726100,0,0,0
SR207,20220218,20220218,133349000,13:33:50,5735,64735,88952,3706726100,0,0,0
SR207,20220218,20220218,133349500,13:33:50,5735,64735,88952,3706726100,0,0,0
SR207,20220218,20220218,133350000,13:33:50,5735,64735,88952,3706726100,0,0,0
SR207,20220218,20220218,133350500,13:33:50,5735,64735,88952,3706726100,0,0,0
SR207,20220218,20220218,133351000,13:33:51,5735,64735,88952,3706726100,0,0,0
SR207,20220218,20220218,133351500,13:33:52,5735,64736,88952,3706783360,1,0,57260
SR207,20220218,20220218,133352500,13:33:53,5735,64736,88952,3706783360,0,0,0
SR207,20220218,20220218,133353000,13:33:53,5735,64736,88952,3706783360,0,0,0
SR207,20220218,20220218,133353500,13:33:53,5735,64738,88953,3706897880,2,1,114520
SR207,20220218,20220218,133354000,13:33:54,5735,64738,88953,3706897880,0,0,0
SR207,20220218,20220218,133354500,13:33:56,5735,64738,88953,3706897880,0,0,0
SR207,20220218,20220218,133355000,13:33:56,5735,64738,88953,3706897880,0,0,0
SR207,20220218,20220218,133355500,13:33:56,5735,64739,88954,3706955140,1,1,57260
SR207,20220218,20220218,133356000,13:33:57,5735,64739,88954,3706955140,0,0,0
SR207,20220218,20220218,133356500,13:33:57,5735,64740,88954,3707012400,1,0,57260
SR207,20220218,20220218,133357000,13:33:58,5735,64740,88954,3707012400,0,0,0
SR207,20220218,20220218,133357500,13:33:58,5735,64741,88954,3707069660,1,0,57260
SR207,20220218,20220218,133358000,13:33:58,5736,64786,88980,3709646360,45,26,2576700
SR207,20220218,20220218,133358500,13:33:59,5736,64786,88980,3709646360,0,0,0
SR207,20220218,20220218,133359000,13:33:59,5736,64787,88980,3709703620,1,0,57260
SR207,20220218,20220218,133359500,13:34:00,5736,64787,88980,3709703620,0,0,0
SR207,20220218,20220218,133400000,13:34:00,5736,64791,88977,3709932660,4,-3,229040
SR207,20220218,20220218,133400500,13:34:01,5736,64791,88977,3709932660,0,0,0
SR207,20220218,20220218,133401000,13:34:01,5736,64791,88977,3709932660,0,0,0
SR207,20220218,20220218,133401500,13:34:02,5736,64791,88977,3709932660,0,0,0
SR207,20220218,20220218,133402000,13:34:10,5736,64791,88977,3709932660,0,0,0
SR207,20220218,20220218,133402500,13:34:10,5736,64791,88977,3709932660,0,0,0
SR207,20220218,20220218,133403000,13:34:10,5736,64791,88977,3709932660,0,0,0
SR207,20220218,20220218,133410000,13:34:11,5736,64791,88977,3709932660,0,0,0
SR207,20220218,20220218,133410500,13:34:12,5736,64791,88977,3709932660,0,0,0
SR207,20220218,20220218,133411500,13:34:12,5736,64791,88977,3709932660,0,0,0
SR207,20220218,20220218,133412000,13:34:13,5736,64791,88977,3709932660,0,0,0
SR207,20220218,20220218,133412500,13:34:13,5736,64791,88977,3709932660,0,0,0
SR207,20220218,20220218,133413000,13:34:13,5736,64791,88977,3709932660,0,0,0
SR207,20220218,20220218,133413500,13:34:14,5736,64791,88977,3709932660,0,0,0
SR207,20220218,20220218,133414000,13:34:14,5736,64791,88977,3709932660,0,0,0
SR207,20220218,20220218,133415000,13:34:16,5736,64791,88977,3709932660,0,0,0
SR207,20220218,20220218,133416000,13:34:16,5736,64791,88977,3709932660,0,0,0
SR207,20220218,20220218,133416500,13:34:17,5736,64791,88977,3709932660,0,0,0
SR207,20220218,20220218,133417000,13:34:17,5737,64796,88972,3710218960,5,-5,286300
SR207,20220218,20220218,133417500,13:34:17,5737,64796,88972,3710218960,0,0,0
SR207,20220218,20220218,133418000,13:34:18,5737,64796,88972,3710218960,0,0,0
SR207,20220218,20220218,133419000,13:34:19,5737,64806,88972,3710791560,10,0,572600
SR207,20220218,20220218,133419500,13:34:20,5737,64806,88972,3710791560,0,0,0
SR207,20220218,20220218,133420500,13:34:21,5737,64806,88972,3710791560,0,0,0
SR207,20220218,20220218,133423000,13:34:24,5737,64806,88972,3710791560,0,0,0
SR207,20220218,20220218,133423500,13:34:24,5737,64806,88972,3710791560,0,0,0
SR207,20220218,20220218,133424000,13:34:24,5737,64811,88971,3711077860,5,-1,286300
SR207,20220218,20220218,133424500,13:34:24,5737,64812,88970,3711135120,1,-1,57260
SR207,20220218,20220218,133425000,13:34:25,5737,64812,88970,3711135120,0,0,0
SR207,20220218,20220218,133425500,13:34:26,5737,64812,88970,3711135120,0,0,0
SR207,20220218,20220218,133426500,13:34:26,5737,64812,88970,3711135120,0,0,0
SR207,20220218,20220218,133427000,13:34:27,5737,64812,88970,3711135120,0,0,0
SR207,20220218,20220218,133427500,13:34:28,5737,64812,88970,3711135120,0,0,0
SR207,20220218,20220218,133428500,13:34:29,5737,64812,88970,3711135120,0,0,0
SR207,20220218,20220218,133429000,13:34:29,5737,64812,88970,3711135120,0,0,0
SR207,20220218,20220218,133429500,13:34:29,5737,64812,88970,3711135120,0,0,0
SR207,20220218,20220218,133430000,13:34:30,5737,64812,88970,3711135120,0,0,0
SR207,20220218,20220218,133430500,13:34:30,5737,64812,88970,3711135120,0,0,0
SR207,20220218,20220218,133431000,13:34:31,5737,64812,88970,3711135120,0,0,0
SR207,20220218,20220218,133431500,13:34:31,5737,64812,88970,3711135120,0,0,0
SR207,20220218,20220218,133432000,13:34:32,5737,64812,88970,3711135120,0,0,0
SR207,20220218,20220218,133432500,13:34:32,5737,64812,88970,3711135120,0,0,0
SR207,20220218,20220218,133433000,13:34:33,5737,64812,88970,3711135120,0,0,0
SR207,20220218,20220218,133434500,13:34:35,5737,64812,88970,3711135120,0,0,0
SR207,20220218,20220218,133435000,13:34:35,5737,64812,88970,3711135120,0,0,0
SR207,20220218,20220218,133435500,13:34:36,5737,64812,88970,3711135120,0,0,0
SR207,20220218,20220218,133436000,13:34:36,5737,64812,88970,3711135120,0,0,0
SR207,20220218,20220218,133436500,13:34:36,5737,64812,88970,3711135120,0,0,0
SR207,20220218,20220218,133437500,13:34:38,5737,64812,88970,3711135120,0,0,0
SR207,20220218,20220218,133438000,13:34:38,5737,64812,88970,3711135120,0,0,0
SR207,20220218,20220218,133438500,13:34:39,5737,64812,88970,3711135120,0,0,0
SR207,20220218,20220218,133439000,13:34:39,5737,64812,88970,3711135120,0,0,0
SR207,20220218,20220218,133439500,13:34:40,5737,64812,88970,3711135120,0,0,0
SR207,20220218,20220218,133440500,13:34:41,5736,64813,88970,3711192380,1,0,57260
SR207,20220218,20220218,133441000,13:34:41,5736,64813,88970,3711192380,0,0,0
SR207,20220218,20220218,133441500,13:34:43,5736,64813,88970,3711192380,0,0,0
SR207,20220218,20220218,133442000,13:34:44,5736,64813,88970,3711192380,0,0,0
SR207,20220218,20220218,133442500,13:34:44,5738,64825,88980,3711879500,12,10,687120
SR207,20220218,20220218,133443500,13:34:45,5738,64826,88980,3711936760,1,0,57260
SR207,20220218,20220218,133444500,13:34:46,5738,64832,88974,3712280320,6,-6,343560
SR207,20220218,20220218,133445000,13:34:46,5738,64832,88974,3712280320,0,0,0
SR207,20220218,20220218,133445500,13:34:46,5738,64834,88972,3712394840,2,-2,114520
SR207,20220218,20220218,133446000,13:34:46,5738,64834,88972,3712394840,0,0,0
SR207,20220218,20220218,133446500,13:34:47,5738,64835,88971,3712452100,1,-1,57260
SR207,20220218,20220218,133447000,13:34:47,5738,64835,88971,3712452100,0,0,0
SR207,20220218,20220218,133447500,13:34:47,5738,64835,88971,3712452100,0,0,0
SR207,20220218,20220218,133448000,13:34:48,5738,64835,88971,3712452100,0,0,0
SR207,20220218,20220218,133448500,13:34:49,5738,64835,88971,3712452100,0,0,0
SR207,20220218,20220218,133449000,13:34:49,5737,64900,88961,3716174000,65,-10,3721900
SR207,20220218,20220218,133449500,13:34:49,5737,64900,88961,3716174000,0,0,0
SR207,20220218,20220218,133450000,13:34:51,5737,64901,88961,3716231260,1,0,57260
SR207,20220218,20220218,133450500,13:34:51,5737,64901,88961,3716231260,0,0,0
SR207,20220218,20220218,133453000,13:34:53,5737,64923,88949,3717490980,22,-12,1259720
SR207,20220218,20220218,133453500,13:34:55,5737,64923,88949,3717490980,0,0,0
SR207,20220218,20220218,133454000,13:34:56,5737,64923,88949,3717490980,0,0,0
SR207,20220218,20220218,133454500,13:34:56,5737,64923,88949,3717490980,0,0,0
SR207,20220218,20220218,133455500,13:34:56,5737,64923,88949,3717490980,0,0,0
SR207,20220218,20220218,133456000,13:34:57,5738,64924,88948,3717548240,1,-1,57260
SR207,20220218,20220218,133457000,13:34:57,5738,64924,88948,3717548240,0,0,0
SR207,20220218,20220218,133458000,13:34:58,5738,64928,88944,3717777280,4,-4,229040
SR207,20220218,20220218,133458500,13:34:59,5738,64929,88943,3717834540,1,-1,57260
SR207,20220218,20220218,133459500,13:35:00,5738,64930,88943,3717891800,1,0,57260
SR207,20220218,20220218,133500500,13:35:04,5738,64930,88943,3717891800,0,0,0
SR207,20220218,20220218,133508000,13:35:10,5738,64930,88943,3717891800,0,0,0
SR207,20220218,20220218,133512000,13:35:13,5738,64930,88943,3717891800,0,0,0
SR207,20220218,20220218,133512500,13:35:13,5738,64930,88943,3717891800,0,0,0
SR207,20220218,20220218,133513000,13:35:13,5737,65010,88921,3722472600,80,-22,4580800
SR207,20220218,20220218,133513500,13:35:14,5737,65010,88921,3722472600,0,0,0
SR207,20220218,20220218,133514000,13:35:14,5737,65010,88921,3722472600,0,0,0
SR207,20220218,20220218,133514500,13:35:15,5737,65010,88921,3722472600,0,0,0
SR207,20220218,20220218,133516500,13:35:17,5737,65010,88921,3722472600,0,0,0
SR207,20220218,20220218,133517000,13:35:17,5737,65010,88921,3722472600,0,0,0
SR207,20220218,20220218,133517500,13:35:18,5737,65010,88921,3722472600,0,0,0
SR207,20220218,20220218,133518000,13:35:19,5737,65010,88921,3722472600,0,0,0
SR207,20220218,20220218,133518500,13:35:19,5737,65010,88921,3722472600,0,0,0
SR207,20220218,20220218,133519000,13:35:19,5737,65010,88921,3722472600,0,0,0
SR207,20220218,20220218,133519500,13:35:20,5737,65010,88921,3722472600,0,0,0
SR207,20220218,20220218,133520000,13:35:20,5737,65010,88921,3722472600,0,0,0
SR207,20220218,20220218,133520500,13:35:21,5737,65010,88921,3722472600,0,0,0
SR207,20220218,20220218,133521000,13:35:22,5737,65010,88921,3722472600,0,0,0
SR207,20220218,20220218,133521500,13:35:22,5737,65010,88921,3722472600,0,0,0
SR207,20220218,20220218,133522000,13:35:22,5737,65010,88921,3722472600,0,0,0
SR207,20220218,20220218,133522500,13:35:23,5737,65010,88921,3722472600,0,0,0
SR207,20220218,20220218,133523000,13:35:23,5737,65010,88921,3722472600,0,0,0
SR207,20220218,20220218,133523500,13:35:23,5737,65010,88921,3722472600,0,0,0
SR207,20220218,20220218,133524000,13:35:25,5737,65010,88921,3722472600,0,0,0
SR207,20220218,20220218,133524500,13:35:25,5737,65010,88921,3722472600,0,0,0
SR207,20220218,20220218,133525000,13:35:26,5737,65010,88921,3722472600,0,0,0
SR207,20220218,20220218,133525500,13:35:26,5737,65010,88921,3722472600,0,0,0
SR207,20220218,20220218,133526000,13:35:26,5737,65010,88921,3722472600,0,0,0
SR207,20220218,20220218,133526500,13:35:27,5737,65010,88921,3722472600,0,0,0
SR207,20220218,20220218,133527000,13:35:31,5737,65010,88921,3722472600,0,0,0
SR207,20220218,20220218,133528000,13:35:32,5737,65010,88921,3722472600,0,0,0
SR207,20220218,20220218,133531000,13:35:32,5737,65010,88921,3722472600,0,0,0
SR207,20220218,20220218,133540500,13:35:43,5736,65036,88934,3723961360,26,13,1488760
SR207,20220218,20220218,133542000,13:35:43,5736,65054,88934,3724992040,18,0,1030680
SR207,20220218,20220218,133542500,13:35:44,5736,65055,88933,3725049300,1,-1,57260
SR207,20220218,20220218,133543000,13:35:44,5736,65056,88933,3725106560,1,0,57260
SR207,20220218,20220218,133545000,13:35:46,5736,65056,88933,3725106560,0,0,0
SR207,20220218,20220218,133547000,13:35:47,5736,65056,88933,3725106560,0,0,0
SR207,20220218,20220218,133548500,13:35:49,5736,65058,88933,3725221080,2,0,114520
SR207,20220218,20220218,133550500,13:35:51,5736,65058,88933,3725221080,0,0,0
SR207,20220218,20220218,133551500,13:35:52,5736,65058,88933,3725221080,0,0,0
SR207,20220218,20220218,133552000,13:35:52,5737,65107,88946,3728026820,49,13,2805740
SR207,20220218,20220218,133552500,13:35:53,5737,65176,88967,3731977760,69,21,3950940
SR207,20220218,20220218,133553000,13:35:53,5737,65176,88967,3731977760,0,0,0
SR207,20220218,20220218,133553500,13:35:55,5737,65176,88967,3731977760,0,0,0
SR207,20220218,20220218,133554000,13:35:55,5737,65176,88967,3731977760,0,0,0
SR207,20220218,20220218,133556000,13:35:56,5737,65176,88967,3731977760,0,0,0
SR207,20220218,20220218,133557000,13:35:59,5737,65176,88967,3731977760,0,0,0
SR207,20220218,20220218,133557500,13:36:01,5737,65176,88967,3731977760,0,0,0
SR207,20220218,20220218,133559000,13:36:03,5737,65176,88967,3731977760,0,0,0
SR207,20220218,20220218,133601500,13:36:03,5737,65176,88967,3731977760,0,0,0
SR207,20220218,20220218,133602000,13:36:03,5737,65176,88967,3731977760,0,0,0
SR207,20220218,20220218,133607500,13:36:08,5737,65176,88967,3731977760,0,0,0
SR207,20220218,20220218,133614500,13:36:14,5737,65176,88967,3731977760,0,0,0
SR207,20220218,20220218,133615500,13:36:15,5737,65176,88967,3731977760,0,0,0
SR207,20220218,20220218,133618000,13:36:19,5737,65176,88967,3731977760,0,0,0
SR207,20220218,20220218,133618500,13:36:19,5737,65177,88967,3732035020,1,0,57260
SR207,20220218,20220218,133620500,13:36:20,5737,65177,88967,3732035020,0,0,0
SR207,20220218,20220218,133621000,13:36:21,5737,65177,88967,3732035020,0,0,0
SR207,20220218,20220218,133624000,13:36:24,5737,65179,88967,3732149540,2,0,114520
SR207,20220218,20220218,133625500,13:36:26,5737,65180,88967,3732206800,1,0,57260
SR207,20220218,20220218,133626000,13:36:26,5737,65181,88967,3732264060,1,0,57260
SR207,20220218,20220218,133626500,13:36:27,5737,65183,88967,3732378580,2,0,114520
SR207,20220218,20220218,133627500,13:36:28,5737,65185,88967,3732493100,2,0,114520
SR207,20220218,20220218,133629500,13:36:30,5737,65186,88968,3732550360,1,1,57260
SR207,20220218,20220218,133631000,13:36:31,5737,65186,88968,3732550360,0,0,0
SR207,20220218,20220218,133633000,13:36:33,5737,65186,88968,3732550360,0,0,0
SR207,20220218,20220218,133635500,13:36:36,5737,65186,88968,3732550360,0,0,0
SR207,20220218,20220218,133636500,13:36:36,5737,65186,88968,3732550360,0,0,0
SR207,20220218,20220218,133637500,13:36:38,5737,65186,88968,3732550360,0,0,0
SR207,20220218,20220218,133638000,13:36:39,5737,65186,88968,3732550360,0,0,0
SR207,20220218,20220218,133641000,13:36:41,5737,65186,88968,3732550360,0,0,0
SR207,20220218,20220218,133641500,13:36:42,5737,65187,88969,3732607620,1,1,57260
SR207,20220218,20220218,133645000,13:36:45,5737,65187,88969,3732607620,0,0,0
SR207,20220218,20220218,133647500,13:36:48,5737,65187,88969,3732607620,0,0,0
SR207,20220218,20220218,133649000,13:36:49,5738,65190,88966,3732779400,3,-3,171780
SR207,20220218,20220218,133649500,13:36:49,5738,65235,88968,3735356100,45,2,2576700
SR207,20220218,20220218,133650000,13:36:50,5738,65235,88968,3735356100,0,0,0
SR207,20220218,20220218,133650500,13:36:50,5738,65235,88968,3735356100,0,0,0
SR207,20220218,20220218,133651000,13:36:51,5738,65235,88968,3735356100,0,0,0
SR207,20220218,20220218,133653500,13:36:54,5738,65235,88968,3735356100,0,0,0
SR207,20220218,20220218,133655000,13:36:55,5738,65235,88968,3735356100,0,0,0
SR207,20220218,20220218,133655500,13:36:56,5738,65236,88968,3735413360,1,0,57260
SR207,20220218,20220218,133656000,13:36:56,5738,65236,88968,3735413360,0,0,0
SR207,20220218,20220218,133700000,13:37:00,5738,65236,88968,3735413360,0,0,0
SR207,20220218,20220218,133700500,13:37:00,5738,65236,88968,3735413360,0,0,0
SR207,20220218,20220218,133701000,13:37:01,5738,65236,88968,3735413360,0,0,0
SR207,20220218,20220218,133716000,13:37:16,5738,65238,88968,3735527880,2,0,114520
SR207,20220218,20220218,133716500,13:37:17,5738,65240,88968,3735642400,2,0,114520
SR207,20220218,20220218,133717000,13:37:18,5738,65240,88968,3735642400,0,0,0
SR207,20220218,20220218,133718500,13:37:19,5738,65240,88968,3735642400,0,0,0
SR207,20220218,20220218,133719500,13:37:20,5738,65255,88975,3736501300,15,7,858900
SR207,20220218,20220218,133720000,13:37:21,5738,65255,88975,3736501300,0,0,0
SR207,20220218,20220218,133720500,13:37:21,5738,65256,88976,3736558560,1,1,57260
SR207,20220218,20220218,133721500,13:37:22,5738,65261,88981,3736844860,5,5,286300
SR207,20220218,20220218,133723000,13:37:23,5738,65262,88981,3736902120,1,0,57260
SR207,20220218,20220218,133724000,13:37:24,5738,65263,88982,3736959380,1,1,57260
SR207,20220218,20220218,133725500,13:37:26,5738,65264,88981,3737016640,1,-1,57260
SR207,20220218,20220218,133726500,13:37:27,5738,65266,88981,3737131160,2,0,114520
SR207,20220218,20220218,133727000,13:37:27,5738,65266,88981,3737131160,0,0,0
SR207,20220218,20220218,133727500,13:37:27,5738,65266,88981,3737131160,0,0,0
SR207,20220218,20220218,133728000,13:37:28,5738,65271,88981,3737417460,5,0,286300
SR207,20220218,20220218,133729500,13:37:30,5738,65272,88981,3737474720,1,0,57260
SR207,20220218,20220218,133733000,13:37:33,5738,65273,88980,3737531980,1,-1,57260
SR207,20220218,20220218,133733500,13:37:33,5738,65274,88980,3737589240,1,0,57260
SR207,20220218,20220218,133736500,13:37:37,5738,65275,88980,3737646500,1,0,57260
SR207,20220218,20220218,133737000,13:37:37,5738,65275,88980,3737646500,0,0,0
SR207,20220218,20220218,133737500,13:37:37,5738,65275,88980,3737646500,0,0,0
SR207,20220218,20220218,133741500,13:37:42,5738,65276,88981,3737703760,1,1,57260
SR207,20220218,20220218,133742000,13:37:42,5738,65277,88982,3737761020,1,1,57260
SR207,20220218,20220218,133742500,13:37:43,5738,65277,88982,3737761020,0,0,0
SR207,20220218,20220218,133748500,13:37:49,5738,65279,88983,3737875540,2,1,114520
SR207,20220218,20220218,133749000,13:37:49,5738,65279,88983,3737875540,0,0,0
SR207,20220218,20220218,133749500,13:37:49,5739,65280,88983,3737932800,1,0,57260
SR207,20220218,20220218,133750000,13:37:50,5738,65282,88983,3738047320,2,0,114520
SR207,20220218,20220218,133756000,13:37:56,5738,65284,88985,3738161840,2,2,114520
SR207,20220218,20220218,133756500,13:37:57,5738,65284,88985,3738161840,0,0,0
SR207,20220218,20220218,133759500,13:38:00,5738,65288,88983,3738390880,4,-2,229040
SR207,20220218,20220218,133800000,13:38:02,5738,65288,88983,3738390880,0,0,0
SR207,20220218,20220218,133801000,13:38:03,5738,65288,88983,3738390880,0,0,0
SR207,20220218,20220218,133802000,13:38:03,5738,65289,88983,3738448140,1,0,57260
SR207,20220218,20220218,133802500,13:38:05,5738,65289,88983,3738448140,0,0,0
SR207,20220218,20220218,133803000,13:38:06,5739,65360,89006,3742513600,71,23,4065460
SR207,20220218,20220218,133803500,13:38:06,5739,65377,89006,3743487020,17,0,973420
SR207,20220218,20220218,133805000,13:38:06,5739,65397,88991,3744632220,20,-15,1145200
SR207,20220218,20220218,133806000,13:38:07,5739,65407,88991,3745204820,10,0,572600
SR207,20220218,20220218,133806500,13:38:09,5739,65407,88991,3745204820,0,0,0
SR207,20220218,20220218,133808000,13:38:09,5740,65418,88999,3745834680,11,8,629860
SR207,20220218,20220218,133810000,13:38:10,5740,65418,88999,3745834680,0,0,0
SR207,20220218,20220218,133810500,13:38:10,5740,65418,88999,3745834680,0,0,0
SR207,20220218,20220218,133811000,13:38:14,5740,65418,88999,3745834680,0,0,0
SR207,20220218,20220218,133811500,13:38:14,5740,65418,88999,3745834680,0,0,0
SR207,20220218,20220218,133812000,13:38:14,5740,65418,88999,3745834680,0,0,0
SR207,20220218,20220218,133812500,13:38:14,5740,65418,88999,3745834680,0,0,0
SR207,20220218,20220218,133813500,13:38:15,5740,65418,88999,3745834680,0,0,0
SR207,20220218,20220218,133816500,13:38:18,5740,65418,88999,3745834680,0,0,0
SR207,20220218,20220218,133818000,13:38:18,5739,65420,88997,3745949200,2,-2,114520
SR207,20220218,20220218,133819000,13:38:19,5739,65449,88995,3747609740,29,-2,1660540
SR207,20220218,20220218,133819500,13:38:19,5739,65449,88995,3747609740,0,0,0
SR207,20220218,20220218,133820000,13:38:22,5739,65449,88995,3747609740,0,0,0
SR207,20220218,20220218,133821000,13:38:22,5739,65449,88995,3747609740,0,0,0
SR207,20220218,20220218,133821500,13:38:23,5739,65449,88995,3747609740,0,0,0
SR207,20220218,20220218,133822000,13:38:23,5739,65449,88995,3747609740,0,0,0
SR207,20220218,20220218,133822500,13:38:23,5739,65449,88995,3747609740,0,0,0
SR207,20220218,20220218,133823000,13:38:24,5739,65453,88991,3747838780,4,-4,229040
SR207,20220218,20220218,133823500,13:38:24,5739,65453,88991,3747838780,0,0,0
SR207,20220218,20220218,133824000,13:38:25,5739,65453,88991,3747838780,0,0,0
SR207,20220218,20220218,133824500,13:38:41,5739,65453,88991,3747838780,0,0,0
SR207,20220218,20220218,133825000,13:38:41,5738,65454,88991,3747896040,1,0,57260
SR207,20220218,20220218,133840500,13:38:42,5738,65454,88991,3747896040,0,0,0
SR207,20220218,20220218,133841500,13:38:43,5738,65454,88991,3747896040,0,0,0
SR207,20220218,20220218,133843500,13:38:44,5738,65454,88991,3747896040,0,0,0
SR207,20220218,20220218,133844500,13:38:44,5738,65454,88991,3747896040,0,0,0
SR207,20220218,20220218,133846000,13:38:46,5738,65454,88991,3747896040,0,0,0
SR207,20220218,20220218,133847000,13:38:47,5738,65454,88991,3747896040,0,0,0
SR207,20220218,20220218,133850500,13:38:50,5738,65454,88991,3747896040,0,0,0
SR207,20220218,20220218,133854000,13:38:54,5738,65454,88991,3747896040,0,0,0
SR207,20220218,20220218,133856500,13:38:56,5738,65454,88991,3747896040,0,0,0
SR207,20220218,20220218,133857000,13:38:57,5738,65454,88991,3747896040,0,0,0
SR207,20220218,20220218,133902000,13:39:02,5738,65454,88991,3747896040,0,0,0
SR207,20220218,20220218,133907500,13:39:07,5738,65454,88991,3747896040,0,0,0
SR207,20220218,20220218,133910000,13:39:10,5738,65454,88991,3747896040,0,0,0
SR207,20220218,20220218,133913500,13:39:14,5738,65454,88991,3747896040,0,0,0
SR207,20220218,20220218,133914000,13:39:15,5738,65454,88991,3747896040,0,0,0
SR207,20220218,20220218,133914500,13:39:18,5739,65469,88987,3748754940,15,-4,858900
SR207,20220218,20220218,133934500,13:39:34,5739,65469,88987,3748754940,0,0,0
SR207,20220218,20220218,133944500,13:39:45,5739,65469,88987,3748754940,0,0,0
SR207,20220218,20220218,133945000,13:39:45,5739,65473,88991,3748983980,4,4,229040
SR207,20220218,20220218,133946000,13:39:47,5739,65473,88991,3748983980,0,0,0
SR207,20220218,20220218,133955000,13:39:55,5738,65474,88991,3749041240,1,0,57260
SR207,20220218,20220218,133956500,13:39:57,5738,65475,88990,3749098500,1,-1,57260
SR207,20220218,20220218,134012000,13:40:13,5738,65475,88990,3749098500,0,0,0
SR207,20220218,20220218,134015500,13:40:16,5738,65476,88990,3749155760,1,0,57260
SR207,20220218,20220218,134017000,13:40:17,5738,65476,88990,3749155760,0,0,0
SR207,20220218,20220218,134020000,13:40:20,5738,65476,88990,3749155760,0,0,0
SR207,20220218,20220218,134020500,13:40:21,5738,65476,88990,3749155760,0,0,0
SR207,20220218,20220218,134021500,13:40:22,5739,65486,88990,3749728360,10,0,572600
SR207,20220218,20220218,134022000,13:40:22,5739,65488,88990,3749842880,2,0,114520
SR207,20220218,20220218,134029000,13:40:30,5739,65488,88990,3749842880,0,0,0
SR207,20220218,20220218,134031500,13:40:32,5739,65488,88990,3749842880,0,0,0
SR207,20220218,20220218,134032000,13:40:32,5739,65489,88991,3749900140,1,1,57260
SR207,20220218,20220218,134033000,13:40:33,5739,65490,88991,3749957400,1,0,57260
SR207,20220218,20220218,134033500,13:40:34,5739,65490,88991,3749957400,0,0,0
SR207,20220218,20220218,134034000,13:40:35,5739,65490,88991,3749957400,0,0,0
SR207,20220218,20220218,134035500,13:40:36,5739,65491,88992,3750014660,1,1,57260
SR207,20220218,20220218,134036500,13:40:36,5739,65491,88992,3750014660,0,0,0
SR207,20220218,20220218,134037500,13:40:37,5739,65491,88992,3750014660,0,0,0
SR207,20220218,20220218,134038500,13:40:38,5739,65491,88992,3750014660,0,0,0
SR207,20220218,20220218,134039000,13:40:40,5739,65491,88992,3750014660,0,0,0
SR207,20220218,20220218,134039500,13:40:41,5739,65491,88992,3750014660,0,0,0
SR207,20220218,20220218,134040000,13:40:41,5739,65491,88992,3750014660,0,0,0
SR207,20220218,20220218,134040500,13:40:41,5739,65491,88992,3750014660,0,0,0
SR207,20220218,20220218,134042000,13:40:42,5739,65491,88992,3750014660,0,0,0
SR207,20220218,20220218,134042500,13:40:43,5739,65491,88992,3750014660,0,0,0
SR207,20220218,20220218,134043000,13:40:44,5739,65491,88992,3750014660,0,0,0
SR207,20220218,20220218,134045500,13:40:46,5739,65494,88994,3750186440,3,2,171780
SR207,20220218,20220218,134048500,13:40:48,5739,65507,88997,3750930820,13,3,744380
SR207,20220218,20220218,134049000,13:40:49,5739,65507,88997,3750930820,0,0,0
SR207,20220218,20220218,134051500,13:40:55,5739,65507,88997,3750930820,0,0,0
SR207,20220218,20220218,134056000,13:40:58,5739,65507,88997,3750930820,0,0,0
SR207,20220218,20220218,134058000,13:40:59,5739,65507,88997,3750930820,0,0,0
SR207,20220218,20220218,134101000,13:41:01,5739,65507,88997,3750930820,0,0,0
SR207,20220218,20220218,134109000,13:41:10,5739,65507,88997,3750930820,0,0,0
SR207,20220218,20220218,134116000,13:41:17,5739,65507,88997,3750930820,0,0,0
SR207,20220218,20220218,134118000,13:41:19,5739,65507,88997,3750930820,0,0,0
SR207,20220218,20220218,134120000,13:41:22,5739,65507,88997,3750930820,0,0,0
SR207,20220218,20220218,134128000,13:41:28,5739,65507,88997,3750930820,0,0,0
SR207,20220218,20220218,134128500,13:41:29,5739,65507,88997,3750930820,0,0,0
SR207,20220218,20220218,134129000,13:41:29,5739,65509,88999,3751045340,2,2,114520
SR207,20220218,20220218,134129500,13:41:30,5739,65509,88999,3751045340,0,0,0
SR207,20220218,20220218,134130000,13:41:30,5739,65509,88999,3751045340,0,0,0
SR207,20220218,20220218,134130500,13:41:31,5739,65509,88999,3751045340,0,0,0
SR207,20220218,20220218,134131000,13:41:31,5739,65509,88999,3751045340,0,0,0
SR207,20220218,20220218,134132000,13:41:33,5738,65511,88999,3751159860,2,0,114520
SR207,20220218,20220218,134132500,13:41:33,5738,65531,89003,3752305060,20,4,1145200
SR207,20220218,20220218,134134000,13:41:34,5737,65743,88917,3764444180,212,-86,12139120
SR207,20220218,20220218,134134500,13:41:34,5737,65747,88917,3764673220,4,0,229040
SR207,20220218,20220218,134135000,13:41:35,5737,65748,88917,3764730480,1,0,57260
SR207,20220218,20220218,134135500,13:41:39,5737,65748,88917,3764730480,0,0,0
SR207,20220218,20220218,134136000,13:41:39,5737,65756,88909,3765188560,8,-8,458080
SR207,20220218,20220218,134136500,13:41:39,5737,65756,88909,3765188560,0,0,0
SR207,20220218,20220218,134137500,13:41:41,5737,65756,88909,3765188560,0,0,0
SR207,20220218,20220218,134140500,13:41:42,5737,65821,88878,3768910460,65,-31,3721900
SR207,20220218,20220218,134142000,13:41:42,5737,65821,88878,3768910460,0,0,0
SR207,20220218,20220218,134142500,13:41:42,5737,65822,88878,3768967720,1,0,57260
SR207,20220218,20220218,134148000,13:41:48,5737,65822,88878,3768967720,0,0,0
SR207,20220218,20220218,134149000,13:41:49,5737,65825,88877,3769139500,3,-1,171780
SR207,20220218,20220218,134149500,13:41:50,5737,65837,88887,3769826620,12,10,687120
SR207,20220218,20220218,134150000,13:41:50,5737,65837,88887,3769826620,0,0,0
SR207,20220218,20220218,134150500,13:41:51,5737,65837,88887,3769826620,0,0,0
SR207,20220218,20220218,134151500,13:41:52,5737,65837,88887,3769826620,0,0,0
SR207,20220218,20220218,134152500,13:41:53,5737,65840,88887,3769998400,3,0,171780
SR207,20220218,20220218,134153500,13:42:01,5737,65841,88887,3770055660,1,0,57260
SR207,20220218,20220218,134154000,13:42:02,5737,65859,88899,3771086340,18,12,1030680
SR207,20220218,20220218,134154500,13:42:04,5737,65859,88899,3771086340,0,0,0
SR207,20220218,20220218,134201500,13:42:10,5737,65859,88899,3771086340,0,0,0
SR207,20220218,20220218,134202500,13:42:11,5737,65910,88859,3774006600,51,-40,2920260
SR207,20220218,20220218,134204500,13:42:12,5737,65910,88859,3774006600,0,0,0
SR207,20220218,20220218,134211000,13:42:12,5737,65910,88859,3774006600,0,0,0
SR207,20220218,20220218,134213500,13:42:14,5737,65912,88857,3774121120,2,-2,114520
SR207,20220218,20220218,134214000,13:42:14,5737,65912,88857,3774121120,0,0,0
SR207,20220218,20220218,134215500,13:42:16,5737,65924,88857,3774808240,12,0,687120
SR207,20220218,20220218,134216000,13:42:16,5737,65924,88857,3774808240,0,0,0
SR207,20220218,20220218,134217500,13:42:20,5737,65924,88857,3774808240,0,0,0
SR207,20220218,20220218,134218000,13:42:20,5737,65935,88857,3775438100,11,0,629860
SR207,20220218,20220218,134218500,13:42:20,5737,65935,88857,3775438100,0,0,0
SR207,20220218,20220218,134220500,13:42:21,5738,65946,88847,3776067960,11,-10,629860
SR207,20220218,20220218,134221000,13:42:21,5738,65946,88847,3776067960,0,0,0
SR207,20220218,20220218,134221500,13:42:22,5738,65946,88847,3776067960,0,0,0
SR207,20220218,20220218,134224000,13:42:25,5737,65987,88806,3778415620,41,-41,2347660
SR207,20220218,20220218,134224500,13:42:25,5737,65987,88806,3778415620,0,0,0
SR207,20220218,20220218,134225000,13:42:25,5737,65987,88806,3778415620,0,0,0
SR207,20220218,20220218,134225500,13:42:26,5737,65987,88806,3778415620,0,0,0
SR207,20220218,20220218,134227000,13:42:28,5737,65990,88805,3778587400,3,-1,171780
SR207,20220218,20220218,134227500,13:42:29,5737,65990,88805,3778587400,0,0,0
SR207,20220218,20220218,134228000,13:42:29,5737,65990,88805,3778587400,0,0,0
SR207,20220218,20220218,134228500,13:42:29,5736,66166,88805,3788665160,176,0,10077760
SR207,20220218,20220218,134229000,13:42:29,5736,66166,88805,3788665160,0,0,0
SR207,20220218,20220218,134229500,13:42:29,5736,66168,88806,3788779680,2,1,114520
SR207,20220218,20220218,134241000,13:42:41,5736,66168,88806,3788779680,0,0,0
SR207,20220218,20220218,134245500,13:42:45,5736,66168,88806,3788779680,0,0,0
SR207,20220218,20220218,134255500,13:42:55,5736,66170,88808,3788894200,2,2,114520
SR207,20220218,20220218,134256000,13:42:56,5736,66170,88808,3788894200,0,0,0
SR207,20220218,20220218,134256500,13:42:57,5736,66286,88844,3795536360,116,36,6642160
SR207,20220218,20220218,134257000,13:42:59,5736,66442,88771,3804468920,156,-73,8932560
SR207,20220218,20220218,134257500,13:42:59,5736,66442,88771,3804468920,0,0,0
SR207,20220218,20220218,134259000,13:42:59,5736,66444,88771,3804583440,2,0,114520
SR207,20220218,20220218,134300500,13:43:02,5736,66444,88771,3804583440,0,0,0
SR207,20220218,20220218,134301000,13:43:02,5736,66450,88768,3804927000,6,-3,343560
SR207,20220218,20220218,134301500,13:43:02,5736,66450,88768,3804927000,0,0,0
SR207,20220218,20220218,134303000,13:43:05,5736,66457,88768,3805327820,7,0,400820
SR207,20220218,20220218,134303500,13:43:11,5736,66477,88758,3806473020,20,-10,1145200
SR207,20220218,20220218,134304000,13:43:11,5736,66477,88758,3806473020,0,0,0
SR207,20220218,20220218,134304500,13:43:11,5736,66477,88758,3806473020,0,0,0
SR207,20220218,20220218,134305000,13:43:12,5736,66477,88758,3806473020,0,0,0
SR207,20220218,20220218,134310500,13:43:12,5736,66477,88758,3806473020,0,0,0
SR207,20220218,20220218,134311000,13:43:14,5736,66477,88758,3806473020,0,0,0
SR207,20220218,20220218,134312000,13:43:14,5736,66477,88758,3806473020,0,0,0
SR207,20220218,20220218,134312500,13:43:14,5736,66477,88758,3806473020,0,0,0
SR207,20220218,20220218,134313500,13:43:14,5736,66477,88758,3806473020,0,0,0
SR207,20220218,20220218,134314500,13:43:15,5736,66477,88758,3806473020,0,0,0
SR207,20220218,20220218,134315000,13:43:15,5736,66477,88758,3806473020,0,0,0
SR207,20220218,20220218,134315500,13:43:15,5736,66477,88758,3806473020,0,0,0
SR207,20220218,20220218,134316000,13:43:16,5736,66477,88758,3806473020,0,0,0
SR207,20220218,20220218,134316500,13:43:17,5736,66477,88758,3806473020,0,0,0
SR207,20220218,20220218,134317500,13:43:17,5736,66477,88758,3806473020,0,0,0
SR207,20220218,20220218,134318000,13:43:18,5736,66477,88758,3806473020,0,0,0
SR207,20220218,20220218,134319000,13:43:19,5736,66478,88759,3806530280,1,1,57260
SR207,20220218,20220218,134319500,13:43:20,5736,66478,88759,3806530280,0,0,0
SR207,20220218,20220218,134320000,13:43:20,5736,66478,88759,3806530280,0,0,0
SR207,20220218,20220218,134320500,13:43:21,5736,66478,88759,3806530280,0,0,0
SR207,20220218,20220218,134321000,13:43:21,5736,66478,88759,3806530280,0,0,0
SR207,20220218,20220218,134321500,13:43:21,5736,66478,88759,3806530280,0,0,0
SR207,20220218,20220218,134322500,13:43:23,5736,66478,88759,3806530280,0,0,0
SR207,20220218,20220218,134324000,13:43:24,5736,66478,88759,3806530280,0,0,0
SR207,20220218,20220218,134324500,13:43:25,5736,66478,88759,3806530280,0,0,0
SR207,20220218,20220218,134326000,13:43:26,5736,66478,88759,3806530280,0,0,0
SR207,20220218,20220218,134326500,13:43:27,5736,66478,88759,3806530280,0,0,0
SR207,20220218,20220218,134327000,13:43:27,5736,66478,88759,3806530280,0,0,0
SR207,20220218,20220218,134327500,13:43:28,5736,66478,88759,3806530280,0,0,0
SR207,20220218,20220218,134328000,13:43:29,5736,66478,88759,3806530280,0,0,0
SR207,20220218,20220218,134328500,13:43:29,5736,66478,88759,3806530280,0,0,0
SR207,20220218,20220218,134329000,13:43:29,5736,66478,88759,3806530280,0,0,0
SR207,20220218,20220218,134330000,13:43:30,5736,66478,88759,3806530280,0,0,0
SR207,20220218,20220218,134330500,13:43:30,5736,66478,88759,3806530280,0,0,0
SR207,20220218,20220218,134332000,13:43:32,5736,66478,88759,3806530280,0,0,0
SR207,20220218,20220218,134332500,13:43:33,5736,66478,88759,3806530280,0,0,0
SR207,20220218,20220218,134333000,13:43:33,5736,66478,88759,3806530280,0,0,0
SR207,20220218,20220218,134333500,13:43:34,5736,66478,88759,3806530280,0,0,0
SR207,20220218,20220218,134334500,13:43:35,5736,66478,88759,3806530280,0,0,0
SR207,20220218,20220218,134335000,13:43:35,5736,66478,88759,3806530280,0,0,0
SR207,20220218,20220218,134336000,13:43:36,5736,66478,88759,3806530280,0,0,0
SR207,20220218,20220218,134336500,13:43:37,5736,66478,88759,3806530280,0,0,0
SR207,20220218,20220218,134337000,13:43:37,5736,66481,88762,3806702060,3,3,171780
SR207,20220218,20220218,134338000,13:43:38,5736,66481,88762,3806702060,0,0,0
SR207,20220218,20220218,134338500,13:43:38,5736,66481,88762,3806702060,0,0,0
SR207,20220218,20220218,134339000,13:43:55,5736,66481,88762,3806702060,0,0,0
SR207,20220218,20220218,134339500,13:43:55,5736,66481,88762,3806702060,0,0,0
SR207,20220218,20220218,134340000,13:43:57,5736,66481,88762,3806702060,0,0,0
SR207,20220218,20220218,134354500,13:44:04,5736,66481,88762,3806702060,0,0,0
SR207,20220218,20220218,134356500,13:44:04,5736,66481,88762,3806702060,0,0,0
SR207,20220218,20220218,134403000,13:44:04,5736,66481,88762,3806702060,0,0,0
SR207,20220218,20220218,134404500,13:44:05,5737,66571,88784,3811855460,90,22,5153400
SR207,20220218,20220218,134405000,13:44:05,5736,66573,88784,3811969980,2,0,114520
SR207,20220218,20220218,134405500,13:44:06,5736,66574,88784,3812027240,1,0,57260
SR207,20220218,20220218,134406000,13:44:06,5736,66574,88784,3812027240,0,0,0
SR207,20220218,20220218,134406500,13:44:06,5736,66574,88784,3812027240,0,0,0
SR207,20220218,20220218,134407000,13:44:07,5736,66574,88784,3812027240,0,0,0
SR207,20220218,20220218,134407500,13:44:08,5736,66574,88784,3812027240,0,0,0
SR207,20220218,20220218,134408000,13:44:08,5736,66574,88784,3812027240,0,0,0
SR207,20220218,20220218,134408500,13:44:09,5736,66637,88747,3815634620,63,-37,3607380
SR207,20220218,20220218,134409000,13:44:17,5736,66639,88747,3815749140,2,0,114520
SR207,20220218,20220218,134409500,13:44:17,5736,66639,88747,3815749140,0,0,0
SR207,20220218,20220218,134410000,13:44:17,5736,66639,88747,3815749140,0,0,0
SR207,20220218,20220218,134410500,13:44:17,5736,66642,88747,3815920920,3,0,171780
SR207,20220218,20220218,134417000,13:44:17,5736,66642,88747,3815920920,0,0,0
SR207,20220218,20220218,134417500,13:44:18,5736,66659,88757,3816894340,17,10,973420
SR207,20220218,20220218,134418000,13:44:18,5736,66661,88757,3817008860,2,0,114520
SR207,20220218,20220218,134418500,13:44:19,5736,66662,88757,3817066120,1,0,57260
SR207,20220218,20220218,134419500,13:44:23,5736,66662,88757,3817066120,0,0,0
SR207,20220218,20220218,134420500,13:44:23,5736,66667,88757,3817352420,5,0,286300
SR207,20220218,20220218,134423000,13:44:23,5736,66667,88757,3817352420,0,0,0
SR207,20220218,20220218,134423500,13:44:24,5736,66667,88757,3817352420,0,0,0
SR207,20220218,20220218,134425500,13:44:25,5736,66696,88758,3819012960,29,1,1660540
SR207,20220218,20220218,134426000,13:44:26,5736,66698,88758,3819127480,2,0,114520
SR207,20220218,20220218,134426500,13:44:26,5736,66700,88759,3819242000,2,1,114520
SR207,20220218,20220218,134428500,13:44:29,5736,66703,88760,3819413780,3,1,171780
SR207,20220218,20220218,134429000,13:44:31,5736,66703,88760,3819413780,0,0,0
SR207,20220218,20220218,134436000,13:44:37,5736,66703,88760,3819413780,0,0,0
SR207,20220218,20220218,134437500,13:44:38,5736,66703,88760,3819413780,0,0,0
SR207,20220218,20220218,134438000,13:44:38,5736,66703,88760,3819413780,0,0,0
SR207,20220218,20220218,134438500,13:44:39,5736,66718,88768,3820272680,15,8,858900
SR207,20220218,20220218,134439000,13:44:39,5736,66718,88768,3820272680,0,0,0
SR207,20220218,20220218,134439500,13:44:39,5736,66718,88768,3820272680,0,0,0
SR207,20220218,20220218,134441000,13:44:41,5736,66719,88768,3820329940,1,0,57260
SR207,20220218,20220218,134442500,13:44:43,5736,66735,88779,3821246100,16,11,916160
SR207,20220218,20220218,134443000,13:44:43,5736,66737,88779,3821360620,2,0,114520
SR207,20220218,20220218,134443500,13:44:44,5736,66745,88784,3821818700,8,5,458080
SR207,20220218,20220218,134444000,13:44:44,5736,66745,88784,3821818700,0,0,0
SR207,20220218,20220218,134444500,13:44:45,5736,66745,88784,3821818700,0,0,0
SR207,20220218,20220218,134445000,13:44:45,5736,66745,88784,3821818700,0,0,0
SR207,20220218,20220218,134446500,13:44:46,5736,66745,88784,3821818700,0,0,0
SR207,20220218,20220218,134447000,13:44:47,5736,66755,88793,3822391300,10,9,572600
SR207,20220218,20220218,134447500,13:44:47,5736,66755,88793,3822391300,0,0,0
SR207,20220218,20220218,134448000,13:44:48,5736,66755,88793,3822391300,0,0,0
SR207,20220218,20220218,134448500,13:44:48,5736,66756,88793,3822448560,1,0,57260
SR207,20220218,20220218,134449000,13:44:50,5736,66756,88793,3822448560,0,0,0
SR207,20220218,20220218,134449500,13:44:50,5736,66756,88793,3822448560,0,0,0
SR207,20220218,20220218,134450000,13:44:50,5736,66757,88793,3822505820,1,0,57260
SR207,20220218,20220218,134451500,13:44:53,5736,66759,88793,3822620340,2,0,114520
SR207,20220218,20220218,134452000,13:44:53,5736,66760,88793,3822677600,1,0,57260
SR207,20220218,20220218,134452500,13:44:53,5736,66760,88793,3822677600,0,0,0
SR207,20220218,20220218,134453000,13:44:53,5736,66761,88793,3822734860,1,0,57260
SR207,20220218,20220218,134453500,13:44:54,5736,66763,88793,3822849380,2,0,114520
SR207,20220218,20220218,134454500,13:44:55,5736,66763,88793,3822849380,0,0,0
SR207,20220218,20220218,134455000,13:44:55,5736,66763,88793,3822849380,0,0,0
SR207,20220218,20220218,134455500,13:44:56,5736,66763,88793,3822849380,0,0,0
SR207,20220218,20220218,134456000,13:44:56,5736,66764,88794,3822906640,1,1,57260
SR207,20220218,20220218,134457000,13:44:57,5736,66765,88795,3822963900,1,1,57260
SR207,20220218,20220218,134457500,13:44:57,5736,66765,88795,3822963900,0,0,0
SR207,20220218,20220218,134459000,13:44:59,5736,66765,88795,3822963900,0,0,0
SR207,20220218,20220218,134459500,13:44:59,5736,66766,88796,3823021160,1,1,57260
SR207,20220218,20220218,134500000,13:45:00,5736,66767,88796,3823078420,1,0,57260
SR207,20220218,20220218,134501500,13:45:02,5736,66767,88796,3823078420,0,0,0
SR207,20220218,20220218,134502000,13:45:02,5736,66767,88796,3823078420,0,0,0
SR207,20220218,20220218,134502500,13:45:03,5736,66767,88796,3823078420,0,0,0
SR207,20220218,20220218,134503000,13:45:03,5736,66771,88797,3823307460,4,1,229040
SR207,20220218,20220218,134503500,13:45:06,5736,66771,88797,3823307460,0,0,0
SR207,20220218,20220218,134504500,13:45:09,5736,66771,88797,3823307460,0,0,0
SR207,20220218,20220218,134508000,13:45:09,5738,66897,88811,3830522220,126,14,7214760
SR207,20220218,20220218,134508500,13:45:09,5738,66907,88821,3831094820,10,10,572600
SR207,20220218,20220218,134509000,13:45:10,5738,66912,88821,3831381120,5,0,286300
SR207,20220218,20220218,134509500,13:45:10,5738,66912,88821,3831381120,0,0,0
SR207,20220218,20220218,134510000,13:45:10,5738,66920,88821,3831839200,8,0,458080
SR207,20220218,20220218,134510500,13:45:11,5738,66920,88821,3831839200,0,0,0
SR207,20220218,20220218,134511000,13:45:11,5738,66920,88821,3831839200,0,0,0
SR207,20220218,20220218,134511500,13:45:11,5738,66920,88821,3831839200,0,0,0
SR207,20220218,20220218,134512000,13:45:13,5738,66920,88821,3831839200,0,0,0
SR207,20220218,20220218,134512500,13:45:13,5738,66920,88821,3831839200,0,0,0
SR207,20220218,20220218,134513000,13:45:14,5738,66920,88821,3831839200,0,0,0
SR207,20220218,20220218,134515500,13:45:17,5738,66920,88821,3831839200,0,0,0
SR207,20220218,20220218,134516000,13:45:17,5739,66921,88821,3831896460,1,0,57260
SR207,20220218,20220218,134516500,13:45:17,5739,66922,88821,3831953720,1,0,57260
SR207,20220218,20220218,134517000,13:45:20,5739,66922,88821,3831953720,0,0,0
SR207,20220218,20220218,134517500,13:45:20,5739,66922,88821,3831953720,0,0,0
SR207,20220218,20220218,134518000,13:45:21,5739,66922,88821,3831953720,0,0,0
SR207,20220218,20220218,134520500,13:45:23,5738,67032,88797,3838252320,110,-24,6298600
SR207,20220218,20220218,134521000,13:45:23,5738,67042,88798,3838824920,10,1,572600
SR207,20220218,20220218,134523000,13:45:24,5738,67042,88798,3838824920,0,0,0
SR207,20220218,20220218,134524500,13:45:26,5738,67042,88798,3838824920,0,0,0
SR207,20220218,20220218,134525000,13:45:27,5738,67042,88798,3838824920,0,0,0
SR207,20220218,20220218,134525500,13:45:27,5738,67042,88798,3838824920,0,0,0
SR207,20220218,20220218,134526500,13:45:28,5738,67042,88798,3838824920,0,0,0
SR207,20220218,20220218,134527000,13:45:30,5738,67042,88798,3838824920,0,0,0
SR207,20220218,20220218,134529500,13:45:30,5738,67042,88798,3838824920,0,0,0
SR207,20220218,20220218,134530000,13:45:30,5737,67164,88858,3845810640,122,60,6985720
SR207,20220218,20220218,134530500,13:45:31,5737,67164,88858,3845810640,0,0,0
SR207,20220218,20220218,134531000,13:45:31,5737,67164,88858,3845810640,0,0,0
SR207,20220218,20220218,134531500,13:45:32,5737,67164,88858,3845810640,0,0,0
SR207,20220218,20220218,134532000,13:45:33,5737,67164,88858,3845810640,0,0,0
SR207,20220218,20220218,134532500,13:45:33,5737,67164,88858,3845810640,0,0,0
SR207,20220218,20220218,134533000,13:45:33,5737,67164,88858,3845810640,0,0,0
SR207,20220218,20220218,134533500,13:45:35,5736,67169,88857,3846096940,5,-1,286300
SR207,20220218,20220218,134534000,13:45:35,5735,67188,88876,3847184880,19,19,1087940
SR207,20220218,20220218,134534500,13:45:35,5735,67188,88876,3847184880,0,0,0
SR207,20220218,20220218,134535500,13:45:36,5735,67188,88876,3847184880,0,0,0
SR207,20220218,20220218,134536000,13:45:37,5735,67188,88876,3847184880,0,0,0
SR207,20220218,20220218,134536500,13:45:37,5735,67188,88876,3847184880,0,0,0
SR207,20220218,20220218,134537000,13:45:37,5735,67189,88877,3847242140,1,1,57260
SR207,20220218,20220218,134537500,13:45:38,5735,67189,88877,3847242140,0,0,0
SR207,20220218,20220218,134538500,13:45:39,5735,67189,88877,3847242140,0,0,0
SR207,20220218,20220218,134539000,13:45:40,5735,67189,88877,3847242140,0,0,0
SR207,20220218,20220218,134540000,13:45:40,5735,67189,88877,3847242140,0,0,0
SR207,20220218,20220218,134540500,13:45:41,5735,67197,88885,3847700220,8,8,458080
SR207,20220218,20220218,134541000,13:45:41,5735,67271,88926,3851937460,74,41,4237240
SR207,20220218,20220218,134541500,13:45:45,5735,67272,88926,3851994720,1,0,57260
SR207,20220218,20220218,134542000,13:45:45,5735,67272,88926,3851994720,0,0,0
SR207,20220218,20220218,134542500,13:45:46,5735,67275,88926,3852166500,3,0,171780
SR207,20220218,20220218,134543000,13:45:46,5735,67275,88926,3852166500,0,0,0
SR207,20220218,20220218,134545500,13:45:46,5735,67464,88935,3863663280,189,9,11496780
SR207,20220218,20220218,134546000,13:45:47,5735,67464,88935,3863663280,0,0,0
SR207,20220218,20220218,134546500,13:45:47,5735,67466,88935,3863777820,2,0,114540
SR207,20220218,20220218,134547500,13:45:47,5735,67466,88935,3863777820,0,0,0
SR207,20220218,20220218,134548000,13:45:48,5735,67466,88935,3863777820,0,0,0
SR207,20220218,20220218,134548500,13:45:49,5735,67467,88935,3863835090,1,0,57270
SR207,20220218,20220218,134549000,13:45:49,5735,67467,88935,3863835090,0,0,0
SR207,20220218,20220218,134549500,13:45:53,5735,67467,88935,3863835090,0,0,0
SR207,20220218,20220218,134550000,13:45:53,5735,67467,88935,3863835090,0,0,0
SR207,20220218,20220218,134550500,13:45:54,5735,67468,88935,3863892360,1,0,57270
SR207,20220218,20220218,134553500,13:45:54,5735,67468,88935,3863892360,0,0,0
SR207,20220218,20220218,134554000,13:45:55,5736,67477,88935,3864407790,9,0,515430
SR207,20220218,20220218,134554500,13:45:55,5736,67478,88935,3864465060,1,0,57270
SR207,20220218,20220218,134555000,13:45:56,5737,67479,88936,3864522330,1,1,57270
SR207,20220218,20220218,134555500,13:45:57,5737,67479,88936,3864522330,0,0,0
SR207,20220218,20220218,134556000,13:46:00,5737,67479,88936,3864522330,0,0,0
SR207,20220218,20220218,134557000,13:46:01,5737,67479,88936,3864522330,0,0,0
SR207,20220218,20220218,134600000,13:46:01,5736,67481,88936,3864636870,2,0,114540
SR207,20220218,20220218,134600500,13:46:01,5736,67481,88936,3864636870,0,0,0
SR207,20220218,20220218,134601500,13:46:02,5736,67481,88936,3864636870,0,0,0
SR207,20220218,20220218,134602000,13:46:03,5736,67481,88936,3864636870,0,0,0
SR207,20220218,20220218,134603000,13:46:04,5736,67481,88936,3864636870,0,0,0
SR207,20220218,20220218,134603500,13:46:04,5736,67481,88936,3864636870,0,0,0
SR207,20220218,20220218,134604000,13:46:05,5736,67486,88936,3864923220,5,0,286350
SR207,20220218,20220218,134604500,13:46:05,5736,67486,88936,3864923220,0,0,0
SR207,20220218,20220218,134605000,13:46:05,5736,67489,88936,3865095030,3,0,171810
SR207,20220218,20220218,134605500,13:46:06,5736,67489,88936,3865095030,0,0,0
SR207,20220218,20220218,134606000,13:46:06,5736,67502,88933,3865839540,13,-3,744510
SR207,20220218,20220218,134606500,13:46:07,5736,67502,88933,3865839540,0,0,0
SR207,20220218,20220218,134607500,13:46:08,5736,67502,88933,3865839540,0,0,0
SR207,20220218,20220218,134610000,13:46:11,5736,67502,88933,3865839540,0,0,0
SR207,20220218,20220218,134612000,13:46:13,5736,67502,88933,3865839540,0,0,0
SR207,20220218,20220218,134612500,13:46:13,5736,67503,88934,3865896810,1,1,57270
SR207,20220218,20220218,134613000,13:46:13,5736,67503,88934,3865896810,0,0,0
SR207,20220218,20220218,134613500,13:46:14,5736,67513,88924,3866469510,10,-10,572700
SR207,20220218,20220218,134614000,13:46:14,5736,67515,88926,3866584050,2,2,114540
SR207,20220218,20220218,134614500,13:46:15,5736,67518,88926,3866755860,3,0,171810
SR207,20220218,20220218,134615000,13:46:15,5736,67520,88928,3866870400,2,2,114540
SR207,20220218,20220218,134615500,13:46:17,5736,67520,88928,3866870400,0,0,0
SR207,20220218,20220218,134616000,13:46:18,5736,67520,88928,3866870400,0,0,0
SR207,20220218,20220218,134617500,13:46:18,5736,67520,88928,3866870400,0,0,0
SR207,20220218,20220218,134618000,13:46:18,5736,67520,88928,3866870400,0,0,0
SR207,20220218,20220218,134618500,13:46:19,5736,67520,88928,3866870400,0,0,0
SR207,20220218,20220218,134619500,13:46:19,5736,67520,88928,3866870400,0,0,0
SR207,20220218,20220218,134620000,13:46:20,5736,67520,88928,3866870400,0,0,0
SR207,20220218,20220218,134622000,13:46:30,5736,67520,88928,3866870400,0,0,0
SR207,20220218,20220218,134622500,13:46:30,5736,67520,88928,3866870400,0,0,0
SR207,20220218,20220218,134630000,13:46:31,5736,67520,88928,3866870400,0,0,0
SR207,20220218,20220218,134632000,13:46:32,5736,67520,88928,3866870400,0,0,0
SR207,20220218,20220218,134632500,13:46:33,5736,67520,88928,3866870400,0,0,0
SR207,20220218,20220218,134633000,13:46:33,5736,67520,88928,3866870400,0,0,0
SR207,20220218,20220218,134633500,13:46:33,5736,67520,88928,3866870400,0,0,0
SR207,20220218,20220218,134634000,13:46:34,5736,67520,88928,3866870400,0,0,0
SR207,20220218,20220218,134635500,13:46:36,5736,67520,88928,3866870400,0,0,0
SR207,20220218,20220218,134636000,13:46:37,5736,67520,88928,3866870400,0,0,0
SR207,20220218,20220218,134636500,13:46:37,5736,67522,88928,3866984940,2,0,114540
SR207,20220218,20220218,134637000,13:46:37,5736,67523,88929,3867042210,1,1,57270
SR207,20220218,20220218,134637500,13:46:38,5736,67523,88929,3867042210,0,0,0
SR207,20220218,20220218,134638500,13:46:39,5736,67523,88929,3867042210,0,0,0
SR207,20220218,20220218,134639000,13:46:39,5736,67523,88929,3867042210,0,0,0
SR207,20220218,20220218,134639500,13:46:40,5736,67523,88929,3867042210,0,0,0
SR207,20220218,20220218,134640000,13:46:42,5736,67523,88929,3867042210,0,0,0
SR207,20220218,20220218,134640500,13:46:42,5736,67523,88929,3867042210,0,0,0
SR207,20220218,20220218,134641000,13:46:42,5736,67523,88929,3867042210,0,0,0
SR207,20220218,20220218,134641500,13:46:43,5736,67523,88929,3867042210,0,0,0
SR207,20220218,20220218,134642500,13:46:43,5736,67523,88929,3867042210,0,0,0
SR207,20220218,20220218,134643000,13:46:43,5735,67524,88929,3867099480,1,0,57270
SR207,20220218,20220218,134644000,13:46:47,5735,67525,88929,3867156750,1,0,57270
SR207,20220218,20220218,134644500,13:46:47,5735,67525,88929,3867156750,0,0,0
SR207,20220218,20220218,134645000,13:46:47,5735,67525,88929,3867156750,0,0,0
SR207,20220218,20220218,134647500,13:46:47,5735,67535,88929,3867729450,10,0,572700
SR207,20220218,20220218,134648000,13:46:48,5735,67668,88970,3875346360,133,41,7616910
